3878 6098
113 301 179 360 865
680 300 810 365 MISSAE
832 300 1064 364 GALLIGANAE
1085 302 1273 367 UNDEGIM.
1768 317 1827 377 866

109 433 191 491 bono
204 435 241 489 22
255 431 306 506 qui
331 431 417 490 uiues
431 436 581 506 et'reguas
596 448 663 491 cum
680 439 762 508 patre
786 440 816 494 et
839 435 944 510 spiritu
960 436 988 503 Α
1002 435 1085 493 deus.
1102 437 1241 495 omnibus
1255 436 1338 496 locis.
1353 437 1551 512 omnibusque
1570 443 1761 516 temporibus.
1778 464 1829 521 per

108 526 216 580 saucto
230 522 261 578 iu
276 521 377 580 secula
392 521 571 593 seculorum,
587 540 684 581 amen.
1001 525 1101 582 omnia
1116 530 1267 584 momenta
1287 544 1470 585 ueneremur.
1482 528 1535 584 tibi
1551 530 1699 603 supplices
1723 535 1827 593 simus.

147 604 473 685 (postcommunionem.)
488 611 612 686 Spiritu·
628 615 633 683 )
649 611 672 668 li
688 629 755 671 esca
780 615 949 686 haustuque
1002 613 1054 669 tibi
1071 615 1237 671 deseramus
1251 617 1364 689 praecis
1375 617 1441 690 (33),
1454 622 1481 674 te
1491 617 1561 675 totis
1572 618 1675 677 stodiis
1686 626 1715 677 et
1725 623 1830 679 ellecti-

109 698 236 758 recreati
245 702 304 772 (23)
313 699 547 774 omnipotentem
555 701 644 758 deum
654 707 767 776 patrem
776 703 874 760 debita
885 719 949 777 gra-
1002 702 1058 760 bus
1070 705 1125 776 (31)
1136 706 1304 762 adoremus.
1317 707 1391 762 deus
1401 707 1452 779 qui
1463 707 1542 764 ultra
1551 710 1691 767 omnibus
1701 711 1756 783 (35)
1770 712 1829 770 uir·

107 789 223 847 tiaram
240 789 354 846 actione
378 806 539 847 uaeramur
564 807 618 864 por
632 792 787 849 dominum
811 797 947 848 nostrum
1002 791 1084 851 tutis.
1102 793 1179 851 ultra
1193 795 1289 853 omnis
1304 811 1337 852 es
1351 797 1515 867 potestatis.
1531 798 1608 854 deux
1623 799 1830 859 uniuersorum

110 879 239 936 ihesum
252 878 404 935 Christum
429 878 523 936 tilium
544 897 632 936 auum
655 881 804 938 uiuentem
826 897 947 938 maneu-
1002 882 1514 958 arbiter.judexsecretorumqaem
1524 886 1595 943 caeli
1607 892 1831 963 etterra.quem

108 973 234 1043 tamque
249 985 350 1025 secum
367 985 436 1024 cum
459 967 565 1042 spiritu
586 974 688 1027 sancto
704 971 733 1028 iu
749 975 869 1027 aeterua
884 987 947 1028 sae·
1003 972 1099 1046 angeli
1117 976 1121 1043 Ι
1137 977 1167 1029 et
1178 972 1448 1048 archangeliquem
1459 973 1556 1030 throni
1570 976 1829 1036 etdozuinatiouis.

109 1055 183 1114 cula
197 1056 393 1114 saeculorum.
411 1073 507 1114 amcu.
1002 1077 1091 1133 quem
1107 1061 1260 1118 cherubin.
1272 1067 1301 1118 et
1315 1063 1431 1118 seratin.
1449 1063 1618 1121 incessabili
1634 1083 1705 1123 uoce
1718 1068 1831 1140 procla-

148 1147 306 1217 (cottectio.)
318 1147 428 1204 Exaudi
444 1164 498 1205 uus
521 1152 596 1205 Deus
611 1153 694 1222 pater
718 1150 905 1223 omnipotens
920 1154 949 1206 et
1003 1154 1086 1207 mant
1100 1151 1241 1208 diceutes.
1258 1152 1309 1209 SS.
1322 1137 1400 1210 868.
1415 1137 1468 1210 88.
1830 1146 1860 1183 *⁴

111 1242 233 1310 praesta
252 1254 328 1310 quae
348 1238 477 1312 petimus
492 1255 544 1312 per
558 1239 712 1295 dominum
729 1240 852 1297 ihesum
864 1240 947 1296 Chri·
1037 1241 1361 1313 (contractiosslignum
1381 1246 1409 1297 et
1425 1240 1832 1318 iustumest.nostibigratias

110 1330 195 1382 stum
211 1325 304 1382 lilium
320 1331 405 1383 taum
421 1327 471 1399 qui
487 1327 570 1383 uiuet
580 1326 636 1401 (21)
648 1334 751 1402 regnat
763 1330 835 1385 deus
846 1329 874 1384 iu
887 1346 949 1385 sae·
1002 1345 1087 1402 agere
1102 1329 1220 1386 domiue
1235 1328 1308 1386 deus
1323 1348 1376 1404 per
1389 1318 1463 1403 ΧῙιῖἶι
1479 1319 1548 1389 ihm
1563 1331 1656 1389 sslium
1672 1337 1768 1390 tuum.
1778 1351 1832 1408 qui

111 1414 183 1471 cula
196 1414 363 1472 seculorum
379 1416 447 1488 (25).
1001 1435 1070 1474 cum
1080 1419 1555 1478 deusessetaetaruus.homoticri
1566 1439 1619 1495 pro
1628 1426 1728 1479 nostra
1734 1423 1829 1480 saluts

148 1504 333 1578 (benedictio.)
345 1504 388 1562 Sit
402 1504 521 1561 domine
534 1506 690 1563 meseratio
701 1510 752 1563 tua
761 1507 852 1581 digna
861 1507 947 1564 mise·
1002 1506 1140 1581 dignatus
1152 1514 1206 1563 est.
1218 1507 1335 1564 Ounice
1350 1509 1510 1582 singulare.
1522 1514 1552 1566 et
1563 1509 1716 1583 multiplex
1730 1511 1827 1568 salua-

112 1593 243 1650 ricordia
261 1611 318 1651 uox
333 1597 486 1668 petentum
509 1598 636 1652 cunctus
647 1597 703 1669 (26)
720 1599 725 1667 Ι
741 1595 901 1670 respiciens
912 1598 946 1669 ju
1001 1596 1074 1653 toris
1090 1596 1183 1654 nostri
1199 1596 1382 1670 mysterium.
1394 1615 1463 1654 nam
1482 1616 1558 1656 unus
1572 1599 1708 1671 idemque
1719 1600 1829 1657 etdeas

112 1680 252 1756 singulus
266 1699 325 1739 aon
341 1682 474 1757 repelles.
491 1683 547 1740 boc
570 1685 706 1741 uotiuum
727 1686 812 1742 nobis
827 1685 946 1742 iaciens.
1002 1701 1138 1743 summus
1154 1689 1284 1741 ethome
1299 1687 1455 1759 perlectae,
1472 1687 1477 1759 )
1494 1687 1831 1760 etpoutiteamaximus.

111 1771 195 1844 quod
213 1771 411 1829 necessarium
432 1789 496 1830 esse
519 1789 692 1846 cognusces,
708 1791 744 1830 ne
760 1774 833 1832 aliut
847 1780 948 1831 nostra
963 1807 987 1872 B
1003 1780 1032 1831 et
1047 1774 1183 1830 sacrificii
1200 1775 1446 1839 sacratissimum.
1459 1777 1623 1832 secundum
1636 1775 1770 1834 diuinam
1787 1792 1836 1848 po·

114 1860 345 1934 intemperentia
359 1861 477 1918 studeat
500 1867 607 1936 petere.
625 1881 715 1937 quam
737 1869 789 1920 tua
803 1864 949 1938 praesciat
1003 1862 1127 1919 tentiam
1140 1863 1541 1920 creavitomnia.secundum
1557 1863 1719 1920 humanam
1730 1865 1836 1920 condi·

113 1951 250 2024 potentia
264 1951 433 2010 conuenire.
451 1969 479 2025 p.
496 1953 525 2009 d.
1004 1953 1114 2008 tionem
1125 1951 1490 2025 liberabit(36)bominem.
1500 1953 1662 2009 monadum
1671 1952 1733 2009 uim
1744 1953 1834 2010 sacri-

435 2041 564 2114 (111881
586 2042 633 2112 ll.)
839 2070 844 2075 ·
1005 2040 1063 2098 ficii
1078 2040 1207 2113 expiauit
1222 2039 1444 2097 conmaculatus
1458 2042 1525 2113 (37).
1543 2042 1706 2098 secundum
1720 2043 1772 2113 jus
1787 2058 1835 2098 sa-

155 2130 553 2202 (collectio.)lleuml1delium
568 2131 949 2202 saluatorem,couseruato·
1004 2131 1131 2187 cerdocii
1148 2129 1349 2186 reconciliauit
1364 2131 1503 2187 oileusus.
1518 2131 1541 2186 Ο
1556 2130 1641 2187 unice
1656 2130 1834 2203 redemptio·

114 2235 240 2292 remque
263 2220 461 2286 credentium,
476 2222 564 2277 doum
581 2226 706 2278 aeterne.
719 2223 950 2280 immortalitatis
1005 2221 1061 2278 nis.
1074 2220 1248 2294 mysterium
1266 2218 1425 2294 singulare.
1443 2220 1472 2275 iu
1487 2236 1546 2292 qao
1566 2223 1683 2276 uetusta
1699 2219 1750 2275 illa
1769 2219 1834 2275 uul-

113 2312 277 2364 auctorcm.
296 2308 403 2364 tratres
429 2309 624 2365 dilectissimi.
643 2311 831 2367 unianimiter
855 2312 949 2366 domi·
1004 2326 1085 2366 nera.
1099 2325 1172 2365 nova
1188 2309 1307 2365 domino
1322 2309 1378 2380 (38)
1390 2308 1535 2366 medicina
1554 2309 1680 2364 sanauit.
1696 2313 1726 2364 ct
1747 2307 1835 2381 primi

119 2414 194 2453 num
211 2398 428 2469 depraecemur.
442 2402 474 2453 ut
489 2399 573 2454 uobis
591 2400 706 2471 pietatis
719 2418 790 2457 suae
800 2401 877 2457 douo
888 2401 950 2473 spi·
1004 2397 1134 2454 hominis
1149 2398 1294 2469 praeiudi·
1311 2400 1315 2466 Ι
1332 2396 1387 2451 eia.
1404 2395 1548 2452 salutares
1560 2397 1652 2452 nostri
1665 2397 1836 2470 praeuiligia

117 2486 198 2542 ritali
215 2489 221 2556 Ι
239 2487 469 2543 misericordiam
491 2489 693 2546 indeficienter
709 2490 860 2563 imperciat
875 2508 903 2563 p.
920 2490 950 2547 d.
1006 2489 1189 2544 resciderunt
1200 2485 1247 2541 ille
1258 2485 1513 2558 concupiscentiae
1523 2486 1688 2558 exagitatus
1698 2485 1834 2542 stimolis.

154 2576 289 2645 (milectio
304 2586 368 2632 ante
379 2579 516 2646 nornine.)
528 2584 604 2635 berre
626 2580 675 2651 qui
697 2597 749 2652 pro
770 2580 951 2653 magnitudi-
1005 2576 1053 2633 hic
1067 2575 1410 2642 oboedientiae,cuufixus
1420 2579 1466 2631 est
1476 2575 1579 2631 clauis.
1590 2574 1639 2630 iile
1650 2574 1685 2630 ad
1702 2575 1836 2631 arborem

119 2681 190 2722 uem
202 2669 283 2721 tuam
295 2681 346 2738 per
357 2666 951 2742 uniuersadellunderisetubi(27)temen
1007 2683 1115 2722 uranus
1131 2665 1349 2721 incontinenter
1368 2663 1507 2720 extendit.
1524 2665 1579 2719 iste
1597 2663 1633 2720 ad
1653 2679 1769 2720 crucem
1785 2682 1835 2738 pa·

119 2758 203 2811 totus
227 2753 358 2813 adsistis.
384 2755 539 2812 discriteus
561 2757 616 2830 (28)
635 2757 768 2814 omnium
790 2757 955 2814 uoluntatis
1006 2752 1837 2826 cienterabtauit,illouoluptateinlecitusgustusesple·

121 2843 323 2916 qualitatebus
334 2843 406 2901 loeis
417 2845 600 2919 temporibus
611 2847 708 2920 adque
719 2847 861 2920 personis.
874 2851 954 2904 uoto
1007 2845 1059 2902 bit.
1072 2845 1128 2900 iste
1143 2843 1275 2899 cruciatu
1291 2841 1423 2898 indebito
1438 2842 1552 2899 dolores
1561 2842 1618 2915 (39)
1639 2842 1765 2898 sillictus
1780 2845 1835 2899 est.

123 2948 192 2988 rum
216 2932 350 2988 omnium
374 2949 474 3007 capax.
487 2933 669 3007 propiciatas
693 2935 809 2992 exaudi.
821 2935 893 2993 dum
917 2937 953 2992 ad
1007 2935 1073 2991 ideo
1090 2931 1193 2990 merito
1217 2948 1311 3006 poena
1334 2930 1517 2989 innocentiae
1532 2932 1609 2988 lucta
1631 2934 1676 2987 est
1691 2930 1836 2988 absolutio

123 3024 250 3078 cunctus
260 3021 395 3096 adspices
411 3023 493 3080 foues
504 3024 712 3097 (29)omaebus
722 3025 881 3082 misereris.
891 3027 953 3097 p.d.
1008 3023 1243 3094 debetoresjurc.
1253 3021 1487 3078 etenimobnoxii
1499 3021 1801 3078 demittunturdobita
1816 3024 1822 3092 1

160 3111 373 3184 (pmtnomiaa.)
381 3111 510 3168 Recitata
522 3113 643 3169 nomina
652 3113 791 3170 dominus
801 3113 954 3170 benedicat
1008 3130 1083 3187 quae
1098 3129 1151 3185 pra
1166 3111 1207 3168 eis
1228 3110 1276 3167 ille
1291 3110 1341 3184 qui
1358 3109 1431 3167 nibil
1456 3109 1582 3167 habebat
1606 3110 1743 3168 absoluit.
1758 3110 1836 3184 quod

122 3204 154 3256 et
169 3203 283 3273 accept·
297 3203 302 3271 Ι
318 3203 348 3256 ta
358 3200 397 3257 sit
411 3201 531 3258 domiuo
547 3202 589 3258 uti
605 3202 694 3258 buius
706 3202 825 3260 oblatio.
847 3204 953 3260 nostri·
968 3173 991 3242 C
1008 3201 1158 3274 singulare
1180 3199 1355 3274 mystirium.
1368 3216 1427 3255 uon
1438 3198 1535 3255 solum
1547 3198 1682 3256 homiues
1695 3198 1725 3254 in
1740 3198 1835 3256 terris.

122 3305 199 3362 aque
224 3289 385 3365 praecebus
408 3291 580 3349 intercessio
595 3291 782 3366 suffragetur.
803 3291 955 3367 spiritibus
1010 3307 1115 3348 uerum
1143 3289 1243 3346 etiam.
1273 3288 1369 3362 angeli
1396 3293 1578 3344 uenerantur
1605 3288 1635 3343 in
1663 3286 1761 3343 caelis.
1790 3286 1837 3343 oui

123 3379 955 3454 quoquelraroramnostrorumlaetissedibusconquiis·
1010 3397 1057 3437 me
1073 3379 1139 3454 (10).
1914 3447 1922 3456 “

121 3473 202 3524 cant.
215 3471 244 3524 et
253 3467 341 3541 primi
352 3468 409 3541 (30)
421 3468 643 3526 resurrectionis
655 3471 764 3544 gaudia
774 3486 954 3544 cousequan-
1046 3470 1114 3544 (port
1128 3469 1261 3537 sanctos.)
1271 3465 1345 3522 Uere
1364 3471 1494 3522 sauctus.
1510 3481 1579 3521 uere
1600 3465 1770 3521 benedictus
1781 3465 1836 3521 do·
1854 3488 1884 3514 ι,

119 3560 180 3613 tur.
199 3573 229 3630 p.
245 3557 275 3614 d.
292 3541 355 3615 n'ffr.
1010 3558 1110 3616 miuus
1126 3563 1225 3615 noster
1239 3557 1293 3614 ihs
1308 3542 1462 3629 Xpsirlius
1477 3559 1549 3612 tuus
1564 3552 1632 3624 (11).
1646 3554 1696 3627 qui
1712 3553 1817 3627 pridie.

156 3645 206 3714 (ad
217 3650 336 3718 pacata).
348 3647 457 3704 Exaudi
470 3663 523 3704 nos
537 3647 609 3704 dous
621 3648 765 3706 salutares
776 3650 833 3720 (31)
844 3653 953 3706 nostor.
1045 3651 1116 3721 (port
1127 3648 1311 3721 mysterium.)
1322 3645 1438 3703 Domini
1451 3660 1484 3699 ac
1497 3643 1543 3699 dei
1558 3641 1650 3700 nostri
1665 3643 1837 3716 sempiterni

120 3739 150 3792 et
162 3735 193 3791 ia
203 3736 354 3793 consortio
365 3754 418 3794 nos
428 3738 600 3794 diuinorum
611 3737 823 3795 sacrificiorum
834 3737 955 3812 dignan-
1010 3737 1132 3812 gloriam
1153 3738 1370 3810 depraecemur.
1387 3733 1499 3791 orantis
1519 3733 1564 3801 12)
1580 3732 1620 3788 uti
1645 3731 1701 3788 boc
1725 3733 1836 3788 sacriti-

122 3828 172 3880 tur
187 3823 321 3882 admitte.
339 3825 393 3882 hac
406 3827 465 3898 (32)
481 3843 583 3899 pacem
600 3831 681 3883 tuam
705 3826 851 3901 benignus
864 3827 955 3901 largi·
1011 3826 1088 3883 cium
1103 3828 1155 3882 tua
1168 3824 1380 3881 benedictione.
1392 3820 1562 3879 benedictas
1572 3824 1600 3878 et
1611 3821 1704 3877 sancti
1715 3820 1837 3894 spiritus

122 3929 163 3970 re.
181 3931 212 3987 p.
228 3914 259 3968 d.
1010 3915 1053 3972 tui
1069 3932 1133 3971 roro
1144 3913 1312 3988 perfundas.
1326 3917 1359 3968 ut
1371 3909 1582 3983 accipientibus
1593 3909 1749 3966 uniuersis.
1766 3909 1837 3984 legi·

160 4003 353 4076 (contemto.)
379 4005 505 4078 Dignum
528 4009 557 4062 et
579 4005 691 4063 iustum
717 4008 770 4062 est.
794 4023 904 4080 equum
928 4010 957 4063 et
1009 4005 1082 4062 tima
1091 4005 1131 4061 sit
1145 4000 1328 4059 eucharestia
1339 4002 1395 4074 (13)
1405 4018 1457 4074 per
1470 3984 1539 4059 thir]
1554 4000 1627 4073 Xpm
1644 3997 1737 4056 tilium
1754 4003 1838 4057 tuum

122 4096 238 4160 iustum
252 4096 297 4149 cst
311 4097 344 4149 ut
358 4097 386 4150 ta
408 4099 507 4152 sancte
533 4099 615 4169 pater
638 4095 825 4168 omnipotens
850 4099 956 4153 aterne
1010 4095 1098 4152 deum
1114 4109 1147 4149 ac
1160 4091 1313 4148 dominum
1327 4094 1623 4163 conseruatoremque
1633 4093 1778 4145 nostrum.
1790 4088 1838 4145 cui

158 4217 219 4288 (22)
235 4216 385 4287 Mabillon‚
407 4218 470 4286 192,
493 4219 582 4276 libera
605 4236 654 4277 nos
674 4221 710 4276 ab
734 4221 811 4275 omni
832 4220 917 4288 mato,
932 4229 960 4277 et
1049 4220 1104 4291 (31)
1118 4216 1176 4274 lloc
1191 4220 1236 4272 est
1249 4216 1392 4272 saluteris.

122 4287 232 4344 cristodt
244 4305 295 4344 nor
310 4291 340 4344 in
353 4292 429 4346 mani
450 4307 529 4374 opere
554 4292 631 4348 imao.
649 4291 680 4346 P.
698 4291 759 4353 189,
775 4292 862 4347 libera
876 4308 925 4348 nor
939 4309 959 4349 a
1048 4291 1114 4358 (32).
1132 4291 1216 4346 lianc.
1228 4287 1378 4343 Omissum
1394 4290 1439 4344 cst
1454 4283 1659 4343 abreviatiouis
1674 4284 1804 4357 signum.

122 4360 196 4416 mato
211 4366 239 4415 et
262 4360 367 4416 metodi
390 4378 437 4418 nos
462 4378 491 4417 m
517 4363 594 4419 bono.
612 4362 655 4417 cf.
672 4379 722 4436 pp.
736 4364 800 4430 291,
815 4363 868 4418 297
883 4363 957 4419 Con·
1058 4362 1093 4417 33
1118 4361 1177 4417 Hoc
1192 4363 1238 4415 est
1249 4376 1351 4431 preces.

123 4431 222 4486 stitut.
248 4430 371 4503 apostol.
396 4449 457 4498 vui,
479 4435 663 4504 &anthari
678 4442 741 4497 ὅπως
763 4439 998 4508 ἀποστραφὲψιεςι)
1059 4433 1093 4489 31
1119 4430 1272 4505 effectibus.

121 4514 172 4557 πᾶν
197 4509 273 4574 iprae
296 4510 420 4585 idipso-e,
445 4511 649 4577 πρησηιιιιωθῶσι
671 4515 739 4576 πέτῃ
761 4514 847 4578 πράξει
867 4514 956 4578 ἀγαθῇ.
1058 4504 1094 4560 35
1119 4504 1224 4561 Omnes.
1514 4569 1519 4580 Ι
1622 4567 1627 4579 .
1811 4570 1814 4577 Ι

124 4573 217 4629 Missa
237 4574 266 4628 S.
285 4572 384 4630 Basilii
404 4592 451 4647 ap.
468 4576 554 4642 Goar,
571 4576 629 4632 Rit.
645 4577 746 4633 Graec.
762 4594 791 4649 p.
809 4578 860 4633 118
876 4594 883 4632 :
898 4590 957 4640 'aaa
1048 4576 1093 4648 (36
1119 4575 1169 4631 Est
1184 4578 1301 4644 tempus
1333 4571 1484 4636 erisctum,
1496 4567 1835 4640 arautetrulraeepiebrt.

123 4653 215 4707 παντὸς
223 4651 295 4726 {peon
304 4657 414 4728 πονηροῦ
427 4653 552 4715 ἀπόστηον
560 4656 633 4704 παντί
642 4655 668 4705 δέ
678 4653 741 4721 leti
748 4654 831 4722 ἀγαθῷ
838 4657 957 4722 σύναψον.
1047 4649 1092 4713 (37
1120 4647 1169 4701 lust
1183 4660 1280 4728 accus.
1295 4589 1385 4716 pium,
1402 4641 1478 4696 sicut
1492 4645 1521 4696 ei
1536 4639 1664 4713 offensus.

126 4714 206 4770 sxa
228 4719 276 4770 tat.
293 4716 444 4773 ad'lrtum
461 4735 500 4784 ιιι,
518 4720 543 4773 1.
1048 4718 1092 4792 (38
1120 4721 1242 4773 Domana.

161 4732 387 4856 (taihundon,
404 4789 465 4854 190,
486 4789 587 4845 corbati
608 4789 667 4847 cibo
689 4798 808 4874 potaque
832 4792 956 4847 recreati.
1047 4789 1104 4858 (39)
1121 4788 1179 4843 lice
1194 4789 1239 4841 est
1253 4783 1365 4853 doloris,
1382 4783 1458 4838 sicut
1472 4780 1548 4838 intra
1562 4781 1707 4867 debetores.

125 4858 191 4984 {g}
207 4860 302 4941 retecti
309 4861 461 4986 ²spirituali
479 4862 539 4917 cibo
553 4868 579 4917 et
593 4862 693 4917 coetestt
706 4863 802 4935 poculo
824 4864 956 4935 reparati.
1010 4861 1103 4986 2⁰gill)
1118 4859 1192 4914 'lota
1206 4854 1339 4913 clausula
1353 4861 1398 4911 est
1413 4859 1441 4910 et
1455 4855 1534 4927 apud
1550 4854 1672 4922 blabrlh,
1685 4867 1750 4926 pag.
1769 4851 1836 4906 195-

242 4938 331 4986 mtct
351 4947 383 4986 us
415 4933 471 4987 aeti
556 4935 584 4991 “.
1068 4974 1074 4986 .

164 4944 288 5072 (ilipllst
311 4948 429 5075 tempis
453 4933 593 5076 prm,
611 5005 688 5061 sicut
701 5008 730 5061 et
743 5006 826 5072 ciues,
842 5003 879 5062 ad
895 5020 957 5060 mo·
1049 5002 1104 5084 (11)
1120 5000 1188 5056 Post
1201 5007 1311 5056 sanctas
1333 4996 1467 5077 sequitur
1479 4997 1509 5054 iu
1524 4996 1646 5054 Constit.
1663 4999 1756 5067 apost.
1772 5010 1835 5061 vm,

130 5071 204 5127 dum
219 5069 327 5145 lingua
343 5073 469 5130 rustica.
1013 5074 1057 5141 12,
1073 5069 1180 5129 similis
1194 5070 1297 5136 oratio,
1314 5070 1399 5143 cujus
1414 5068 1533 5126 initium
1549 5068 1603 5125 boc
1618 5070 1681 5124 est:
1697 5077 1778 5137 Ἄγιος
1789 5075 1837 5138 γὰρ

174 5142 224 5210 25)
238 5142 348 5200 Eadem
363 5144 456 5202 oratio
470 5144 501 5201 in
517 5145 609 5204 missa
621 5147 640 5203 6
654 5146 788 5202 habetur.
1012 5150 1236 5212 εῐώςᾰληθῶς-σού
1247 5149 1313 5206 nat<
1323 5149 1358 5199 tlt
1376 5148 1487 5212 artum
1496 5147 1603 5204 miset<
1614 5143 1720 5219 Ιησοῷςὸ
1765 5142 1836 5200 mdc.

175 5213 212 5269 26
237 5212 297 5271 Hoc
311 5219 357 5272 est
370 5224 489 5275 canoas.
1012 5215 1054 5273 Gt.
1086 5214 1209 5272 missam
1238 5214 1268 5270 S.
1298 5213 1364 5270 Basi
1377 5211 1397 5268 ii
1426 5212 1503 5284 apud
1523 5210 1617 5295 ‚Goan
1647 5209 1704 5264 litt.
1730 5160 1835 5271 iprae„

164 5285 211 5353 (27
238 5285 378 5343 blandum
395 5288 595 5346 amanuensis.
609 5291 678 5364 Leg.
695 5289 806 5363 abique.
1012 5304 1042 5360 p.
1059 5289 1120 5356 112,
1149 5291 1178 5343 et
1200 5285 1351 5358 liturgiam
1376 5284 1405 5340 S.
1430 5281 1531 5340 Jacobs
1558 5298 1604 5354 ap.
1625 5278 1789 5346 Rensudot,
1806 5293 1836 5345 ιι,

175 5357 212 5412 28
237 5355 297 5414 iloc
311 5363 356 5415 est
371 5357 524 5417 discretius.
1011 5361 1058 5416 31.

173 5426 212 5483 29
236 5429 329 5485 Faces.
1049 5431 1107 5503 (12)
1122 5430 1173 5486 list
1187 5444 1267 5484 uom.
1303 5425 1360 5483 lur.

163 5499 212 5568 (30
237 5500 440 5566 pernectare
452 5503 527 5575 apud
545 5502 732 5569 11ηηί11292,
745 5505 775 5558 in
787 5505 880 5576 poma
894 5522 959 5560 uno·
1048 5500 1296 5629 (13ὲ9ξιιηὴηνίιιὲη
1310 5498 1431 5580 lepitana
1450 5495 1537 5578 etiam
1553 5494 1631 5569 apud
1648 5491 1837 5575 Masillam,

127 5571 621 5639 smintmeanctisetelectistaisr
642 5592 671 5648 p.
687 5573 750 5642 299,
766 5577 795 5630 ia
808 5578 900 5648 prima
917 5593 960 5632 re·
1012 5574 1100 5641 251,·
1149 5572 1215 5627 .lta
1242 5586 1272 5624 ru
1292 5569 1423 5652 ,missal
1447 5571 1475 5623 et
1499 5583 1529 5622 ιη
1542 5567 1571 5635 5,
1585 5582 1652 5624 cum
1682 5564 1837 5641 predicato

127 5644 300 5704 surrectione
311 5646 401 5721 Apoc.
417 5661 464 5718 xx,
480 5647 512 5719 53
529 5646 542 5704 l
557 5647 661 5706 Thess.
678 5662 717 5718 ιν,
734 5647 776 5704 16.
1013 5659 1096 5716 ceree,
1109 5657 1201 5721 poree,
1218 5642 1360 5714 aeterna.
