3878 6098
177 309 238 372 395
603 305 772 367 APPICND.
795 304 846 365 Ab
869 305 965 366 SAEC.
987 305 1026 365 x.
1043 337 1082 348 -
1097 303 1227 365 uruat
1249 322 1445 370 leuauerant.
1822 302 1884 362 396

178 440 344 514 Manncque
360 458 366 496 :
385 457 436 497 seu
451 439 547 513 pluvio
563 439 728 496 funduntur
742 439 777 494 ab
787 437 893 495 aethere
909 436 1001 494 nimbi
1015 438 1043 506 Α
1057 437 1092 492 Ut
1106 453 1250 494 concussa
1264 437 1364 493 tremit
1377 441 1438 492 tam
1453 439 1535 491 vasto
1551 435 1678 507 pondere
1693 432 1792 490 tellus.

177 530 215 587 Ut
229 528 382 604 populum,
399 528 523 585 mirante
534 528 611 602 polo,
625 527 750 584 nutriret
766 527 928 594 Hebraeum,
1092 527 1174 581 Tunc
1184 525 1296 583 aditum
1309 527 1437 582 subeunt
1445 523 1555 598 perfusi
1566 522 1699 580 membra
1715 539 1828 591 cruore,

176 622 230 676 Per
244 618 357 676 steriles
372 635 491 692 campos
506 619 678 691 desertaque
692 634 760 673 rura
773 619 939 690 vagantem.
1057 615 1220 688 Praedaeque
1235 614 1359 672 accincti
1374 630 1526 670 sacrorum
1542 612 1662 680 fereula,
1676 629 1776 686 gazas,

176 709 223 765 Sic
239 725 294 765 sua
308 707 496 765 Cemmeticis
511 707 636 781 largitus
649 708 726 764 dena
741 704 853 761 colonis
1056 701 1883 777 Quotquoterant,adimunt;necahullacladeqniescunt,

177 797 264 869 Fecit,
281 801 314 852 ut
327 796 425 853 invitis
442 801 550 853 natura
566 795 680 869 legibus
695 794 764 851 olim
1056 797 1152 850 Donec
1167 792 1305 862 claustra,
1324 794 1438 861 domos,
1455 807 1612 864 sacrasque
1626 809 1643 848 a
1658 790 1779 847 sedibus
1791 791 1867 848 ades

174 887 358 959 Asperaque
373 886 478 956 luerat,
494 886 575 942 heret
590 884 755 941 cultissima
770 899 906 940 eremus:
1056 882 1177 939 Eversas
1191 883 1309 939 videant
1323 882 1435 938 medios
1450 881 1600 938 considere
1616 879 1645 935 in
1660 880 1754 952 ignes.

175 973 924 1121 ttlttttttttttttttttlttttttt2.
1189 1024 1235 1080 u
1255 1023 1417 1080 uranu
1439 1020 1751 1080 suerranum.

1083 1150 1206 1224 ,Interea
1221 1155 1339 1205 eentum
1356 1148 1468 1205 vicibus
1484 1147 1528 1204 sol
1543 1146 1666 1220 contIgit
1681 1148 1783 1203 orbem

256 1205 484 1263 DESTRUC'HO
504 1205 667 1262 EJUSDEM
688 1203 920 1261 MONASTERH'
1058 1238 1193 1311 Lanigeri
1208 1243 1237 1294 et
1252 1237 1342 1293 Libra
1359 1238 1499 1294 :tandem
1515 1234 1686 1292 cedentibus
1701 1235 1804 1301 armis,

213 1331 320 1386 Lustra
335 1336 398 1386 octo
415 1330 536 1385 totidem
550 1328 679 1385 labentia
694 1328 800 1384 saecula
816 1345 903 1384 cursu
1058 1327 1140 1382 Pacis
1156 1326 1276 1383 alumna
1291 1326 1377 1383 Ceres
1392 1325 1494 1382 Martis
1509 1323 1690 1397 compescuit
1705 1323 1776 1380 iras.

175 1420 262 1475 Astra
277 1421 468 1491 penetrarunt
482 1422 549 1490 post
563 1416 742 1473 incunabula
755 1415 861 1472 Christi
879 1433 886 1470 τ
1057 1415 1193 1472 Protinus
1208 1416 1318 1490 refugis
1334 1416 1391 1471 duo
1406 1415 1505 1471 Patres
1520 1413 1649 1470 claustra
1663 1412 1836 1485 relinquunt

177 1506 292 1579 Belgica
307 1507 378 1562 dum
393 1505 492 1562 Getico
508 1507 685 1561 Francorum
702 1504 799 1561 littora
815 1503 901 1569 bello,
1057 1505 1259 1579 Haspreadum
1285 1509 1478 1578 repetuntque
1503 1520 1591 1559 suum
1618 1501 1734 1575 pietatis
1750 1498 1885 1574 asylum!

176 1596 320 1652 barbarus
335 1595 506 1668 Hastingus,
523 1595 607 1651 Dacis
622 1611 758 1667 egressus
774 1595 809 1650 ab
826 1592 894 1661 oris,
1057 1593 1110 1660 Qui
1127 1612 1193 1650 cum
1211 1598 1401 1667 spectassent,
1417 1592 1571 1651 horrendis
1585 1591 1683 1648 obsita
1697 1590 1809 1659 dumis,

177 1685 270 1756 (Haud
287 1700 372 1741 secus
387 1688 474 1757 atque
484 1683 639 1756 leopraeda
649 1683 818 1739 sitibundus
827 1683 862 1739 ab
871 1686 966 1750 antro)
1057 1683 1146 1755 Inque
1164 1700 1265 1756 vepres
1281 1682 1383 1756 redigi,
1399 1680 1603 1754 latebrosaque
1619 1679 1712 1735 lustra
1723 1679 1864 1745 ferarum,
1886 1722 1890 1727 .

176 1772 314 1846 impetiit,
326 1772 522 1846 gelidamque
537 1773 659 1828 Francia
674 1772 793 1845 respicit
807 1775 924 1837 Arcton,
1057 1774 1183 1844 Quaeque
1195 1770 1388 1844 panomphaeo
1402 1770 1518 1826 fuerant
1530 1773 1645 1825 sacrata
1659 1768 1799 1835 Tonanti,

176 1861 387 1933 Finitimasquc
402 1862 489 1918 urbes
505 1865 534 1917 et
548 1861 675 1935 plurima
688 1865 784 1917 castra
800 1859 925 1933 subegit.
1058 1861 1090 1916 In
1107 1860 1234 1935 gemitus
1250 1860 1302 1916 toti
1318 1868 1344 1916 ct
1359 1859 1505 1932 lacrymas
1520 1857 1675 1914 solvuntur
1687 1874 1818 1925 amaras,

177 1949 250 2006 Proh
262 1949 536 2006 scelustAltithroni
546 1949 735 2029 celeberrima
750 1949 861 2021 templa
874 1948 1004 2004 tonantis
1058 1949 1254 2022 Singultuque
1268 1948 1348 2022 gravi
1363 1953 1480 2005 vertunt
1495 1948 1531 2004 ad
1548 1948 1644 2005 sidera
1658 1946 1769 2003 vultus.

176 2038 283 2106 Diruit,
298 2038 404 2094 infesto
419 2043 585 2111 pervertens
601 2038 699 2094 omnia
715 2039 816 2094 Marte.
1059 2061 1073 2088 a
1090 2038 1112 2095 0
1128 2039 1221 2108 Pater,
1234 2055 1250 2094 o
1262 2038 1391 2107 Bonitas,
1409 2038 1501 2107 aiunt,
1518 2054 1585 2110 spes
1601 2036 1688 2092 unica
1705 2053 1817 2105 rerum,

213 2127 362 2184 Classibus
377 2128 530 2184 instructis
546 2128 674 2197 tandem,
691 2132 839 2200 Boreaque
864 2128 1003 2194 secundo,
1059 2128 1112 2194 Qui
1127 2127 1184 2183 sibi
1202 2128 1329 2184 confisos
1344 2144 1491 2200 nusquam
1507 2127 1633 2183 dimittis
1648 2127 1762 2191 inanes,

178 2217 359 2290 Sequaniccs
374 2217 464 2272 intrat
474 2223 576 2290 portus
593 2235 600 2272 z
618 2216 674 2272 cito
687 2217 765 2272 lama
779 2234 831 2290 per
846 2217 934 2272 urbes
1059 2216 1151 2272 Cerne
1166 2221 1238 2288 quot
1252 2216 1364 2272 excidia
1378 2220 1407 2272 et
1422 2215 1531 2283 clades,
1546 2220 1618 2288 quot
1633 2216 1738 2271 sunere
1753 2231 1852 2282 casus,

178 2305 312 2363 Pervolat
327 2305 477 2372 attonitas,
494 2310 582 2360 tanta
598 2306 763 2376 praenuntia
777 2304 881 2361 cladIs.
1060 2306 1133 2370 Quot
1148 2304 1227 2361 mala
1241 2306 1432 2378 perpetimur,
1448 2306 1615 2378 nostrisque
1636 2305 1753 2360 medere
1770 2303 1887 2360 ruinis:

179 2394 313 2466 Undique
328 2397 397 2448 tunc
414 2392 520 2449 misero
537 2393 678 2448 miscetur
692 2393 826 2449 Naustria
838 2392 919 2449 luctu
935 2410 941 2447 :
1059 2394 1124 2450 Iam
1139 2411 1284 2452 memores
1300 2395 1416 2468 proavIs
1432 2394 1508 2467 quod
1525 2394 1634 2450 nostrIs
1649 2394 1744 2449 ioedus
1760 2391 1855 2460 inisti,

178 2481 311 2554 Undique
322 2479 398 2536 bella
409 2484 556 2554 premunt,
567 2480 1006 2554 hostcsgrassantur,ethorror
1061 2482 1098 2538 Ut
1111 2483 1187 2540 sicut
1203 2482 1355 2557 Solymum
1371 2483 1519 2556 quondam
1542 2481 1706 2540 venerabile
1731 2480 1889 2553 templum,

180 2570 294 2643 Ingruit
309 2585 470 2640 armorum,
487 2569 600 2642 fulgent
612 2568 715 2625 vexilla
729 2569 854 2627 Cradivi.
1061 2571 1154 2628 Sicca
1170 2572 1311 2645 sacrilega
1326 2576 1472 2629 restaures
1487 2572 1585 2629 diruta
1599 2577 1696 2652 geute,

178 2657 358 2733 Hiucprocul
365 2659 523 2732 aufugiunt
533 2657 1006 2733 monachi:proculabditallystac
1061 2662 1128 2727 Oua
1142 2661 1196 2716 tibi
1211 2665 1271 2716 tarn
1287 2660 1393 2717 celebri
1409 2664 1478 2718 sunt
1493 2664 1605 2717 structa
1620 2660 1729 2734 palatia
1743 2659 1826 2716 cultu
1844 2677 1851 2717 z
1881 2678 1884 2684 ·

178 2745 401 2821 Hanspreadum
421 2749 536 2804 deserta
549 2751 663 2820 petunt,
679 2747 730 2803 ubi
744 2747 873 2804 claustra
891 2749 1008 2805 domus.
1061 2749 1098 2806 Ut
1114 2749 1166 2805 tibi
1178 2754 1244 2805 vota
1259 2767 1342 2806 sacro
1357 2749 1567 2806 monachorum
1584 2750 1670 2806 turba
1685 2750 1820 2822 perenni,

178 2838 276 2895 Nostri
283 2837 361 2910 juris
371 2840 471 2893 erant:
485 2854 520 2893 ne
531 2835 768 2893 sacrumsolvere
778 2841 889 2906 votum,
928 2839 1006 2912 tque,
1062 2838 1162 2894 Munia
1177 2837 1273 2894 laudis
1288 2844 1356 2912 agat
1372 2838 1554 2896 solemnibus
1570 2843 1656 2895 aucta
1669 2838 1843 2910 triumphis,

178 2927 236 2981 Aut
250 2925 349 2982 efilare
361 2925 491 2981 animam
501 2930 686 2999 urgerentur,
702 2930 730 2982 ct
745 2927 850 2983 obruta
864 2927 937 2984 diris
1061 2928 1218 3000 Priseaque
1227 2929 1291 3000 jam
1307 2928 1403 3000 vigeat
1418 2927 1520 3001 pietas,
1538 2927 1700 2984 reverentIa
1714 2927 1826 2984 cultus.

181 3014 307 3088 Corpora
321 3014 476 3071 tormentis
492 3015 597 3087 Stygia
610 3015 757 3071 dimittere
772 3017 868 3071 morti.
1062 3015 1144 3073 Talia
1158 3018 1328 3090 perstabant
1343 3017 1498 3073 fundentes
1512 3020 1579 3073 vota
1592 3032 1763 3089 precesque,

216 3104 285 3160 Pars
300 3108 399 3160 tamen
415 3103 462 3159 hic
475 3103 585 3159 sistunt
600 3104 701 3174 armis,
713 3109 742 3160 et
752 3103 844 3160 milite
858 3104 1008 3178 complent
1062 3105 1180 3163 Thetics
1196 3105 1347 3173 uberibus,
1364 3105 1485 3179 soloque
1500 3105 1648 3179 legumIne
1662 3104 1739 3160 irati.

178 3195 244 3251 Hac
259 3193 332 3262 loca,
348 3211 406 3266 quo
420 3196 539 3265 possent
552 3193 651 3250 hostes
665 3210 763 3249 arcere
779 3193 907 3250 minaces
923 3211 929 3249 :
1018 3179 1040 3247 G
1093 3193 1620 3268 Necmora:mittitopemsummoqui
1631 3197 1745 3267 spectat
1756 3192 1888 3268 Olympo,

179 3283 331 3340 Duxerunt
345 3282 439 3339 satius
453 3282 519 3338 lorti
535 3283 726 3339 succumbere
742 3281 820 3340 letho
1059 3282 1307 3356 Cuillelmumque
1322 3284 1440 3350 ducem,
1457 3277 1590 3339 ltollonis
1605 3282 1751 3355 sanguine
1766 3287 1889 3352 cretum,

180 3374 271 3439 Quam
287 3389 371 3429 sacra
385 3371 542 3428 barbarica
559 3372 724 3444 spurcanda
738 3371 903 3445 relinquere
913 3373 1004 3446 genti.
1059 3371 1179 3428 Coelitus
1193 3371 1251 3429 huc
1266 3371 1348 3428 aiilat
1361 3373 1496 3428 venando
1511 3371 1626 3428 flectere
1640 3387 1775 3440 cursum,

215 3461 356 3518 Nauticus
370 3460 481 3518 Interea
495 3459 631 3534 expansis
646 3460 788 3517 exercitus
804 3460 858 3518 alis
1059 3460 1113 3527 Qui
1128 3461 1288 3518 monachos
1302 3465 1409 3518 nactus
1423 3460 1521 3518 scitari
1538 3459 1675 3534 eoepitab
1691 3459 1763 3529 illis,

179 3549 362 3623 Fluctivages
378 3548 471 3622 refugi
487 3547 628 3606 sulcando
643 3549 776 3606 fluminis
792 3551 897 3618 undas,
1059 3548 1129 3613 Quis
1142 3553 1201 3606 tam
1215 3550 1377 3623 decrepitos
1390 3546 1458 3606 istis
1472 3566 1523 3606 vos
1538 3547 1652 3622 appulit
1667 3547 1752 3605 oris?

178 3639 200 3697 0
215 3640 333 3696 funesta
346 3638 427 3696 diest
444 3638 518 3712 ipsis
533 3636 670 3694 allabitur
686 3638 755 3695 oris.
884 3675 886 3679 <
1059 3639 1197 3704 Quanam
1215 3637 1337 3712 relligio,
1353 3643 1405 3696 aut
1419 3638 1507 3695 vestri
1523 3637 1631 3695 fiducIa
1644 3638 1730 3693 voti‘l
1828 3648 1833 3659 ·

177 3729 214 3786 Ut
230 3727 360 3801 primurn
376 3727 481 3784 armati
496 3727 660 3783 funduntur
674 3727 799 3784 navibus
813 3728 923 3798 hostes,
1059 3727 1125 3792 Qua
1141 3730 1294 3782 structurae
1309 3726 1425 3783 inerant
1440 3731 1500 3784 tarn
1516 3725 1606 3783 vastis
1626 3726 1752 3782 condIta
1768 3726 1929 3787 eremis

176 3817 335 3874 Obsidione
351 3820 489 3890 premunt
503 3816 593 3889 hujus
608 3816 747 3873 sublimia
761 3817 871 3873 circum
1059 3812 1140 3871 Unde
1156 3819 1257 3887 patent
1272 3815 1373 3888 priscae
1389 3815 1511 3889 vestigia
1527 3819 1609 3872 tanta
1624 3815 1735 3871 ruinael

174 3906 281 3962 Moenia
294 3904 431 3977 caenobii,
445 3905 617 3979 glomeratis
633 3905 736 3961 ordine
753 3906 860 3963 turmIs
876 3923 883 3960 ε
1094 3904 1225 3977 Cumque
1241 3904 1281 3962 rei
1297 3905 1415 3975 seriem,
1430 3922 1447 3960 a
1462 3904 1565 3978 primis
1581 3902 1741 3961 annalibus
1757 3905 1828 3972 orsi,

173 3993 329 4066 Primoque
344 4010 496 4066 aggressu,
511 3998 626 4050 tentant
639 4011 692 4067 per
706 3994 774 4063 tela,
789 4012 841 4067 per
855 3995 949 4068 ignes,
1058 3993 1166 4050 Ordine
1184 3998 1362 4062 narrassent,
1377 4012 1411 4051 cx
1426 4010 1506 4050 more
1516 3992 1627 4050 cibaria
1641 3998 1784 4065 prestant
1800 4011 1806 4050 :

173 4081 303 4137 Pandere
318 4081 345 4136 vi
361 4085 472 4153 portus,
487 4082 632 4154 scalisque
649 4084 806 4140 ascendere
820 4101 930 4140 muros.
1059 4082 1183 4155 Porrigit
1195 4081 1333 4139 alteruter
1347 4099 1465 4156 panem,
1482 4082 1651 4139 sitientibus
1667 4083 1752 4139 ollert

175 4168 316 4225 Custodes
331 4171 432 4224 contra
447 4168 551 4241 rigidis
566 4171 719 4227 extrudere
733 4172 837 4240 contla,
1057 4169 1137 4227 Alter
1151 4187 1260 4244 aquam
1277 4189 1283 4226 :
1300 4171 1446 4244 siquidem
1462 4171 1608 4227 ducebant
1621 4169 1734 4227 talibus
1748 4187 1850 4228 avum.

146 4319 148 4325 ,
175 4258 340 4331 Crebraque
354 4274 405 4330 per
419 4257 535 4330 patulas
549 4256 607 4313 tela
621 4257 790 4331 intorquere
803 4261 946 4318 fenestras
1058 4264 1120 4315 Dux
1132 4277 1198 4316 vcro
1214 4261 1353 4317 adversus
1368 4265 1428 4317 tam
1444 4259 1513 4317 vilia
1528 4258 1646 4328 fercula,
1663 4260 1743 4316 cedit

209 4349 262 4404 Ast
277 4347 328 4404 ubi
343 4344 505 4404 suffodiunt
519 4350 584 4402 acta
599 4346 748 4403 testudine
764 4347 841 4416 Daci,
1058 4349 1194 4406 Protinus
1209 4349 1290 4406 hisce
1304 4349 1376 4407 locis
1390 4353 1470 4408 totus
1485 4350 1624 4422 profusus
1639 4349 1669 4404 in
1685 4349 1756 4405 iras.

174 4437 319 4510 Tortaque
336 4435 523 4510 pulsatonus
538 4434 641 4492 validis
656 4434 762 4491 balista
777 4435 892 4493 lacertis
910 4456 916 4507 ;
1058 4437 1174 4504 Quivis
1190 4438 1341 4512 ingressus
1357 4439 1454 4495 dense
1468 4437 1630 4512 penetralia
1647 4437 1733 4511 sylva

175 4526 240 4582 Jam
255 4525 374 4596 vallum,
391 4542 443 4582 nec
464 4528 541 4582 terra
564 4529 694 4591 tumens,
712 4541 764 4581 nec
792 4524 932 4596 claustra,
949 4545 1003 4585 nec
1016 4548 1041 4614 D
1056 4526 1192 4583 Numinis
1207 4527 1339 4599 Impulsu
1355 4527 1489 4600 Stygium
1505 4525 1687 4583 nanciscitur
1702 4543 1809 4599 aprum
1826 4544 1833 4582 τ

898 4616 967 4690 [ipsi
1056 4616 1111 4681 Qui
1126 4616 1228 4689 rapido
1244 4634 1343 4685 eursu,
1359 4633 1448 4672 rauco
1462 4615 1624 4672 bacchatus
1639 4615 1736 4683 hiatu,

176 4701 318 4758 Custodes
332 4703 466 4759 suillccre
480 4703 588 4771 valent,
603 4702 643 4759 nil
656 4704 767 4785 pnacnin
782 4710 906 4777 prosunt
922 4723 928 4761 :
1055 4705 1191 4761 Vulneris
1207 4705 1370 4779 intrepidus
1382 4705 1490 4761 transit
1503 4704 1659 4772 venabula,
1676 4720 1791 4772 casses,

175 4789 251 4845 Dant
273 4790 313 4844 ibi
339 4807 408 4846 sexa
436 4791 543 4860 locum,
566 4792 717 4866 portisque
747 4794 909 4866 ruentibus,
927 4795 1002 4853 imas
1056 4794 1323 4867 Semianimcmque
1338 4795 1444 4851 ducem
1461 4793 1567 4850 culmis
1582 4794 1741 4866 prostravit
1754 4792 1860 4852 acutis.

175 4879 319 4936 Invadunt
335 4895 415 4934 arces
433 4897 439 4934 :
457 4896 524 4952 pars
540 4880 624 4936 obvia
637 4897 758 4954 corpora
776 4900 899 4957 quaque
1055 4885 1091 4938 At
1105 4900 1217 4939 memor
1233 4884 1349 4939 ollensre
1367 4900 1434 4940 mor
1447 4883 1559 4940 viribus
1575 4883 1639 4955 ipse
1653 4882 1829 4956 resumptis,

174 4968 304 5024 inlausta
320 4971 463 5039 sternunt,
479 4969 561 5024 nullo
578 4969 757 5039 discrimine,
774 4973 851 5029 caede
869 4990 875 5027 :
1055 4973 1113 5030 llos
1129 4971 1233 5045 repetit
1249 4973 1358 5038 Patres,
1375 4971 1493 5029 sceleris
1508 4989 1560 5044 pro
1577 4970 1642 5027 labe
1656 4969 1767 5042 pianda
1784 4987 1792 5026 z

173 5055 388 5114 Semirutisalii
405 5056 530 5113 miscent
545 5056 676 5113 incencin
692 5059 786 5116 tectis.
1055 5062 1292 5134 Sumpturusque
1322 5061 1431 5127 cibum,
1461 5077 1549 5133 quem
1577 5062 1737 5132 spreverat,
1764 5060 1891 5122 secubat

209 5145 318 5220 Inclyta
338 5144 522 5219 Christiparae
549 5151 694 5201 camerato
719 5147 847 5205 culmIne
862 5151 897 5206 ad
913 5168 1001 5209 auras
1054 5149 1182 5206 Coenobii
1198 5149 1290 5222 hujus
1305 5148 1453 5222 pollicitus
1468 5149 1577 5205 sarcire
1593 5149 1706 5217 ruinas,
1769 5147 1890 5221 [iisdem

172 5235 318 5293 AEtherias
332 5252 457 5309 surgens
472 5234 604 5292 exstabat
619 5234 749 5308 Virginis
764 5237 849 5294 edes.
1054 5240 1135 5295 Tunc
1151 5238 1213 5295 ficri
1228 5238 1350 5295 delubra
1362 5240 1456 5312 jubet,
1475 5237 1624 5311 cellasque
1638 5238 1806 5310 domosque
1819 5256 1826 5307 ;

172 5323 264 5389 Quam
280 5325 355 5382 terro
371 5324 499 5382 accisam
512 5324 660 5398 quatiunt,
678 5329 706 5381 et
721 5327 838 5383 verbere
854 5328 955 5386 crebro
1054 5327 1204 5400 Multaque
1218 5328 1356 5396 restituit,
1372 5327 1477 5402 priscis
1492 5327 1634 5385 subversa
1648 5325 1756 5398 ruinis,

173 5412 375 5471 Fundamenta
389 5418 493 5471 cavant
510 5416 576 5470 :ast
590 5412 710 5469 vulnere
725 5414 800 5470 vieta
816 5432 954 5488 supremo
1054 5417 1174 5485 Praedia,
1189 5415 1305 5473 divitIas
1321 5434 1379 5489 quo
1395 5421 1514 5489 possent
1529 5415 1692 5489 questibus
1706 5414 1836 5489 absque,

174 5499 329 5571 Ingemuit,
344 5502 490 5577 traxitque
502 5505 575 5577 jugo
591 5501 730 5559 convulsa
746 5503 872 5560 ruinam.
1053 5507 1166 5579 Quique
1182 5505 1392 5579 monoptolemi
1407 5505 1554 5564 seclusam
1570 5506 1676 5562 ducere
1690 5502 1797 5562 vitam.

171 5586 299 5672 Tollitur
313 5589 344 5647 iu
359 5592 464 5650 coslum
480 5594 601 5653 densato
616 5591 735 5670 pulvere
749 5593 842 5652 nubes
1089 5595 1228 5652 ProtInus
1243 5595 1370 5654 artiticas
1386 5612 1496 5674 sponsa
1508 5594 1641 5654 mercede
1654 5592 1750 5654 labori
