3878 6098
107 251 167 317 92⁸1
496 245 664 311 ADPDND.
687 246 739 309 An
761 246 857 310 SAEG.
881 247 918 310 X,
937 280 975 292 —
990 245 1243 311 ΜΟΝΙΙΜΕΝΤΔ
1266 247 1423 313 Ll'lUllG.
1755 244 1817 309 928

107 393 239 457 nostram
263 384 357 462 gratia
380 388 442 445 lun.
456 383 512 441 Cor
534 382 679 441 mundum
703 397 771 439 crea
786 381 815 443 io
835 381 930 450 nubis,
946 383 973 451 Α
988 381 1192 439 manifestetur
1217 381 1247 438 in
1271 382 1365 457 gloria
1386 387 1455 450 tua;
1480 379 1593 439 vivillca
1607 378 1703 441 oasin
1725 385 1765 447 te,
1782 385 1816 439 ut

107 478 242 547 Domine,
258 479 291 537 ut
305 473 540 549 magnitudinem
556 475 585 528 et
599 470 773 547 probitatem
795 474 878 532 tuam
900 487 934 531 ae
988 471 1133 529 iaciamus
1147 471 1327 529 voluntatem
1341 471 1511 540 tuam,Gum
1523 470 1581 529 lide
1590 470 1765 533 invocamus
1775 475 1815 538 ta,

108 582 239 633 umorem
254 570 339 625 tuum
352 580 421 639 ergo
433 561 567 621 homines
582 558 792 635 intelligamus.
807 560 871 621 Fiat
885 577 933 617 vn·
988 559 1083 628 Pater,
1096 563 1126 616 et
1138 577 1262 636 regnum
1278 564 1363 617 tuum
1387 559 1525 632 petimus.
1541 558 1751 617 Sanctificetur
1764 576 1815 617 no·

106 657 207 721 luntas
222 659 275 711 tua
285 668 375 729 super
388 651 517 709 animam
533 652 674 718 nostrum,
691 652 719 707 et
737 652 865 705 mentem
880 665 934 720 pu·
989 664 1057 707 men
1071 652 1156 706 tuum
1171 665 1259 724 super
1274 665 1339 717 nos,
1355 649 1495 722 quoniam
1511 653 1542 709 tu
1557 666 1589 707 es
1603 648 1688 707 tortis
1702 664 1739 705 ac
1753 648 1817 710 lau-

108 762 173 813 ram
189 761 222 802 ac
238 747 347 801 rectam
363 741 460 799 tribue
474 737 569 807 nobis,
587 737 637 810 qui
653 736 688 794 de
704 754 824 815 corpore
840 742 890 795 tuo
906 741 935 795 et
989 737 1096 801 dabitis
1109 743 1139 796 et
1150 738 1306 813 gloriosus.
1318 739 1384 797 Tibi
1398 738 1438 795 eit
1450 736 1543 812 gloria
1556 738 1588 795 in
1601 741 1712 795 secula
1724 755 1816 795 secu

110 826 934 910 sunguinetnosumpaimuspcrvltuihumiles,quoniam
988 826 1096 887 lorum.

109 940 232 1003 rognum
256 926 353 986 tuum,
379 918 510 979 Domine.
527 916 625 975 Gloria
647 934 680 975 ac
705 916 868 974 benedictio
895 916 935 975 sit
1025 919 1160 975 Diaconos
1171 917 1244 975 dixit
1259 936 1268 973 :
1283 917 1424 979 Inclinato
1436 917 1534 991 capita
1546 920 1645 977 vestra
1667 921 1737 975 ente
1760 916 1815 975 Do·

108 1014 198 1082 Patri,
214 1015 242 1069 et
258 1009 338 1077 Filio,
354 1013 382 1071 et
396 1005 518 1081 Spiritui
534 1012 646 1075 sancto,
663 1022 752 1072 nunc,
763 1009 792 1065 et
807 1021 933 1079 semper,
989 1006 1104 1065 minum
1119 1007 1328 1076 immortalem,
1343 1011 1376 1067 ut
1390 1005 1543 1067 benedicat
1554 1023 1605 1064 vos
1625 1023 1677 1080 per
1693 1022 1816 1069 manum

108 1088 138 1163 et
151 1102 181 1163 in
199 1097 306 1161 sucula
319 1096 503 1155 sucularum.
519 1097 622 1153 Amen.
988 1094 1064 1157 servi
1079 1093 1126 1153 sui
1140 1094 1311 1153 sacerdotis.

144 1188 272 1247 Smerdes
301 1187 369 1243 dtcit
395 1203 404 1239 .·
429 1183 560 1249 Domina,
589 1182 666 1240 Deus
697 1187 807 1249 noster,
834 1182 934 1240 lumen
1023 1184 1145 1259 Populus
1158 1183 1367 1243 dicitzrtmen.
1384 1183 1539 1243 Benedicat
1553 1200 1608 1241 nos
1620 1199 1724 1243 servos
1747 1200 1818 1240 suos

108 1274 356 1353 inexstinguibile,
372 1273 483 1345 respice
494 1289 583 1345 super
596 1289 694 1331 servus
708 1275 776 1337 tuos
797 1274 825 1327 et
847 1288 936 1347 super
988 1272 1178 1333 Dominus.ln
1187 1289 1258 1348 pace
1268 1271 1666 1346 sitremissiosupernoequi
1679 1278 1817 1329 sanctum

108 1365 230 1425 ancillas
245 1370 322 1431 luas,
339 1367 368 1421 ct
383 1361 496 1426 semina
519 1360 549 1417 iu
571 1360 708 1418 cordibus
724 1359 833 1419 nostris
848 1359 934 1417 bmn-
989 1361 1817 1439 eorpusarprcticsumsangnincmsumpsimusccacedo

108 1472 170 1512 rem
183 1452 311 1510 noniiuis
322 1451 407 1518 tui,ot
423 1465 603 1506 numerosos
614 1449 722 1521 quibus
733 1465 839 1521 corpus
850 1453 935 1507 tuum
990 1451 1074 1515 nobis
1089 1454 1122 1509 ut
1136 1450 1241 1525 spiritu
1254 1467 1357 1508 omues
1369 1450 1446 1513 sires
1461 1449 1573 1513 inimici
1597 1449 1818 1509 conculcemus.

108 1550 138 1601 et
152 1543 273 1616 sanguis
289 1545 358 1597 tuns
373 1541 459 1596 datus
475 1552 531 1605 est,
548 1542 580 1594 ut
594 1537 771 1599 fructificent
789 1537 819 1593 in
846 1539 933 1595 bene·
989 1539 1154 1599 Benedictio
1170 1556 1277 1597 munus
1290 1544 1348 1597 tua
1362 1544 1472 1597 sanctas
1484 1538 1572 1613 plena
1583 1542 1630 1597 ast
1649 1538 1818 1597 misericor·

108 1630 306 1693 dictionel'ac
321 1627 434 1685 habites
449 1626 479 1682 in
494 1625 554 1685 illia
568 1625 686 1699 populis
700 1625 770 1694 tuis,
779 1626 831 1701 qui
846 1629 935 1700 caput
989 1629 1084 1687 diatn
1099 1628 1164 1704 ipsa
1178 1645 1331 1703 speramus
1343 1645 1457 1687 omnes.
1467 1629 1510 1687 Ab
1523 1627 1664 1687 omnibus
1678 1627 1817 1702 operibus

109 1734 175 1785 aum
191 1722 259 1779 ante
272 1722 301 1777 te
317 1716 470 1782 inclinant,
495 1720 556 1771 tarn
580 1713 610 1777 iu
636 1715 767 1777 maribus
787 1732 887 1789 quam,
904 1715 933 1773 in
988 1717 1076 1775 mulis
1087 1719 1208 1791 sejunge
1223 1734 1288 1787 nos,
1302 1717 1334 1773 in
1348 1718 1487 1780 omnibus
1500 1717 1640 1790 operibus
1664 1716 1735 1774 beni
1758 1715 1817 1774 eul-

109 1806 227 1867 lsmlnis
243 1811 272 1864 et
286 1805 395 1880 pueris,
412 1809 440 1862 et
454 1822 507 1861 nos
522 1803 611 1861 etiam
635 1802 694 1861 illis
715 1804 852 1878 adiunge,
868 1820 934 1876 pru·
988 1805 1053 1879 loca
1065 1823 1129 1875 nos,
1145 1805 1327 1876 benedictus,
1343 1806 1383 1869 sit
1397 1807 1449 1881 qui
1474 1806 1555 1869 dedit
1576 1806 1666 1865 nobis
1680 1810 1816 1873 mpetum

108 1902 184 1977 tege,
200 1899 272 1964 love,
288 1912 322 1955 ac
336 1895 469 1981 guberna
482 1910 536 1951 nos
552 1910 603 1966 per
616 1893 692 1951 vires
706 1892 874 1967 principum
885 1910 936 1949 an·
989 1911 1096 1969 corpus
1124 1899 1155 1953 et
1179 1895 1340 1968 pretiosum
1370 1895 1546 1970 sanguinem
1567 1912 1668 1953 uuum.
1683 1895 1816 1955 uranum

109 1985 242 2061 pelorum
258 1983 433 2040 tuorunr.Ab
448 1981 586 2045 omnibus
602 1980 739 2054 operibus
754 1980 841 2039 malis
851 1998 934 2056 sepn-
990 1983 1168 2059 accepimus,
1184 1989 1213 2047 et
1226 1985 1317 2043 vitam
1331 1982 1498 2043 invenimus
1522 2000 1574 2058 per
1596 1983 1736 2045 virtutem
1751 2001 1817 2043 crn-

109 2091 145 2135 ra
156 2090 220 2144 nos,
237 2071 375 2129 omnibus
390 2069 529 2149 operibus
544 2070 629 2130 bonis
643 2072 788 2145 conjunge
804 2088 868 2138 nos,
885 2087 936 2143 par
989 2073 1031 2131 eis
1054 2073 1125 2131 Jesu
1140 2072 1259 2131 Christi.
1274 2072 1388 2130 Gratias
1411 2072 1527 2146 agimus
1550 2071 1614 2143 tibi,
1629 2089 1700 2129 cum
1724 2071 1818 2145 Spiri-

109 2162 257 2220 Christum
273 2160 392 2219 unicum
409 2159 515 2217 Filium
530 2163 625 2229 tuum,
635 2159 694 2229 cui,
709 2167 738 2219 et
753 2159 807 2219 tibi
820 2177 887 2231 cum
902 2176 936 2225 co
990 2167 1039 2220 tus
1053 2161 1148 2221 sancti
1161 2162 1287 2237 gratum
1302 2154 1510 2237 receperimus.
1534 2160 1636 2219 Gloria
1657 2161 1700 2219 sit
1721 2161 1817 2221 Domi·

109 2256 139 2309 et
154 2268 220 2308 oum
244 2254 345 2308 sancto
367 2249 490 2322 Spiritu,
507 2248 602 2322 gloria
620 2253 649 2305 at
673 2249 787 2319 homor,
803 2266 891 2318 nunc,
907 2252 936 2306 et
989 2269 1038 2325 no,
1054 2251 1105 2325 qui
1119 2251 1200 2310 dedit
1215 2251 1300 2309 nobis
1314 2268 1421 2328 corpus
1435 2267 1523 2309 suum
1542 2254 1692 2319 mustum,
1708 2255 1738 2309 et
1751 2269 1814 2325 pre·

107 2356 237 2415 semper,
252 2343 281 2405 et
295 2339 326 2397 in
341 2337 448 2395 secula
462 2336 646 2394 soculorum.
662 2339 765 2407 Amen,
988 2338 1098 2397 tirsum
1122 2338 1298 2412 sanguinem
1321 2328 1421 2399 suum.
1436 2337 1537 2397 Gloria
1549 2338 1589 2397 sit
1606 2338 1680 2395 dive
1705 2339 1813 2411 timia,

148 2430 226 2487 Totus
236 2428 354 2505 populus
368 2426 436 2484 dicit
449 2426 777 2495 comedendo:Sanctns,
802 2430 934 2494 sanctus,
990 2444 1053 2503 qua
1064 2431 1110 2485 est
1122 2425 1216 2501 gloria
1231 2432 1341 2499 nostra,
1355 2432 1385 2485 et
1408 2445 1473 2502 qus
1492 2426 1631 2502 parturiit
1656 2428 1744 2487 nobis
1767 2445 1812 2486 sn·

110 2520 241 2587 sanctus,
257 2515 363 2582 trinus,
379 2513 545 2585 ineffabilis,
562 2515 599 2573 du
620 2513 705 2579 nubis
730 2518 762 2571 ut
780 2532 935 2575 sumamus
989 2515 1145 2575 orificium.

110 2606 200 2663 vitam
216 2605 455 2680 perhcccorpus
471 2608 565 2673 tunm,
582 2603 783 2677 sinajndicio;
797 2605 834 2666 da
851 2603 935 2666 nobis
988 2624 1064 2680 prm,
1087 2625 1200 2681 mnf,
1223 2629 1342 2685 pum,
1360 2632 1518 2684 „imm
1540 2625 1737 2697 amporam,
1753 2641 1813 2698 m.

111 2700 144 2753 ut
159 2696 370 2757 fructificemus
383 2693 601 2771 inbcneplacito
614 2694 937 2761 illustrissimorum
1057 2711 1121 2751 rum
1135 2696 1223 2753 oratio
1236 2704 1263 2753 et
1277 2695 1426 2755 maturio
1438 2698 1476 2757 sit
1489 2696 1643 2765 mimum,
1658 2697 1754 2754 Amen.

628 3017 970 3111 BENEDlCl'IO
998 3018 1303 3109 PUERPERAE

720 3197 898 3259 Secundum
913 3214 1004 3258 nsum
1021 3197 1214 3278 AEthiupum.

859 3366 1073 3385 now-—

140 3511 170 3551 rra
189 3510 299 3552 unsrun
319 3509 427 3564 earnis,
448 3509 482 3549 nr
500 3509 577 3561 suu,
597 3510 630 3549 m
648 3510 781 3551 srrmrus
800 3511 908 3551 sanari.
951 3495 973 3564 c
992 3493 1094 3568 plexus
1108 3492 1334 3562 cs,conlirmasti
1348 3498 1377 3550 et
1392 3490 1542 3568 pervenire
1557 3489 1653 3550 iecisti
1668 3508 1765 3567 uscpm
1782 3489 1813 3549 ad

481 3581 570 3621 *ffl-
990 3583 1066 3641 hanc
1081 3583 1195 3639 horam.
1212 3583 1340 3639 Petimus
1353 3599 1470 3656 quoque
1485 3584 1514 3638 et
1528 3580 1693 3656 querimus
1707 3597 1726 3637 a
1739 3577 1814 3639 boni·

991 3676 1050 3730 tate
1066 3677 1129 3744 tun,
1144 3671 1392 3729 amatorhumani
1406 3668 1532 3744 generis.

1026 3762 1226 3821 llicdiuconus
1245 3762 1338 3818 dicit:
1354 3759 1445 3818 Petite
1473 3762 1503 3817 et
1529 3762 1631 3835 rogate
1660 3763 1697 3817 ut
1723 3759 1816 3833 parcat

992 3851 1077 3911 nobis
1092 3851 1245 3917 Dominus,
1259 3855 1290 3906 et
1303 3850 1478 3909 misereatur
1496 3847 1602 3919 nostri,
1624 3851 1657 3905 et
1681 3846 1816 3920 suscipiat

993 3941 1153 3997 orationem
1170 3957 1233 4013 quaa
1249 3939 1400 4013 pronubis
1418 3939 1450 3994 lit
1464 3955 1482 3994 a
1495 3934 1816 4007 sanctimonalium

150 4018 278 4079 sacerdos
300 4020 423 4092 primum
451 4020 577 4077 tortura
595 4018 733 4092 poputum
756 4019 791 4075 au
819 4020 938 4090 rpentes
993 4047 1046 4086 nos
1061 4030 1282 4107 dignosutqua
1297 4031 1416 4102 prestat
1429 4026 1654 4101 accipimuset
1667 4039 1816 4087 munaus

116 4109 167 4167 ⁰¹³⁰
181 4108 297 4178 Dialia&
314 4105 406 4165 άῑθθηδ
423 4126 431 4162 ··
993 4119 1029 4178 de
1042 4117 1264 4195 participatione
1280 4122 1309 4175 et
1322 4121 1507 4183 sacrementi)
1522 4132 1578 4175 suo
1599 4114 1764 4183 temedium.
1788 4116 1816 4167 ¹¹2

150 4203 267 4262 Gratias
281 4219 404 4278 agamus
419 4204 596 4261 benefactori
608 4209 709 4262 nostro
720 4205 843 4265 Domino
854 4207 939 4267 miso·
994 4207 1180 4266 dimittantur
1195 4207 1281 4269 nobis
1296 4211 1416 4283 peccata
1431 4210 1541 4269 noum.

116 4293 232 4352 ricordi.
248 4293 326 4350 Patri
346 4292 463 4351 Domini
487 4293 549 4361 Dei,
566 4298 595 4352 at
620 4295 821 4369 Redemptoris
846 4295 939 4355 nostri
1028 4297 1156 4359 Sacerdos
1170 4298 1346 4372 summane
1367 4316 1378 4353 .·
1402 4295 1446 4359 ua
1462 4294 1548 4353 nobis
1568 4298 1603 4351 nt
1625 4292 1816 4369 perducimus

113 4386 183 4444 lesu
199 4382 391 4458 Christiuuia
407 4382 530 4457 proterit
542 4383 767 4455 nosnuxiliatue
782 4389 827 4463 est
842 4385 938 4456 nobis,
994 4386 1072 4445 bunc
1087 4386 1165 4447 diem
1180 4391 1317 4457 sanctum
1331 4391 1360 4444 et
1374 4400 1460 4447 omne
1474 4389 1593 4458 tempus
1613 4383 1682 4441 vite
1705 4384 1814 4445 noane,

115 4472 312 4542 custodivit,st
326 4473 548 4531 commendatos
563 4470 619 4530 sibi
634 4490 689 4531 nos
703 4472 839 4545 credidit,
850 4479 940 4533 attra-
994 4475 1024 4535 io
1039 4475 1119 4534 umni
1133 4492 1214 4549 pace,
1230 4491 1302 4533 cum
1313 4473 1418 4539 timme
1432 4472 1626 4545 touilmnsna
1642 4470 1814 4531 insidians

115 4563 168 4630 xit,
182 4562 335 4637 amplexus
358 4565 414 4630 ast,
439 4560 631 4632 confirmavit,
657 4565 686 4619 et
710 4563 862 4637 pervenire
887 4581 940 4621 nos
995 4581 1111 4625 omnem
1126 4565 1327 4635 mutationem,
1341 4569 1372 4622 st
1384 4580 1472 4621 omne
1485 4579 1562 4635 upua
1577 4562 1711 4632 Dalm,
1726 4555 1813 4625 masi?

117 4651 234 4710 lecitad
250 4651 453 4707 burchorum.
471 4651 789 4726 Rogemnsqueipsum
806 4654 940 4713 utatiam
994 4655 1068 4713 lium
1098 4654 1255 4713 hominnm
1285 4653 1444 4722 malorum,
1474 4650 1685 4715 insultationes
1706 4645 1813 4707 inierim

117 4740 263 4807 custodiat
276 4757 331 4797 nos
344 4741 373 4795 in
389 4740 443 4797 huc
459 4741 505 4798 die
521 4745 625 4805 sancta
633 4744 661 4798 et
674 4740 795 4803 inomni
811 4746 941 4816 tempore
994 4744 1182 4812 maconditas
1195 4747 1225 4802 et
1237 4742 1411 4803 manifestas
1424 4742 1530 4816 elonga
1541 4739 1696 4815 ampeli*
1706 4756 1728 4796 ι
1738 4736 1813 4795 Μ

115 4828 181 4887 vita
201 4832 318 4896 nostre,
341 4827 371 4884 in
389 4826 476 4887 omni
500 4845 581 4903 paco,
608 4830 792 4905 omnipotens
807 4831 941 4907 Domine,
956 4863 980 4929 D
995 4832 1032 4895 ab
1047 4833 1183 4893 universo
1197 4832 1305 4908 populu
1319 4837 1413 4904 tuc,et
1426 4833 1465 4889 ab
1485 4831 1541 4895 boc
1559 4818 1629 4895 luco
1644 4832 1748 4899 sabulo
1760 4830 1811 4893 Ἦ·

117 4924 194 4979 Deus
211 4921 315 4978 resur.
996 4923 1102 4981 Omnia
1127 4923 1206 4981 bona
1228 4920 1385 4998 (quidquid
1415 4921 1519 4995 utique
1548 4921 1717 4994 prestatet
1730 4914 1813 4990 purat

154 5008 291 5077 [liscowe
304 5008 372 5071 dicit
387 5025 394 5064 ε
411 5007 506 5066 Orate.
994 5011 1109 5087 impera
1121 5013 1230 5087 eispar
1245 5011 1424 5086 noaqniuu
1440 5008 1537 5084 aequi
1552 5006 1664 5069 dedisti
1674 5004 1811 5076 canape

153 5098 282 5156 Sacerdos
296 5097 471 5156 autemdicit
493 5117 503 5154 :
526 5098 688 5166 Dominae
709 5101 842 5171 Domine,
858 5101 942 5161 Pater
994 5107 1130 5161 testatem
1147 5106 1180 5159 nt
1194 5101 1376 5172 calcaremus
1397 5103 1564 5174 serpentem
1582 5101 1613 5157 el
1627 5094 1813 5168 scorpionem,

117 5188 192 5246 bone
206 5192 234 5247 st
248 5187 445 5263 omnipotens,
462 5187 547 5245 Pater
561 5186 676 5249 Domini
691 5188 752 5259 Dei,
770 5194 799 5247 et
816 5191 939 5251 Redem-
995 5196 1024 5250 et
1039 5207 1157 5251 omnem
1171 5189 1231 5247 rim
1244 5188 1408 5249 inimicam.
1424 5189 1465 5247 Ne
1480 5187 1605 5247 induens
1622 5182 1810 5255 acaunum.

117 5276 210 5355 pteris
224 5277 316 5335 nostri
330 5277 400 5339 iesu
415 5274 699 5345 Christi,laudamus
711 5281 740 5335 te
754 5295 844 5354 super
854 5297 940 5338 omne
995 5282 1026 5339 in
1042 5279 1244 5351 mutationem,
1259 5279 1311 5338 sed
1326 5278 1438 5337 redime
1448 5283 1478 5336 et
1492 5276 1584 5343 libero
1603 5291 1662 5345 pus
1682 5274 1724 5333 alr
1744 5264 1812 5331 uma

118 5383 204 5438 opus,
219 5383 272 5439 pro
286 5367 367 5425 omni
382 5382 479 5440 opere,
495 5369 524 5423 ct
538 5366 663 5425 inomni
677 5383 774 5441 opere,
789 5369 861 5442 quia
872 5387 939 5443 pro-
995 5370 1138 5444 malc,per
1151 5369 1277 5442 gratiam
1287 5373 1316 5427 et
1326 5366 1559 5426 misericordiam
1568 5369 1598 5425 et
1610 5371 1814 5432 mamm-etv

117 5453 214 5515 texisti
229 5472 282 5519 nos
297 5462 326 5513 et
339 5455 486 5523 audiatus
500 5473 531 5513 es
545 5455 641 5525 nubis,
657 5457 813 5515 custodisti
832 5476 896 5529 nos,
912 5462 942 5517 et
994 5461 1157 5520 humanum
1182 5473 1287 5532 genus,
1301 5456 1366 5517 Filii
1389 5456 1434 5515 tui
1456 5454 1548 5525 unici,
1566 5451 1689 5516 Domini
1711 5450 1774 5519 Dei·
1791 5447 1813 5503 ὓ

120 5545 338 5606 commendatos
352 5544 407 5609 tibi
421 5562 476 5605 nos
490 5545 650 5615 credidisti,
666 5546 821 5619 attraxisti,
834 5551 863 5604 et
876 5566 937 5607 um·
995 5546 1196 5623 Redemptoris
1211 5546 1304 5611 nostri
1316 5546 1388 5605 lesu
1400 5543 1521 5613 Christi,
1534 5559 1608 5613 cum
1617 5537 1811 5617 queuntes

113 3700 278 3769 Orationes
292 3718 371 3780 quas
385 3699 463 3766 dicit
475 3698 622 3763 sacerdus
636 3718 709 3761 cum
723 3699 859 3779 imponit
873 3718 938 3762 ma·

155 3818 214 3862 nus
227 3817 322 3878 snper
335 3803 467 3859 matrem
484 3805 515 3859 et
528 3798 693 3871 infantem,
710 3803 878 3877 postquam
893 3798 939 3858 in-

154 3897 252 3975 gressi
263 3900 339 3961 sunt
353 3895 528 3959 ecelesiam.
