3878 6098
177 284 239 345 38¹1
609 272 783 336 APPEND.
806 268 858 332 AD
881 268 976 333 SAEC.
1000 266 1037 330 X.
1053 304 1092 314 -
1107 268 1239 332 OPERA
1263 290 1461 340 noeaoeane.
1845 273 1900 336 388

181 420 247 470 turn
262 412 423 475 avocaverat,
445 390 525 479 regia
550 404 729 462 liberalitate
750 404 904 472 concessit,
927 402 1016 473 idque
1031 403 1054 470 Α
1072 400 1136 458 ideo
1156 403 1332 476 magistrum
1354 420 1441 459 suum
1461 420 1576 476 semper
1587 403 1762 475 nominavit)
1775 421 1834 460 non
1851 405 1899 460 im·

182 507 365 574 postremum
380 495 577 552 sacerdotium
593 494 659 559 fuit,
672 494 751 565 quod
763 492 870 548 rexille
882 490 1016 557 contulit,
1073 507 1196 557 memor,
1213 507 1354 568 magnum
1370 491 1497 548 Francia
1513 490 1779 565 eleemosynarium
1795 493 1901 550 consti·

183 590 255 662 quia
271 605 327 643 non
340 584 431 641 multo
447 586 512 654 post
526 582 615 636 vitam
630 599 699 636 cum
712 584 805 635 morte
815 576 1015 634 commutavit.
1074 578 1139 644 tuit,
1156 584 1184 635 et
1199 597 1216 634 a
1235 578 1375 635 sanctiori
1389 584 1418 634 et
1437 579 1600 652 augustiori
1615 579 1740 636 consilio
1766 579 1825 636 sibi
1839 598 1900 638 essa

182 679 365 750 Quapropter
374 674 514 744 Amyotus
525 670 676 726 fortunam
688 669 829 738 majorem
840 668 888 721 vix
898 683 1016 738 respon·
1071 667 1173 733 voluit,
1190 685 1223 723 aa
1240 668 1326 740 paulo
1343 672 1408 741 post
1423 668 1541 724 abbatia
1555 669 1684 740 Rapium
1700 669 1860 730 decoravit.
1875 675 1901 727 et

182 783 285 823 suram
296 762 389 819 labori
400 760 475 833 apud
496 756 594 814 Gallos
607 762 701 824 ratus,
718 772 770 811 nec
784 755 819 810 ad
837 754 909 811 alios
924 754 1016 811 hono·
1072 773 1139 812 mox
1155 756 1221 821 alia,
1240 773 1346 830 nempe
1361 757 1455 813 sancti
1468 757 1591 814 Cornelii
1601 757 1850 830 compendiensis
1858 777 1901 815 va·

183 871 252 910 rum
267 852 374 927 gradus
390 851 557 921 provectum
573 845 620 913 iri,
638 843 805 900 instituitin
822 843 937 899 ltaliam
950 860 1016 916 pro·
1071 845 1160 913 canti,
1177 845 1252 902 ultro
1269 863 1302 901 ac
1315 850 1417 919 sponte
1432 863 1486 902 sua
1501 863 1567 902 eum
1583 847 1704 902 minime
1719 846 1900 904 ambientem

182 942 289 1008 ficisoi,
304 945 337 995 ut
352 935 410 994 illic
426 937 513 993 vitam
538 934 594 994 hoc
609 932 750 989 mediocri
767 949 856 988 censu
881 931 1015 1005 agitaret,
1072 933 1230 988 exornavit.
1257 934 1286 990 S.
1304 934 1338 990 ll.
1364 935 1395 991 b.
1420 934 1561 991 cardinali
1585 936 1621 992 de
1644 934 1673 991 la
1697 936 1901 994 Bourdaisltrc

181 1028 376 1085 bibliothecas
391 1024 506 1080 ltelicas
521 1021 696 1078 consulendi
713 1021 868 1085 animast
885 1020 1016 1075 codicem
1073 1021 1171 1077 Roma
1196 1022 1345 1089 defuncto,
1371 1023 1439 1079 Pius
1453 1023 1478 1076 V
1492 1023 1607 1096 Amyoti
1629 1025 1790 1092 virtutum,
1806 1025 1900 1081 erudi·

183 1115 330 1171 Plutarchi
343 1113 633 1170 mendoseexcusum
646 1127 714 1166 curn
730 1108 940 1181 manuscriptis
951 1125 1018 1164 con·
1071 1110 1171 1176 tionis,
1189 1112 1307 1184 pietatis
1324 1129 1357 1168 ac
1375 1113 1475 1169 fervidi
1500 1113 1621 1169 affectus
1644 1130 1715 1187 erga
1741 1113 1901 1171 Ecclesiam

181 1197 1015 1271 ferendi,etcumeruditisviris,quosibinanciseoretur,
1071 1199 1901 1280 catholicamapostolicametRomanamfamaimpulsua‚

182 1308 334 1347 sermones
348 1308 381 1346 aa
396 1291 432 1345 de
443 1307 472 1345 re
484 1288 560 1345 ultro
573 1288 705 1360 citroque
719 1286 857 1342 habendi.
869 1285 943 1340 Dum
955 1284 1016 1341 haee
1071 1289 1207 1344 eumdem
1233 1290 1414 1362 episcopatui
1429 1290 1587 1347 Autissiod.
1614 1291 1757 1364 praefecit,
1775 1292 1854 1365 quod
1870 1291 1902 1347 li-

182 1397 251 1436 cum
267 1380 366 1435 anime
383 1379 533 1451 cogitaret,
551 1375 659 1432 obtulit
672 1375 699 1430 ei
711 1392 741 1430 se
752 1373 908 1429 commoda
918 1374 1016 1428 admo·
1072 1379 1175 1434 benter
1189 1395 1206 1433 a
1220 1395 1287 1452 rege
1299 1396 1471 1435 concessum
1485 1384 1539 1447 est,
1556 1381 1605 1452 qui
1621 1378 1694 1435 nihil
1708 1380 1808 1453 mag'a
1822 1397 1902 1453 expe-

181 1461 1016 1537 dunrocoasioojusrnodiannomillesimoquingentesimo
1071 1467 1152 1522 tebet
1167 1483 1256 1538 quam
1273 1471 1305 1523 ut
1319 1485 1386 1523 eum
1402 1468 1438 1522 ad
1453 1485 1585 1524 summos
1596 1468 1723 1524 honores
1739 1469 1902 1542 etdignira.

182 1556 411 1629 quadragesimo
428 1560 518 1609 sexto.
536 1555 616 1608 ldem
633 1551 827 1607 Morvilleriua
838 1550 874 1605 ab
892 1551 1016 1604 ilenrico
1072 1560 1115 1610 tes
1129 1554 1310 1627 proveheret,
1326 1561 1360 1611 ut
1371 1556 1465 1629 reipsa
1479 1557 1655 1626 ostenderat,
1671 1573 1706 1611 ac
1722 1557 1901 1629 primoribus

182 1645 205 1700 ll
222 1661 288 1716 rege
311 1644 421 1699 missus
438 1644 472 1698 ad
489 1642 615 1697 Venetos
631 1641 755 1712 legatus,
776 1642 934 1712 Amyotum
961 1638 1016 1707 sibi
1072 1641 1175 1698 aulicis
1185 1659 1217 1698 ac
1227 1643 1410 1716 principibus
1421 1645 1621 1716 patefaciebat.
1632 1645 1807 1716 Hujusvaro
1821 1647 1901 1720 regia

183 1733 319 1805 adjunxit
335 1731 448 1787 itineris
464 1731 611 1795 comitem,
630 1729 756 1801 quitum
774 1726 957 1783 tricesimum
975 1742 1016 1781 se·
1072 1727 1101 1785 in
1118 1747 1148 1786 se
1175 1731 1392 1800 benevolentia,
1418 1733 1609 1807 benignitatis
1632 1750 1666 1788 ac
1691 1734 1900 1792 beneficientia

184 1822 315 1878 cundum
331 1820 424 1876 atatis
441 1836 552 1874 annum
568 1819 717 1890 attigerat,
734 1834 801 1872 cuni
819 1815 906 1888 paulo
921 1815 1015 1886 major
1070 1825 1307 1892 sempergratum
1318 1827 1549 1877 etmemoremse
1560 1821 1703 1894 prestitit,
1718 1827 1900 1880 nontautum

74 1941 78 1947 ·
183 1915 254 1967 natu
271 1909 463 1965 Morvillerius
488 1912 573 1964 esset.
591 1912 645 1962 Per
660 1907 688 1961 id
714 1903 870 1978 legationis
897 1908 1015 1977 tempus
1070 1909 1227 1980 superstite
1240 1910 1381 1982 principe,
1394 1911 1442 1966 sed
1454 1911 1544 1967 etiam
1555 1910 1746 1982 postobitum
1757 1913 1898 1984 ejusdem,

182 1999 296 2072 legatus
306 1999 402 2070 regius
412 2002 492 2052 tanto
502 2012 570 2051 cum
580 2013 613 2051 co
623 1994 793 2051 amicitiast
805 1991 1014 2050 familiaritatis
1069 1997 1156 2069 quein
1167 2014 1283 2069 semper
1294 1998 1429 2054 laudibus
1438 1999 1467 2053 in
1479 1998 1585 2054 coelum
1597 1998 1765 2065 extollebat,
1776 1997 1899 2072 querum

181 2087 448 2143 viuculoastrictus
467 2085 645 2157 est,utpati
663 2082 863 2156 nonpotuerit
883 2081 1013 2153 ipsuma
1068 2101 1168 2141 revera
1197 2085 1305 2159 dignus
1333 2091 1404 2154 erat,
1432 2086 1603 2159 felicemque
1629 2088 1696 2158 ejus
1727 2088 1898 2145 memoriam

182 2195 213 2235 se
230 2177 390 2241 discedere,
416 2175 529 2230 etiarnsi
555 2174 720 2229 incredibili
746 2170 890 2227 desiderio
907 2169 1012 2225 biblio·
1067 2172 1182 2229 colebat
1196 2179 1224 2230 et
1239 2175 1296 2246 piis
1313 2176 1449 2230 manibus
1464 2192 1580 2247 semper
1595 2176 1826 2249 apprecabatur.

181 2267 282 2323 thecas
305 2265 430 2319 aliarum
453 2264 605 2318 civitatum
634 2261 722 2316 ltalira
747 2259 859 2315 visendi
890 2259 1012 2331 flagrare
1102 2267 1191 2318 Porro
1207 2280 1273 2320 cum
1290 2281 1340 2320 rex
1357 2264 1496 2319 ilenricus
1513 2264 1560 2329 ΙΙΙ,
1584 2265 1894 2334 reversusaPolania,

181 2354 279 2410 sciret.
296 2353 360 2408 Jam
379 2351 569 2424 perscrutatis
580 2350 717 2405 omnibus
729 2348 831 2403 sedulo
846 2346 950 2402 loculis
960 2346 1012 2402 Va·
1067 2365 1118 2421 per
1129 2351 1306 2408 Sabaudiam
1318 2351 1505 2424 Allobrogum
1516 2352 1665 2416 transiret,
1678 2352 1801 2408 ductrix
1811 2354 1894 2409 amita

182 2447 255 2497 nete
267 2439 450 2495 bibliothecae
462 2437 697 2511 locupletissime
708 2437 742 2491 ad
754 2435 923 2491 institutum
937 2452 1011 2507 opus
1066 2438 1143 2511 regis
1158 2440 1182 2494 ei
1195 2443 1350 2513 Amyntam
1361 2444 1511 2512 tantopere
1522 2440 1751 2508 commendavit,
1770 2446 1805 2496 ut
1815 2443 1840 2498 ei
1852 2459 1893 2496 rex

183 2529 328 2585 Plutarchi
346 2527 454 2598 scripta
469 2524 646 2591 conferendi,
659 2524 845 2590 enrondandi,
857 2528 886 2579 et
898 2523 1011 2596 elegan-
1066 2527 1214 2598 pollicitus
1231 2530 1318 2585 fuerit
1328 2530 1463 2585 eumdem
1474 2534 1631 2601 amyotum
1640 2529 1670 2584 in
1683 2547 1739 2584 suo
1748 2532 1844 2603 gradu
1853 2531 1891 2585 di·

181 2620 242 2675 tius
256 2617 363 2672 Gallice
378 2614 519 2681 vertendi,
546 2613 658 2671 Venetis
682 2613 804 2669 Romam
830 2630 860 2668 se
876 2611 1008 2668 contulit.
1064 2616 1222 2688 gnitatiset
1233 2618 1319 2673 oflicii
1333 2618 1552 2691 eleemosynarii
1563 2618 1661 2691 magni
1673 2619 1809 2675 Francia
1821 2619 1890 2692 apud

182 2707 235 2764 Ubi
251 2704 473 2779 perhumaniter
484 2708 619 2775 acceptus
635 2707 681 2758 est
696 2702 878 2773 abepiscopo
894 2700 1010 2774 Mirapi·
1064 2706 1891 2780 sepermansurum,utpotequemprimumpraeeeptorem

181 2797 273 2861 censi,
290 2795 340 2868 qui
358 2793 436 2848 dorni
449 2810 508 2848 sure
519 2809 585 2847 eum
602 2791 731 2858 retinuit,
747 2796 775 2847 et
790 2807 841 2862 per
856 2790 1008 2845 biennium
1064 2790 1215 2862 habuerat,
1230 2794 1353 2865 ideoque
1369 2810 1434 2849 eum
1453 2810 1484 2850 sa
1496 2810 1548 2866 per
1562 2799 1655 2850 totam
1672 2796 1766 2851 vitam
1784 2813 1892 2870 semper

182 2886 272 2940 ferme
288 2883 483 2938 convictorem
499 2880 612 2948 habuit,
629 2896 768 2951 cumque
784 2879 861 2934 ultro
877 2879 1008 2949 citroque
1064 2881 1334 2953 magistrumsuum
1345 2881 1560 2955 appellaturum
1569 2883 1890 2958 esse3hujuspromissi

181 2988 334 3030 sermones
359 2969 488 3035 haberet,
508 2970 543 3025 de
559 2968 663 3025 litteris
685 2984 717 3024 ac
741 2966 906 3040 disciplinis
920 2966 1009 3022 verba
1063 2970 1186 3025 nuntius
1211 2988 1260 3026 rex
1282 2972 1344 3044 ipse
1363 2972 1418 3027 fuit
1441 2972 1532 3027 redux
1546 2974 1669 3044 Amyoto
1685 2977 1716 3029 et
1732 2975 1772 3029 ab
1796 2975 1890 3031 eodem

182 3063 299 3116 faceret.
1062 3057 1192 3114 vicissim
1208 3060 1292 3131 petiit
1308 3066 1339 3115 ut
1355 3077 1529 3133 propensam
1545 3077 1656 3133 ergasa
1671 3061 1891 3120 voluntatemst

134 3211 137 3217 ‚
218 3150 324 3204 Eodem
341 3148 431 3202 ferme
447 3151 577 3219 tempore
590 3145 620 3201 in
637 3144 831 3201 illustrissimi
850 3142 1008 3199 cardinalis
1024 3135 1045 3199 C
1065 3147 1158 3203 fidum
1174 3148 1420 3222 obsequiumque
1431 3150 1571 3204 haetenus
1582 3167 1655 3205 usus
1667 3150 1778 3219 fuerat,
1790 3153 1821 3207 in
1832 3169 1892 3208 mu·

182 3236 323 3294 Turnonii
349 3234 508 3291 amicitiam
533 3251 564 3289 se
593 3234 762 3302 insinuavit,
779 3232 829 3304 qui
849 3250 866 3286 a
890 3233 1007 3304 regead
1066 3236 1891 3311 nereregioexhiherepergeret:singularicerteaeuovo

181 3326 280 3383 aulam
297 3329 457 3391 revocatus,
474 3341 541 3379 cum
563 3323 599 3379 oh
616 3322 748 3395 egregias
764 3321 855 3377 animi
871 3321 963 3386 dotes,
981 3325 1008 3376 et
1064 3325 1195 3398 exemplo
1206 3327 1260 3382 hoc
1272 3326 1482 3383 beneficiumin
1493 3328 1649 3399 Amyotum
1662 3328 1699 3383 ab
1711 3331 1892 3405 optimorege

180 3418 322 3472 virtutum
338 3418 555 3481 ornamentum,
571 3418 634 3467 tum
651 3413 687 3466 ob
712 3428 809 3467 rerum
824 3410 963 3477 civilium,
981 3416 1010 3466 et
1064 3413 1237 3470 collocatum
1255 3415 1345 3471 videri
1359 3420 1464 3487 potest,
1481 3419 1513 3469 ut
1529 3415 1654 3470 duorum
1673 3418 1893 3475 succedentium

181 3505 262 3578 regni
278 3505 463 3576 negotiorum
479 3497 645 3558 accuratam
661 3500 858 3573 cognitionem
875 3503 903 3555 et
920 3516 1008 3572 expe·
1065 3519 1143 3557 unus
1154 3503 1291 3575 idemque
1307 3520 1432 3576 magnus
1447 3502 1696 3574 eleemosynarius
1712 3506 1814 3574 fuerit,
1830 3523 1893 3562 eum

182 3594 328 3662 rieutiam,
344 3593 480 3649 eumdem
505 3593 660 3662 Amyotum
678 3589 792 3645 itineris
807 3589 943 3644 comitem
962 3606 1009 3644 as·
1064 3580 1894 3667 obtinueritapudprincipesadregnumhaereditariojure

181 3683 310 3756 sumpsit
324 3699 390 3738 curn
407 3680 544 3753 Dionysio
560 3679 711 3749 Lambino,
727 3679 788 3732 viro
804 3677 968 3733 clarissimo
980 3681 1009 3733 et
1064 3680 1235 3735 accedentes
1252 3681 1348 3737 officia
1363 3698 1481 3736 summa
1496 3682 1666 3754 primasque
1682 3683 1846 3756 dignitates
1860 3683 1892 3740 ad

182 3773 334 3844 utriusque
363 3770 469 3843 lingua
500 3769 688 3842 peritissimo,
714 3767 764 3839 qui
790 3771 891 3839 postea
910 3767 1009 3839 regius
1063 3783 1113 3823 eos
1128 3767 1250 3837 deferre,
1268 3786 1341 3841 quos
1357 3769 1537 3825 incomitata
1553 3771 1802 3843 etobsequiosuo
1818 3777 1894 3829 ante·
1926 3758 1932 3770 ’

180 3862 347 3917 Graecarum
367 3859 532 3914 litterarum
558 3858 705 3929 professor
720 3855 838 3911 Lutetia
854 3854 918 3909 fuit.
935 3855 1008 3909 Cum
1064 3874 1152 3929 quarn
1160 3874 1258 3913 rerum
1271 3859 1433 3929 potirentur
1441 3858 1895 3935 charioresetgralioresapudse

180 3950 205 4005 is
231 3947 390 4003 cardinalis
415 3947 450 4002 ad
468 3945 565 4002 aulam
583 3963 613 4000 se
638 3943 810 4000 contulisset
824 3946 852 3999 et
878 3944 1010 3999 audisset
1064 3945 1219 4002 habebant.
1232 3947 1298 4002 lam
1306 3964 1371 4004 vero
1379 3948 1455 4003 idem
1467 3964 1516 4003 rex
1526 3948 1800 4006 christianissimus
1812 3949 1896 4022 paulo

181 4052 280 4108 regam
304 4037 482 4107 quibusdam
506 4034 688 4089 antistitibus
714 4050 747 4088 ac
768 4033 936 4105 proceribus
951 4031 1008 4088 sibi
1064 4039 1131 4107 post
1146 4035 1273 4090 reditum
1285 4035 1441 4097 apolonie,
1454 4052 1521 4091 eum
1533 4037 1894 4110 equitum'forquaterum

180 4124 358 4198 gratissimis
374 4124 449 4179 hanc
466 4122 644 4195 provinciam
660 4122 786 4188 dedisse,
803 4124 835 4176 ut
850 4121 1009 4177 accuratis·
1064 4125 1897 4200 acmoderatorumsaucommendatorumsanctiSpiritus

180 4214 255 4271 sime
266 4217 407 4286 tanquam
419 4212 455 4266 do
466 4228 496 4266 re
507 4210 627 4265 maximi
639 4209 778 4264 momenti
788 4209 1010 4266 sciscitarentur
1064 4212 1197 4267 ordinem
1214 4213 1389 4280 institueret,
1403 4214 1514 4285 Amyoti
1526 4213 1572 4270 sui
1584 4213 1706 4270 minime
1718 4219 1764 4271 est
1774 4215 1896 4283 oblitus,

180 4320 213 4359 ac
225 4304 465 4375 percontarentur
476 4301 511 4356 de
524 4300 624 4372 probo,
638 4299 752 4354 erudito
763 4300 924 4354 accordato
935 4299 1006 4368 viro,
1063 4300 1122 4356 imo
1139 4301 1267 4372 primum
1283 4303 1347 4372 ejus
1372 4301 1483 4357 ordinis
1504 4303 1653 4374 Equestria
1678 4304 1897 4361 moderatorem

179 4409 269 4464 aquo
293 4390 378 4447 liberi
404 4389 475 4463 regii
499 4387 717 4444 Aurelianensis
740 4391 769 4443 et
790 4388 1008 4460 Andagaveusis
1063 4388 1204 4461 prefecit;
1215 4391 1285 4462 quin
1301 4391 1388 4446 etiam
1401 4390 1429 4445 in
1442 4392 1573 4462 ejusdem
1583 4392 1709 4464 gratiam
1721 4399 1751 4449 et
1766 4394 1895 4449 faveram

180 4482 281 4547 duces,
294 4481 357 4551 jam
373 4485 436 4534 tum
449 4477 572 4550 imperio
584 4475 731 4547 destinati,
744 4476 844 4531 sedulo
855 4477 969 4532 institui
980 4482 1008 4534 et
1022 4500 1045 4564 D
1062 4477 1173 4533 ordinis
1184 4479 1443 4534 constitutionibus
1454 4497 1486 4535 ac
1503 4480 1607 4553 typicis
1623 4479 1730 4537 littoris
1742 4482 1834 4539 inseri
1847 4500 1895 4538 vo-

180 4568 278 4625 doeeri
295 4572 424 4639 possent,
442 4567 501 4639 regi
516 4568 685 4638 Amyotum,
700 4566 787 4638 cujus
801 4582 907 4633 mores,
925 4566 1007 4639 inge·
1062 4566 1899 4643 luithunccapitisarticulum:Quisquismagnuseleemo-

180 4657 274 4724 nium,
291 4657 465 4721 doctrinam,
491 4656 622 4727 aliasque
638 4654 728 4710 animi
744 4656 827 4710 dotes
843 4659 1008 4728 perspectas
1063 4656 1199 4729 synarius
1215 4655 1309 4723 fuerit,
1320 4657 1397 4712 idem
1413 4657 1500 4713 etiam
1513 4657 1581 4714 dicti
1597 4659 1710 4715 ordinis
1726 4662 1899 4717 moderator

179 4752 209 4802 et
219 4745 383 4818 exploratas
394 4743 530 4811 habebat,
545 4743 662 4800 obtulit.
676 4744 800 4800 Proinde
811 4744 956 4817 evestigio
972 4744 1007 4800 ad
1063 4762 1114 4801 seu
1124 4744 1406 4801 commendatorerit
1416 4746 1899 4823 eaquelege,utnobilitatisgene·

181 4835 236 4890 hoc
252 4832 509 4907 praeclarissimum
521 4838 549 4888 et
560 4831 768 4905 gravissimum
780 4849 888 4888 munus
903 4834 1009 4905 Amyo·
1063 4833 1560 4892 rissuiindiciaactestimoniadare
1572 4853 1628 4892 non
1639 4836 1792 4909 adigatur,
1804 4844 1897 4894 utca-

178 4929 227 4980 tus
242 4940 320 4979 unus
334 4939 368 4977 ex
384 4926 425 4977 tot
436 4921 584 4994 tantisque
598 4921 668 4976 viris
678 4920 786 4993 quibus
797 4921 850 4977 hec
860 4921 1007 4977 eruditum
1063 4923 1118 4978 tari
1136 4938 1238 4978 omnes
1253 4922 1422 4994 adiguntur.
1435 4924 1491 4979 Sed
1508 4926 1678 4997 quapietate
1689 4925 1896 4999 episcopatum

179 5012 319 5068 seculum
344 5011 474 5078 florebat,
501 5010 613 5066 ascitus
631 5013 691 5076 cst;
709 5010 738 5064 in
763 5025 819 5080 quo
836 5010 876 5066 ita
892 5014 1009 5067 strenue
1063 5011 1531 5084 auspicatusfueritexeoconstat
1543 5013 1895 5087 quodsimulatquepon·

179 5118 212 5156 ac
228 5101 352 5157 fideliter
366 5100 457 5172 gessit
472 5099 507 5154 ad
524 5097 607 5171 regni
622 5097 799 5153 francorum
819 5101 1006 5157 commodum
1061 5099 1270 5156 tiliciasbullas
1278 5101 1447 5173 accepisset,
1456 5118 1507 5174 per
1517 5106 1736 5174 procuratorem
1750 5104 1895 5176 possesie

178 5193 440 5255 eternamentum,
460 5192 493 5243 ut
515 5186 574 5260 regi
603 5185 766 5258 reginaque
789 5192 891 5258 gratam
915 5193 1006 5246 etac-
1062 5207 1129 5244 nem
1141 5188 1222 5257 adiit,
1236 5190 1307 5245 dum
1321 5190 1440 5247 Lutetiae
1453 5192 1680 5248 consecrationis
1696 5209 1811 5250 munus
1827 5210 1894 5250 con·

178 5283 281 5350 ceptus
292 5277 389 5345 fuerit,
401 5276 491 5349 idque
501 5275 588 5348 longo
597 5290 742 5330 annorum
752 5274 903 5333 intervallo
915 5295 1007 5351 usque
1062 5282 1233 5351 sequeretur
1242 5282 1274 5334 ut
1285 5279 1468 5336 commodius
1479 5285 1589 5352 postea,
1601 5280 1712 5337 veniaa
1722 5297 1793 5355 rege
1803 5281 1893 5354 impe·

178 5366 215 5421 ad
232 5366 379 5422 Francisci
396 5366 420 5421 ll
437 5363 561 5420 obitum.
1061 5371 1148 5435 trata,
1156 5367 1280 5440 ipsemet
1290 5367 1386 5440 reipsa
1397 5369 1432 5423 ad
1442 5370 1659 5440 possessionem
1669 5369 1892 5442 adipiscendam

213 5453 274 5517 Ouo
290 5459 420 5526 tempore
435 5454 555 5510 Carolus
572 5452 607 5509 lX
632 5452 808 5507 Francorum
825 5471 914 5527 regno
930 5457 1007 5529 poti·
1061 5456 1544 5532 accederetetmunereepiscopali
1556 5458 1893 5532 fungeretur3cumreli·

178 5542 416 5614 tuscanorum
432 5548 459 5603 et
470 5543 643 5604 meritorum
653 5542 839 5620 praceptoria
849 5543 896 5601 sui
906 5548 1006 5621 (quem
1061 5547 1140 5626 giorn
1164 5546 1285 5608 haberet
1308 5547 1464 5608 sacerdotii
1478 5548 1569 5629 opimi
1590 5548 1686 5610 reditu
1701 5549 1773 5623 frui,
1789 5549 1821 5609 in
1836 5563 1891 5627 quo
