3878 6098
152 282 213 349 aes
602 278 769 342 arnnun.
791 281 842 341 nn
866 278 960 342 sse.
983 278 1021 342 s.
1039 310 1077 322 -
1093 277 1224 339 ornas
1246 249 1444 345 lisanam.
1803 274 1862 336 sor

153 416 183 471 in
198 413 290 470 oculis
307 413 381 484 suis,
403 416 481 468 esset
503 413 649 485 pretiosus
671 412 700 468 in
722 413 768 468 dei
790 411 884 469 oculis
901 412 974 467 deli·
990 412 1096 479 Arum
1112 413 1141 465 et
1154 409 1262 483 dignus
1277 409 1438 466 sacerdotio
1458 407 1641 465 acclamatur
1655 424 1726 466 vooe
1743 413 1864 468 cuncto·

118 560 121 564 ,
154 501 978 575 bernv·'.tapudseplausushominumsibifaventium,et
1032 499 1215 562 romonem
1235 499 1378 555 Eusebius
1400 496 1863 574 (3)cjusdemurbisepiseopus

155 591 977 666 opuspreelarumtantummododivinoamorepatratum
1032 587 1177 644 ordinavit
1192 589 1405 661 presbyterum,
1417 605 1551 644 annuens
1562 587 1626 644 voci
1645 587 1818 645 clericorum
1835 594 1863 645 et

154 681 237 738 vanis
247 685 276 736 et
286 679 424 737 humanis
435 679 573 736 laudibus
591 679 790 736 extollentium
808 678 935 734 devitare
951 682 979 734 ct
1033 677 1170 750 precibus
1185 676 1316 733 Parisius
1331 677 1522 748 morantium,
1537 676 1668 751 dignum
1679 677 1820 750 judicans
1831 682 1865 734 ut

155 769 312 839 declinare,
323 774 351 826 ot
366 769 599 842 regionemlonge
611 768 735 840 positam
745 767 978 840 quaessProvineia
1033 765 1084 839 qui
1092 770 1154 840 jam
1163 766 1356 839 semetipsum
1367 766 1537 823 exhibuerat
1547 766 1677 823 hostiam
1689 768 1794 837 vivam,
1804 767 1865 841 pla·

156 861 196 931 (la
211 859 355 931 Prooence)
378 863 566 930 nuncupatur
581 857 669 923 adire,
691 861 722 912 ut
735 856 775 913 ibi
792 857 876 928 quasi
895 857 978 930 igno·
1033 859 1147 912 centem
1162 856 1222 912 Deo
1233 872 1285 928 per
1292 855 1497 912 contritionem
1506 859 1535 912 et
1548 855 1730 912 devotionem
1743 857 1863 926 mentis,

156 953 206 1007 tus
220 949 249 1004 in
265 954 358 1021 eoepto
374 948 521 1021 proposito
530 951 629 1018 posset
644 946 701 1000 Deo
710 945 827 1001 servire.
840 946 895 1001 Sed
908 945 977 1018 quia
1033 944 1260 1001 constitueretur
1284 945 1420 1001 minister
1434 945 1574 1002 salutaris
1598 949 1628 1001 et
1642 946 1748 1002 vivifici
1764 963 1863 1003 sacra·

157 1056 215 1094 non
237 1042 332 1110 potest
354 1036 472 1092 lucerna
492 1034 590 1102 latere,
616 1039 741 1107 possunt
764 1053 828 1092 earn
852 1035 978 1090 tenebre
1034 1035 1136 1103 menti3
1153 1038 1186 1090 ut
1201 1035 1413 1107 quosverboct
1432 1034 1571 1108 operibus
1586 1034 1758 1092 abstrahere
1774 1052 1863 1092 cona-

157 1128 322 1193 obscurare‚
332 1142 455 1181 eumeas
469 1141 521 1180 suo
532 1141 652 1181 corusco
669 1125 782 1181 lumine
795 1124 906 1180 noverit
919 1124 978 1197 pel·
1033 1124 1146 1179 batura
1157 1123 1269 1179 Satanae
1281 1123 1425 1192 saucibus,
1440 1124 1589 1180 abeodem
1602 1124 1768 1181 truculento
1778 1125 1862 1181 hoste

158 1215 216 1271 lere
230 1221 258 1270 et
269 1214 499 1288 lugere,positus
509 1214 538 1268 in
547 1214 647 1269 cadem
662 1213 777 1286 regione
789 1230 895 1286 magno
907 1213 978 1268 emi·
1033 1216 1147 1285 ereptos
1163 1213 1292 1268 reficeret
1302 1212 1409 1268 divinis
1421 1212 1556 1286 dapibus,
1568 1213 1703 1269 Condidit
1726 1219 1864 1286 praeterea

158 1305 218 1359 cuit
232 1305 367 1359 virtutem
384 1302 506 1375 fulgore.
520 1303 629 1358 Deinde
644 1303 779 1376 precihus
789 1303 909 1375 lugebat
923 1303 979 1357 da·
1034 1301 1863 1374 monasteriuminlococujusolimvocabulumluitNovi·

159 1412 261 1451 mones
276 1395 311 1449 dc
326 1393 438 1450 obsesis
454 1393 636 1464 corporibus,
653 1390 802 1464 aperiebat
818 1409 869 1446 ora
885 1397 979 1447 muto·
1035 1390 1863 1464 gentum(l),nuncobinsigneejusmeritumsanctitatis

160 1501 236 1551 rum,
252 1483 393 1537 reddebat
404 1481 598 1548 caecisvhnm,
611 1466 980 1546 s'urdisauditummlaudis
1035 1484 1153 1536 vocatur
1163 1480 1374 1536 monasterium
1387 1480 1480 1537 saneti
1497 1481 1646 1537 Clodoaldi
1661 1483 1802 1553 ;eujuset
1815 1499 1865 1564 nq-

159 1589 305 1646 gressum,
322 1576 351 1626 et
366 1570 582 1626 cunctisexfide
595 1569 782 1642 poscentibus
795 1569 843 1624 Dei
854 1569 980 1626 clemen·
1035 1569 1113 1625 mine
1128 1567 1218 1641 pollet
1232 1572 1261 1624 et
1275 1569 1391 1637 merito,
1407 1569 1485 1642 quod
1495 1574 1524 1625 et
1533 1569 1749 1626 sufficientibus
1759 1570 1865 1627 ditavit

160 1661 201 1716 tia
216 1660 392 1732 impetrabat
406 1676 490 1732 opem
508 1659 652 1715 sanitatis.
1036 1656 1159 1713 terrenis
1174 1658 1289 1729 opibus,
1302 1661 1330 1713 et
1343 1674 1473 1731 congrua
1483 1657 1651 1715 habitacula
1662 1659 1720 1716 sibi
1731 1662 1760 1716 et
1771 1661 1866 1717 servis

197 1752 239 1804 10.
257 1749 312 1806 Sed
329 1765 380 1804 nee
397 1748 467 1804 illud
481 1750 555 1804 duco
571 1749 629 1821 tegi
646 1747 761 1804 silentio
780 1749 859 1820 quod
876 1748 982 1804 claruit
1037 1746 1088 1803 Dei
1104 1763 1204 1803 secum
1221 1747 1416 1814 morantibus,
1431 1748 1481 1804 sed
1493 1747 1522 1804 in
1533 1747 1680 1820 reliquum
1693 1766 1787 1805 avum
1799 1766 1866 1806 suc·

159 1839 396 1911 ejusdouo.Cum
407 1837 434 1892 in
445 1837 982 1910 partepraelataeregioniscoustruoret
1038 1853 1122 1892 eessu
1136 1836 1356 1909 generationum
1372 1853 1424 1909 pro
1445 1836 1538 1892 salute
1558 1837 1724 1893 animarum
1741 1856 1865 1894 suarum

160 1928 280 1984 domum
296 1926 446 1994 orationis,
462 1944 573 1998 pauper
587 1927 704 1999 quidam
725 1925 803 1982 venit
817 1931 845 1982 ct
857 1926 984 1983 eleemo-
1038 1926 1095 1982 Deo
1107 1924 1452 1994 militaturisaedificavit‚
1462 1927 1866 2001 atquematriecelesiaeejus-

161 2033 313 2090 mosynam
329 2016 365 2071 ab
380 2031 413 2071 co
429 2015 485 2070 sibi
501 2015 563 2071 dari
578 2015 719 2088 poposcit.
740 2016 790 2071 Vir
806 2020 903 2072 nutem
920 2015 982 2083 Dei,
1038 2015 1104 2071 dem
1121 2014 1256 2082 civitatis,
1269 2014 1404 2071 videlieet
1419 2020 1526 2071 sancte
1544 2014 1641 2072 Marias
1653 2021 1793 2089 perpetuo
1812 2017 1864 2073 ha-

161 2123 226 2162 eum
243 2107 272 2161 in
288 2106 424 2179 praesenti
440 2105 626 2161 nonhaberet
637 2105 714 2178 quod
730 2105 872 2179 indigenti
892 2106 983 2176 daret,
1039 2104 1170 2160 bendum
1198 2107 1376 2160 testamento
1392 2104 1602 2179 delegavitUbi
1618 2106 1706 2162 etiam
1726 2106 1789 2178 ipse
1805 2111 1865 2162 sta·

160 2194 306 2252 cuoullum
318 2195 563 2267 quainduehatur
573 2193 660 2250 dedit.
674 2194 736 2258 Qua
747 2211 858 2267 pauper
866 2198 984 2265 accepta
1037 2195 1124 2248 tuens
1139 2191 1300 2265 prestolari
1316 2192 1476 2248 terminum
1491 2195 1555 2250 vite
1571 2212 1630 2249 suae
1646 2211 1713 2249 eum
1726 2193 1864 2267 plurimis

108 2350 117 2361 .
160 2285 290 2352 recessit,
304 2288 332 2340 et
346 2284 375 2338 in
392 2284 512 2338 domurn
528 2283 682 2354 eujusdam
707 2282 801 2338 fidelis
815 2283 983 2354 hospitandi
1038 2297 1112 2352 quos
1128 2286 1223 2337 motus
1239 2282 1377 2355 gehenne
1397 2288 1541 2338 terruerat
1563 2287 1591 2339 et
1615 2282 1743 2340 coelestis
1763 2284 1865 2356 patris

160 2373 255 2446 gralia
269 2372 356 2428 venit.
369 2371 422 2438 Qui
437 2388 503 2426 cum
513 2388 544 2426 se
554 2370 726 2443 postcibum
737 2375 874 2444 etpotum
887 2371 983 2444 sopori
1038 2386 1121 2425 amor
1131 2370 1321 2437 animaverat,
1341 2371 1532 2428 ascensiones
1544 2372 1574 2428 in
1592 2373 1677 2430 eorde
1695 2390 1748 2430 suo
1764 2373 1865 2446 dispo-

161 2461 299 2526 dedisset,
316 2477 425 2534 magna
435 2461 658 2532 jamtrnnsncta
672 2464 755 2532 parte
767 2460 871 2528 noctis,
887 2464 983 2533 pater·
1038 2476 1111 2514 nens
1127 2459 1156 2514 in
1172 2459 1227 2515 hae
1236 2459 1399 2534 lacrymum
1419 2459 1503 2528 valle,
1521 2463 1818 2535 cupiebatdevirtute
1833 2464 1863 2519 in

161 2550 289 2607 familias
305 2551 340 2605 de
359 2553 442 2605 noete
458 2549 595 2616 surrexit,
613 2566 645 2604 ac
661 2550 782 2605 domum
798 2566 881 2606 suam
906 2549 983 2606 claro
1037 2548 1175 2604 virtutem
1190 2550 1358 2619 ascendere,
1370 2549 1511 2607 insistens
1524 2551 1717 2621 orationibus,
1726 2552 1863 2625 jejuniis,

161 2637 273 2695 lumine
287 2638 440 2712 splendere
454 2638 536 2694 vidit:
554 2638 603 2711 qui
616 2637 693 2693 illico
707 2656 766 2694 sue
779 2639 895 2712 conjugi
907 2639 984 2695 exei·
1037 2636 1240 2711 eleemosynis,
1256 2639 1374 2710 vigiliis,
1396 2639 1503 2696 divinis
1518 2640 1701 2710 lectionibus,
1718 2648 1751 2698 ut
1767 2658 1861 2698 mere·

160 2729 226 2783 tate
240 2745 257 2784 a
273 2744 376 2784 somno
387 2744 505 2784 narrare
516 2727 636 2784 curavit.
648 2726 806 2784 lllnnutem
817 2745 878 2785 rem
890 2727 983 2785 inusi-
1038 2732 1117 2782 retur
1131 2727 1223 2782 Deum
1237 2728 1357 2784 deorum
1368 2729 1464 2786 videre
1479 2729 1508 2784 in
1524 2730 1599 2786 sion.
1616 2730 1667 2786 His
1678 2730 1768 2804 igitur
1782 2747 1865 2787 exer·

160 2820 251 2873 latam
267 2816 385 2873 intuens
412 2816 500 2873 dicit:
517 2816 635 2889 Aliquid
651 2818 783 2874 muneris
799 2816 889 2873 divini
905 2834 985 2889 pere·
1037 2815 1114 2872 citiis
1130 2815 1227 2872 divina
1237 2817 1331 2890 gratia
1345 2819 1509 2891 preditus,
1525 2836 1559 2875 ex
1574 2819 1750 2876 revelatione
1765 2820 1865 2876 divina

160 2905 263 2983 grinus
272 2906 331 2973 hie,
341 2905 416 2980 quia
426 2905 511 2962 nobis
523 2910 678 2978 susceptus
690 2911 744 2976 est,
754 2923 854 2963 seeum
866 2905 982 2962 detulit.
1037 2904 1112 2960 scire
1126 2905 1233 2961 meruit
1242 2904 1306 2961 vite
1317 2923 1376 2962 suae
1387 2907 1556 2977 transitum;
1568 2909 1653 2979 cujus
1667 2907 1801 2965 ultimam
1812 2908 1865 2966 ho·

160 2994 213 3060 Qui
229 3012 314 3051 mane
330 2995 581 3067 abeisrequisitns
598 2993 982 3069 retulitqualitercucullam
1038 3010 1100 3049 ram
1115 2992 1200 3050 latus
1215 2993 1438 3068 prestolabatur
1458 2997 1579 3070 cupiens
1603 2996 1721 3054 dissolvi
1747 3002 1776 3054 et
1800 3015 1864 3054 esse

158 3084 222 3141 loco
238 3085 368 3141 muneris
384 3104 401 3142 a
416 3089 516 3141 saneto
529 3085 590 3140 viro
606 3084 758 3158 acceperit.
775 3086 856 3153 Quod
874 3084 993 3156 factum¹
1037 3098 1104 3139 cum
1120 3083 1246 3139 Christo.
1264 3083 1400 3157 Migravit
1414 3102 1482 3158 ergo
1497 3103 1643 3159 aeorpore
1657 3087 1782 3160 septimo
1796 3087 1865 3145 idus

160 3173 190 3230 in
206 3173 255 3229 illo
272 3173 334 3230 loco
350 3173 380 3230 in
395 3173 482 3230 laude
495 3172 705 3246 omnipotentis
716 3173 766 3228 Dei
777 3172 856 3246 vulgi
871 3190 920 3231 ore
930 3158 1019 3230 eir-C
1039 3171 1228 3243 Septembris,
1245 3172 1389 3245 recipiens
1403 3190 1539 3230 coronam
1565 3175 1749 3243 meritorum,
1774 3192 1864 3249 quam

163 3353 326 3426 vulgatum.
1039 3347 1130 3420 Cujus
1145 3365 1252 3422 corpus
1268 3349 1298 3405 in
1318 3351 1419 3408 eadem
1444 3351 1517 3408 cella
1540 3370 1657 3410 summo
1682 3352 1791 3411 honore
1811 3353 1867 3410 hu-

197 3443 241 3499 ll.
255 3442 377 3499 Talibus
392 3441 604 3499 charismatum
620 3442 705 3497 donis
721 3459 738 3498 a
759 3445 860 3498 saneto
875 3440 984 3515 Spiritu
1040 3441 1152 3494 matum
1163 3440 1227 3510 gest,
1253 3440 1302 3494 ubi
1319 3439 1549 3514 suffragantibus
1572 3443 1637 3514 ejus
1652 3442 1764 3499 meritis
1783 3460 1865 3499 oom-

160 3531 629 3602 honoratusrevcrtiturParisius.
642 3530 984 3603 Cuiurbijameontinuo
1039 3526 1136 3600 pletur
1149 3532 1249 3584 votum
1261 3545 1296 3584 ex
1320 3529 1377 3585 fide
1407 3531 1543 3602 petentis,
1564 3536 1721 3604 praestante
1740 3531 1866 3590 Domino

160 3621 302 3695 gaudium
320 3621 351 3678 [it
366 3626 423 3678 Deo
438 3622 548 3696 gratias
564 3621 714 3696 agentium
730 3637 782 3693 pro
798 3621 863 3693 ejus
878 3619 984 3688 reditu,
1039 3621 1139 3673 nostro
1154 3617 1224 3674 lesu
1241 3616 1365 3687 Christo,
1382 3618 1429 3674 oui
1445 3624 1585 3692 potestas,
1605 3621 1699 3677 honor
1722 3626 1751 3679 et
1771 3621 1866 3695 gloria

159 3729 285 3784 quorum
294 3712 363 3768 olim
375 3710 715 3767 cordanimiumiuerant
727 3710 763 3766 de
770 3711 835 3782 ejus
844 3711 984 3767 abscessu
1038 3704 1068 3762 in
1085 3705 1191 3764 secula
1203 3706 1389 3766 seculorum.
1405 3710 1507 3766 Amen.

144 3807 273 3859 moesta.
288 3801 437 3875 Excipitur
452 3801 550 3874 itaque
566 3800 641 3856 mira
652 3799 844 3857 exsultatione
858 3799 983 3874 populo-

194 3917 232 3998 (35
247 3926 391 3982 Eusebius
404 3926 550 3982 Sallaraco
561 3926 704 3983 suecessit
715 3943 791 3982 anno
808 3924 922 3981 circiter
930 3926 981 3982 551
1039 3924 1184 3979 Lutetiam
1197 3922 1373 3981 Parisiorum
1386 3926 1422 3982 ad
1433 3926 1600 3998 Sequanam
1614 3927 1735 3985 lluvium
1746 3928 1864 3998 visitur,

180 3999 328 4068 raeivitque
339 3998 368 4052 S.
382 3997 536 4063 Germano,
549 4003 581 4052 ut
595 3999 678 4053 docte
693 3998 797 4069 probat
816 3997 935 4054 Carolus
956 3997 984 4052 le
1038 3994 1864 4072 nunoS.Clodoaldi0ppidumvocitatum,vulgoS.Cloud,

158 4015 303 4124 Eointead
314 4066 517 4122 illumannum
525 4068 870 4140 num.l,eonstatquees
878 4067 942 4123 Vita
952 4069 981 4126 S.
1036 4065 1067 4121 in
1082 4067 1167 4138 cujus
1187 4066 1309 4122 ccclesia
1332 4067 1493 4141 collegiata,
1520 4069 1669 4126 destructo
1682 4071 1864 4144 jampridem

158 4139 307 4197 Droctovei
323 4138 437 4194 abbatis
453 4155 534 4192 num.
552 4156 590 4194 vr.
1037 4138 1224 4205 monasterio,
1241 4137 1336 4210 ipsius
1352 4139 1443 4194 saneti
1459 4156 1565 4212 corpus
1581 4147 1757 4198 asservatur.

194 4211 232 4284 (l)
247 4209 451 4283 Novigentum,
467 4210 570 4278 Nepent
585 4210 700 4265 duobus
716 4208 895 4266 milliaribus
906 4209 984 4266 inlra

746 4461 1281 4604 LIBELLUS

524 4707 580 4776 os
606 4660 934 4777 successonreus
959 4703 994 4774 s,
1022 4686 1220 4775 nroucinr
1249 4705 1293 4775 ru
1322 4704 1490 4777 vosaoo

566 4854 660 4927 (Apud
671 4855 704 4910 D.
716 4853 836 4922 Calmet,
848 4853 970 4909 Histoire
978 4850 1011 4909 de
1026 4852 1167 4921 Muciae,
1180 4852 1314 4924 Preuves‚
1325 4870 1354 4926 p.
1365 4853 1452 4926 xcix.)

423 5097 538 5155 CAPUT
557 5099 712 5157 PltlllUM.
1035 5101 1236 5176 rumpopulo,
1253 5099 1415 5158 divinitatis
1444 5117 1498 5174 ope
1513 5099 1629 5158 illatum
1658 5103 1703 5156 est
1725 5099 1864 5158 Mediano

191 5189 357 5247 Penultimo
373 5189 485 5245 interea
497 5188 560 5260 jam
576 5189 730 5245 memorati
752 5191 852 5247 domni
866 5193 981 5250 abbatis
1035 5191 1176 5250 eoenobio.
1200 5191 1282 5247 Sicut
1303 5189 1381 5247 enim
1404 5190 1503 5248 Victor
1516 5193 1546 5245 et
1559 5189 1651 5245 Ursus
1666 5205 1734 5245 eum
1751 5187 1865 5260 aliquot

157 5279 307 5335 Loutbaldi
319 5296 406 5350 anno,
419 5279 455 5334 ab
467 5277 667 5334 incarnatione
676 5294 743 5334 vero
754 5278 869 5336 Domini
888 5282 987 5339 nostri
1036 5288 1166 5340 castrum
1183 5280 1356 5338 Solodorum
1373 5280 1421 5353 (1),
1442 5279 1545 5336 beatus
1569 5277 1681 5334 Gereon
1706 5294 1773 5334 cum
1798 5278 1864 5335 suis

155 5366 224 5423 Jesu
240 5367 348 5425 Christi
369 5367 632 5441 septingentesimo
647 5366 909 5434 tertio,venerabile
920 5386 982 5427 cor·
1035 5373 1123 5430 etiarn
1140 5368 1277 5427 trecentis
1290 5370 1391 5427 decem
1405 5371 1434 5425 et
1448 5370 1523 5437 coto,
1540 5367 1633 5424 Mauri
1645 5381 1762 5440 quoque
1776 5365 1864 5438 quin·

155 5468 212 5526 pus
235 5455 329 5511 saneti
354 5455 495 5513 Bonilaeii
524 5455 661 5529 martyris
690 5453 823 5511 ablatum
853 5457 980 5517 Treviro·
1034 5461 1113 5535 genti
1130 5459 1373 5536 Agrippinensem
1386 5454 1603 5523 coloniamzsie
1617 5460 1646 5513 et
1656 5456 1703 5513 bio
1713 5454 1864 5533 pretiosus

163 5636 166 5641 ¹
191 5567 228 5650 (l)
244 5567 323 5628 Alias
337 5571 513 5647 Salodurum,
533 5571 674 5648 oppidum
698 5570 843 5643 helvetia,
868 5571 977 5634 Gallice
991 5576 1112 5639 Soleure.
