3878 6098
120 337 198 403 titt

506 333 674 396 apparu.
697 330 864 392 obsec.
887 329 979 391 X.⁴··
994 326 1244 391 noeentum
1266 326 1425 389 bireti-t.

1746 321 1828 382 llll

66 518 69 523 .
118 487 240 547 pomum
256 487 307 544 qw
318 467 340 543 i.
355 510 361 526 .
376 467 398 544 ,D
408 466 639 542 transgressione
653 464 764 522 multos
779 464 834 520 luit
848 479 942 521 annos
956 463 982 539 A
998 465 1060 517 mat
1074 466 1102 517 at
1117 460 1201 517 laetos
1215 460 1349 516 abscedat
1362 476 1369 514 z
1382 458 1452 532 qaia
1465 462 1496 514 tu
1509 456 1712 530 Dncjudexes
1723 458 1828 532 justus

117 577 264 637 quamque
279 560 424 616 immensa
439 556 621 630 propitiaque
638 559 687 611 tua
698 555 834 610 divinitas
845 554 874 608 in
890 554 941 609 bo-

115 652 341 709 mineassumto
354 647 423 703 tulit
444 649 472 702 et
491 644 606 700 viuculo
622 661 736 700 servum
754 643 940 716 restituitque

113 757 206 815 genus
222 739 385 795 human-nm
399 739 539 809 perpetua
550 732 706 789 elementia
720 749 819 806 regno,
832 732 941 788 inclina

113 831 150 888 ad
166 844 279 902 precem
296 823 470 882 humilitatis
496 827 598 879 nostre
623 828 651 878 et
675 822 795 879 ostende
811 822 840 876 in
857 822 942 877 nolus

114 915 345 976 misericordiam
357 919 449 976 tuam,
457 917 489 967 nt
499 912 548 984 qui
559 915 660 968 contra
668 914 845 984 proseptum
856 914 941 966 tuum

115 1012 144 1065 et
154 1007 292 1062 adversus
303 1001 437 1058 instituta
448 1000 553 1074 legalia
562 1005 591 1056 et
603 999 768 1073 evangelica
776 1004 804 1055 et
813 1016 866 1071 per
876 1016 942 1072 apc-

117 1095 219 1152 stolica
241 1093 352 1148 lurtum
375 1095 542 1163 perpetrare
559 1107 616 1145 nou
637 1093 781 1155 metuunt,
803 1089 941 1160 virtutem

994 556 1023 608 et
1033 568 1128 617 verus,
1142 554 1277 606 scrutans
1291 565 1375 605 renes
1392 554 1422 604 et
1435 548 1575 619 ‘cordaet
1586 552 1616 605 tu
1631 548 1716 605 selus
1730 549 1827 607 sciens

996 637 1823 714 cogitationeshen·riuum.Neperdasjustumcumimpio,

995 730 1044 785 sad
1057 728 1221 801 equitatem
1235 727 1450 783 misericordia.
1465 733 1522 782 tuae
1535 727 1566 782 in
1577 726 1636 783 illis
1647 729 1779 798 ostonde,
1792 736 1825 784 ut

996 819 1142 890 quomodo
1155 818 1183 872 in
1196 835 1273 890 aqua
1283 816 1493 873 benedictionis
1503 821 1533 873 et
1544 815 1762 875 maledictionis
1773 835 1825 892 pu-

996 907 1125 963 dicitiam
1138 912 1164 962 et
1176 912 1276 980 typum
1285 904 1436 962 decrevisti
1448 905 1535 961 veteri
1546 907 1696 979 quondam
1708 906 1738 962 in
1749 907 1823 981 lege,

996 996 1037 1052 ita
1049 1013 1166 1068 quoque
1180 995 1288 1050 uestris
1298 994 1480 1067 temporibus
1491 995 1520 1050 iu
1529 995 1586 1050 'hac
1597 1013 1676 1052 nunc
1686 1000 1739 1053 tua
1748 1010 1825 1054 crea·

996 1089 1063 1140 tura
1077 1101 1196 1158 operare
1218 1082 1369 1152 miracula,
1383 1088 1415 1139 ut
1433 1100 1536 1140 omues
1551 1084 1624 1141 lines
1638 1090 1722 1142 terrae
1734 1086 1824 1142 time·

117 1188 199 1239 tuam
211 1187 225 1247 t
238 1198 289 1254 per
305 1180 380 1236 hanc
395 1183 555 1235 creaturam
574 1179 658 1250 panis
673 1183 703 1233 et
724 1178 799 1233 casei
815 1176 945 1233 sentiant
997 1179 1062 1230 rent
1073 1175 1186 1246 judicia
1200 1179 1260 1234 tua.
1271 1173 1341 1246 quia
1352 1177 1383 1229 tu
1400 1190 1431 1230 es
1449 1179 1524 1231 Deus
1540 1174 1712 1232 benedictus
1733 1176 1762 1232 in
1777 1193 1825 1233 se-

118 1270 325 1337 advenissent
343 1268 366 1323 si
391 1268 507 1341 quiade
532 1267 727 1339 his,quorun1
753 1266 872 1321 nomina
895 1265 944 1321 bic
998 1263 1063 1319 cula
1078 1263 1261 1318 sacculorum.
1276 1265 1377 1317 Amen.

117 1365 219 1417 tenent
232 1358 387 1418 coinserta,
404 1357 463 1411 sive
483 1356 518 1410 de
534 1356 580 1410 bis
595 1357 693 1422 rebus,
704 1372 767 1427 quae
792 1355 822 1410 in
846 1355 943 1411 brevi·
1282 1352 1346 1407 item
1360 1353 1536 1408 exorcistam.

119 1448 185 1504 culo
201 1451 346 1516 tenentur,
359 1445 468 1517 aliquid
492 1446 606 1500 iuratus
620 1448 738 1507 estant
760 1442 944 1499 consentiens
1033 1442 1168 1497 Exorrize
1188 1445 1216 1497 te
1238 1445 1369 1496 ereatura
1385 1440 1470 1512 panis
1494 1445 1523 1496 et
1545 1441 1634 1510 casei,
1653 1459 1706 1515 per
1731 1444 1823 1500 Deum

120 1539 184 1604 luit,
197 1541 246 1591 aut
262 1533 393 1608 quolibet
403 1533 489 1588 modo
500 1531 671 1595 commixto,
683 1536 733 1587 aut
745 1532 769 1587 si
786 1532 903 1587 reddere
913 1531 944 1587 in
998 1530 1376 1602 omnipotentenr,etlesnm
1385 1529 1533 1585 Christum
1540 1530 1645 1586 Filium
1654 1533 1720 1603 ejus
1730 1536 1823 1590 usura

120 1623 255 1698 prasenti
270 1623 313 1679 vel
330 1621 458 1678 confiteri
477 1620 601 1676 noluerit
617 1637 713 1676 eoram
731 1620 877 1684 omnibus,
893 1637 943 1694 pa·
998 1637 1084 1676 urum
1096 1623 1125 1675 et
1138 1619 1279 1691 Spiritum
1294 1622 1430 1674 sanctum
1448 1616 1684 1691 procedentem'e
1701 1621 1783 1676 l'atre
1797 1626 1825 1678 et

120 1714 167 1771 nis
181 1713 224 1769 vel
241 1711 316 1767 casei
331 1710 416 1765 istius
437 1714 546 1781 partem
570 1710 669 1763 datam
685 1708 873 1782 transglutire
887 1726 942 1764 non
999 1707 1071 1765 Filio
1087 1725 1178 1763 unum
1193 1707 1283 1764 Deum
1299 1707 1329 1762 in
1341 1706 1494 1774 Tainitate,
1500 1707 1631 1780 judicem
1646 1709 1781 1767 vivorum
1791 1727 1824 1766 ac

121 1803 223 1876 possit,
235 1801 284 1856 sed
301 1803 437 1872 spumata
462 1815 511 1853 ore
525 1814 558 1852 ue
573 1801 658 1870 sputo
674 1798 818 1871 sanguine
841 1796 942 1863 aristo,
999 1796 1824 1872 mortuorumoldjurotepersanctesengstcsejasatque

120 1890 312 1960 faucibusque
322 1886 487 1942 constrictis
498 1887 668 1942 convinctus
684 1891 839 1958 appareat:
853 1892 879 1942 et
892 1885 942 1958 qui
997 1904 1049 1959 per
1063 1900 1178 1942 omnem
1196 1885 1331 1942 militiam
1347 1885 1462 1952 celiel
1476 1885 1501 1941 si
1515 1886 1565 1959 qui
1587 1903 1622 1944 ox
1644 1887 1693 1944 bis
1706 1905 1823 1946 sumere

119 1978 259 2034 innocens
275 1980 303 2031 et
317 1974 426 2031 illesus
440 1980 493 2042 cst,
507 1991 572 2030 cum
588 1974 748 2048 gratiarum
764 1975 878 2032 actione
893 1993 944 2030 su·
997 1975 1130 2037 veluerit,
1145 1979 1184 2046 te,
1201 1976 1250 2049 qui
1267 1975 1303 2030 de
1319 1974 1366 2031 bis
1380 1992 1444 2047 que
1458 1974 1489 2031 iu
1504 1974 1653 2032 haebraei
1668 1978 1754 2049 (253).

468 2171 791 2260 ortationes
821 2171 1051 2262 CONTlirl
1085 2168 1483 2262 ltAEl²lilNl.lCU'll

146 2376 328 2434 terrestria
349 2374 505 2432 MANUUM
527 2375 758 2432 lJNEltGUblltN.
779 2378 921 2435 curteu—
1000 2380 1172 2436 svavissima
1201 2378 1327 2451 Spiritus
1361 2376 1453 2453 sancti
1487 2380 1621 2452 percepta
1655 2395 1821 2452 aequamur.

1000 2469 1062 2526 Per.
1079 2486 1107 2542 g.
1124 2485 1171 2543 gg.

468 2462 600 2518 MlNUbl.

207 2600 254 2655 Fe
267 2597 487 2654 Sacramenturio
504 2596 642 2665 libcnaup.
658 2598 859 2669 antiquissimo.
1189 2576 1255 2614 “³¹⁸¹
1275 2575 1338 2614 Μ
1359 2574 1414 2613 ‘²¹³⁰
1433 2573 1637 2614 mmmm·

1035 2645 1822 2719 DominesanctePatercmnlpotenssempiternelleus,

157 2732 348 2806 Omnipotens
363 2737 468 2788 aeterne
486 2736 571 2801 Deus,
583 2732 668 2803 cujus
684 2732 755 2790 socie
771 2733 833 2789 coeli
849 2733 945 2791 diatil·
998 2737 1134 2792 virtntem
1154 2742 1235 2792 tuom
1255 2735 1324 2791 totis
1343 2752 1428 2792 exoro
1444 2735 1603 2809 gemitibus
1629 2752 1680 2807 pro
1703 2735 1823 2809 hujusa

120 2821 191 2891 lant,
209 2827 324 2879 montes
339 2821 415 2878 sicut
431 2838 497 2878 cera
522 2821 697 2893 liquescunt,
714 2827 791 2879 terra
814 2824 944 2891 tremuit,
999 2827 1117 2882 diabolo
1132 2843 1272 2898 oppressa
1293 2823 1427 2894 inlantia,
1435 2823 1485 2896 qni
1501 2824 1589 2881 etiarn
1600 2823 1739 2898 indignis
1755 2826 1824 2882 inter

120 2911 167 2968 cui
189 2917 290 2985 patent
312 2910 420 2985 abyssi,
437 2928 524 2982 quem
549 2911 680 2967 infernus
704 2913 839 2984 pavescit,
857 2930 944 2985 quem
998 2932 1152 2988 pressuras
1168 2913 1282 2971 donasti
1299 2912 1477 2984 presidium,
1493 2929 1616 2986 exsurge
1627 2929 1683 2986 ,pro
1699 2913 1824 2970 infancia

120 3000 347 3058 omnesirarum
364 3005 461 3054 motus
475 2998 620 3071 aspiciens
634 3000 816 3069 hurrritiatur,
828 3003 868 3057 Te
879 3019 946 3074 sup·
999 3003 1152 3069 debellata,
1163 3009 1192 3059 et
1208 3003 1265 3060 noli
1281 3003 1330 3057 diu
1358 3004 1481 3059 retinere
1506 3001 1676 3068 vindictam,
1693 3008 1824 3061 neeaute

120 3087 186 3161 plex
196 3089 335 3159 deprecor
344 3086 515 3143 Dominatur
525 3094 594 3155 bue,
607 3094 638 3142 ut
654 3087 834 3144 invocatione
850 3091 944 3145 uomi-
1000 3099 1188 3165 conspectum
1200 3098 1284 3148 tuum
1296 3092 1413 3147 reiciant
1422 3095 1577 3163 parentum
1589 3089 1765 3164 delicta,qui
1776 3109 1824 3147 nec

121 3175 167 3235 nia
179 3176 226 3233 tui
242 3177 279 3232 ab
295 3176 384 3247 hujus
401 3174 502 3230 lauruli
519 3175 560 3230 tni
585 3175 614 3231 il.
632 3178 781 3233 vexatione
805 3177 944 3236 inimicus
1000 3201 1052 3256 pro
1064 3182 1122 3239 tilio
1136 3188 1246 3254 qratrem
1259 3199 1311 3236 nec
1321 3180 1397 3254 patri
1408 3178 1570 3252 promisisti
1579 3178 1675 3234 filium
1682 3179 1823 3251 judicare,

121 3265 262 3323 mutuans
276 3265 423 3332 abscedat,
437 3269 465 3320 et
481 3264 516 3319 ab
539 3264 627 3335 hujus
643 3265 827 3336 possessione
848 3267 946 3324 anima
1000 3271 1140 3326 auxiliare
1153 3268 1462 3343 quaesunrus,·iuirnice
1478 3267 1582 3323 furtive
1594 3267 1670 3339 (254)
1682 3273 1822 3332 vexatum.

120 3351 243 3410 liberata
258 3354 293 3408 ad
309 3356 457 3408 auctorem
470 3371 528 3409 suae
540 3352 644 3409 salutis
661 3358 801 3423 reccurat,
813 3356 946 3431 liberate·
1001 3377 1037 3414 ne
1052 3361 1115 3416 siue
1132 3359 1307 3431 baptismate
1330 3358 1417 3412 iacias
1440 3358 1505 3429 ejus
1528 3356 1663 3413 animum
1680 3373 1699 3412 a
1712 3355 1823 3414 diabolo

121 3458 243 3514 remque
261 3457 349 3497 suum
371 3440 513 3498 diabolico
541 3442 640 3496 t'oetore
665 3441 797 3515 depulso,
815 3449 844 3499 et
859 3445 946 3500 odere
1001 3448 1159 3520 possidere,
1176 3447 1227 3503 sed
1244 3446 1339 3519 potius
1355 3450 1452 3502 tenera
1473 3449 1543 3503 atas
1567 3444 1693 3519 maligni
1709 3462 1824 3520 oppres-

157 3558 230 3630 (253)
244 3558 297 3614 Hic
315 3557 422 3614 desiuit
445 3558 542 3612 codex.
561 3558 666 3612 Prater
690 3558 749 3614 brec
771 3563 832 3615 tam
855 3560 943 3629 varia,
1000 3568 1060 3617 arte
1076 3567 1105 3618 et
1120 3564 1221 3618 fraude
1236 3562 1265 3616 in
1283 3560 1490 3623 nonnullorum
1503 3560 1642 3617 manibus
1654 3564 1822 3627 samcreat;

121 3644 185 3702 que
201 3630 328 3684 excodd.
341 3629 439 3698 liturg.
452 3629 649 3684 Alcuranuieis
662 3629 824 3697 retulimus,
838 3637 907 3686 sunt
917 3638 945 3687 et
998 3638 1028 3689 2⁰
1038 3636 1120 3701 Quod
1136 3652 1192 3689 nen
1209 3650 1324 3705 semper
1334 3650 1365 3688 sc
1380 3632 1547 3696 inclinet,et
1561 3632 1640 3704 quod
1651 3633 1824 3704 quandoque

120 3700 178 3756 alia
192 3699 220 3756 id
237 3718 330 3774 genus
346 3719 362 3756 a
379 3699 456 3755 laud.
471 3701 577 3755 lirunio
595 3705 701 3756 cretata.
714 3702 833 3773 Cupiose
847 3704 945 3776 irupri·
998 3707 1128 3777 deceptio
1140 3712 1189 3760 aut
1199 3705 1298 3759 illusio
1313 3705 1499 3770 interveniat3
1510 3707 1540 3758 3υ
1554 3704 1636 3767 Quod
1648 3705 1822 3775 quandoque

119 3773 177 3828 mis
192 3773 252 3854 agit
266 3773 302 3828 de
316 3773 393 3841 uirga
407 3772 513 3836 dicius,
527 3781 559 3826 ut
570 3776 652 3826 vocat
667 3771 763 3827 Cicero
775 3774 802 3828 in
820 3772 870 3828 lib.
884 3794 891 3829 r
903 3776 943 3830 lle
999 3793 1030 3831 se
1047 3778 1166 3843 flexerit,
1176 3778 1223 3831 ubi
1237 3793 1288 3831 nec
1299 3793 1375 3848 aqua
1386 3792 1437 3830 nec
1451 3774 1614 3830 metullum.
1630 3775 1736 3830 Puellae
1749 3776 1824 3847 uirga

118 3843 171 3898 Otr.
185 3849 226 3898 uti
242 3843 359 3925 quidem
375 3843 454 3898 varin
471 3843 542 3923 qarob
553 3842 650 3897 ‹tolor'
666 3844 882 3915 superstitionis
898 3864 944 3928 gc·
998 3848 1052 3903 hae
1068 3849 1108 3904 uti
1125 3848 1215 3903 solite}
1231 3847 1325 3904 suasit
1341 3846 1477 3909 brumes,
1491 3852 1524 3900 ut
1546 3846 1696 3917 precibus
1709 3863 1822 3903 secessu

119 3931 188 3968 nera
198 3914 421 3970 Christianismo
432 3920 501 3969 suut
512 3912 697 3985 illineretque
708 3915 795 3969 etiam
806 3915 944 3972 Christro·
998 3936 1080 3975 sacro
1095 3925 1122 3975 ct
1138 3936 1221 3975 sacra
1236 3919 1442 3974 comumuione
1466 3918 1557 3973 Deum
1581 3923 1735 3991 precatum
1750 3917 1822 3990 quod

118 3984 164 4038 nis
180 3984 439 4055 ritibusrebusque
450 3986 541 4040 saeris
557 3985 644 4039 veluti
663 3985 801 4041 obvoluta
813 4004 836 4040 :«
851 3988 885 4043 Ut
901 3988 941 4044 illi
997 3990 1211 4061 ipsesarrifieio
1223 3990 1319 4045 missae
1337 3990 1469 4054 iaciebat,
1481 3989 1674 4061 rogabatque,
1684 3994 1716 4045 ut
1729 3989 1754 4044 si
1769 4004 1822 4060 qua

118 4053 173 4126 ipsi
186 4055 462 4128 (utorS.rlugnstini
474 4055 625 4111 verbis'lr.
633 4055 682 4111 Vll
696 4056 725 4112 in
736 4057 833 4123 loun,
845 4077 869 4114 e.
882 4077 901 4125 1,
912 4078 940 4132 p.
997 4063 1103 4118 diaboli
1120 4079 1207 4134 spera
1222 4078 1255 4116 eo
1270 4061 1299 4115 in
1317 4079 1370 4116 usu
1386 4060 1585 4128 intercederet,
1599 4059 1679 4116 Deus
1691 4061 1821 4116 ellectum

116 4125 178 4195 stt)
191 4125 240 4196 qui
257 4125 402 4207 seducunt
418 4144 468 4197 per
482 4126 634 4207 ligaturas,
648 4145 698 4199 per
716 4128 940 4200 incantationes,
995 4133 1160 4203 impediret,
1175 4133 1255 4204 quod
1275 4139 1303 4188 et
1320 4136 1438 4197 turtum,
1452 4147 1503 4187 nee
1518 4131 1588 4203 quid
1613 4148 1683 4187 uam
1700 4148 1732 4187 se
1745 4130 1821 4203 virga

115 4213 167 4323 pcc
182 4195 417 4255 machinamenta
430 4197 538 4252 inimici
551 4197 694 4253 misceant
709 4201 941 4270 praecantationi-
996 4205 1165 4266 inclinante,
1182 4204 1223 4259 uti
1239 4203 1332 4276 legere
1354 4209 1398 4257 est
1423 4203 1451 4258 iu
1477 4202 1577 4275 lllcgie
1625 4203 1709 4259 'aton
1726 4200 1820 4258 Brunii

136 4285 170 4323 us
182 4268 244 4324 suis
256 4285 360 4322 noman
373 4267 477 4322 Christi
488 4287 494 4331 ;
504 4269 642 4340 quiajam
655 4287 710 4324 non
725 4278 847 4342 possunt
857 4274 941 4329 sedu-
995 4276 1073 4347 operi
1087 4277 1154 4332 edit.
1168 4293 1232 4330 nov,
1241 4292 1289 4329 nn.
1301 4276 1378 4342 1750,
1387 4274 1537 4345 premisso
1547 4279 1570 4330 t.
1579 4273 1601 4340 l,
1610 4290 1640 4348 p.
1650 4288 1750 4329 nuru.
1761 4272 1821 4345 Agi-

115 4355 178 4420 ccre
187 4339 776 4407 Christianos,uidentvenenum,addunt
785 4344 879 4400 mettis
891 4346 941 4400 ali·
995 4352 1043 4402 tur
1055 4353 1153 4419 postea
1166 4364 1192 4416 p.
1201 4364 1257 4411 xiv,
1266 4362 1327 4416 seq.
1336 4347 1371 4400 de
1381 4346 1513 4416 ejusdem
1525 4345 1612 4418 virge
1628 4362 1685 4401 usu
1698 4345 1818 4400 maxime

114 4410 195 4483 qual,
208 4415 240 4465 ut
250 4428 301 4483 per
318 4411 343 4465 id
357 4412 433 4483 quod
446 4410 529 4465 dulce
540 4418 595 4473 est,
608 4410 782 4484 luteatquod
805 4431 938 4472 amarum
953 4425 978 4488 ·[)
994 4419 1198 4491 superstitioso
1227 4419 1263 4473 ad
1293 4417 1469 4487 detegendos
1499 4415 1692 4482 t'acinorosos,
1715 4414 1818 4470 limites

115 4488 157 4536 est
166 4488 194 4537 et
202 4480 319 4538 bibatur
327 4482 362 4537 ad
373 4482 725 4555 pe1·ntctem.»Sicsotmus
734 4485 842 4540 abusos
850 4488 937 4542 etiarn

114 4551 260 4625 malignos
275 4553 338 4625 ipso
353 4554 552 4610 sacratissime
566 4570 685 4626 corpure
697 4554 821 4623 Domini,
833 4557 939 4614 verbis-

115 4639 171 4694 que
182 4625 402 4680 conserratoriis
412 4643 445 4681 ac
457 4623 522 4680 aliis
535 4625 626 4680 saeris
638 4625 781 4694 termulis,
795 4629 939 4703 rebusque

113 4695 206 4750 sacris
216 4711 293 4767 aqna
303 4696 486 4767 baptismali,
499 4697 590 4751 «feneis
607 4696 775 4768 benedictis,
788 4700 940 4770 particulis

8 4834 11 4838 ι
113 4781 160 4818 err
178 4766 310 4837 cantprmi
338 4767 491 4834 benedicti,
509 4775 747 4824 ornamentorum
773 4773 938 4828 sacerdota-

112 4834 939 4911 lium,rtc.NihilfrequentiusestiuitiollvangeliiSican-

111 4907 249 4978 mequod
260 4914 341 4964 notat
353 4909 479 4964 Bruuius
490 4911 519 4964 in
531 4926 585 4964 usn
598 4912 724 4981 pulveris
733 4914 936 4983 sympatbctiei

33 4981 36 4985 ’
110 4978 255 5051 virgaque
278 4980 468 5042 divinatoris.
491 4982 525 5035 ad
551 4983 700 5037 recondita
724 4983 939 5041 manifestanda

110 5050 238 5116 metalla,
257 5069 358 5124 aquas,
376 5059 430 5106 rte.
450 5052 584 5107 incidunt
602 5054 690 5108 etiam
708 5054 796 5126 virgis
814 5056 830 5109 fi
855 5074 937 5112 uram

109 5137 135 5176 e.
152 5138 177 5175 c.
194 5123 300 5183 erneis.
317 5123 436 5178 uomina
461 5127 582 5194 (iaspar,
607 5122 756 5187 Melchior,
773 5073 935 5196 Balbissa,

110 5192 212 5264 quales
229 5193 347 5249 Parisiis
363 5195 471 5250 servari
488 5196 558 5249 satis
574 5195 711 5266 antiquas
725 5201 849 5253 testatur
864 5199 936 5253 Bru-

110 5264 186 5319 nius.
202 5264 334 5321 limitent
347 5265 416 5320 item
431 5267 480 5338 qui
497 5266 606 5335 virgam
620 5271 729 5330 tenent,
741 5267 888 5338 psalmum
899 5274 938 5327 De

106 5337 263 5406 protendis,
284 5344 351 5402 eto,
370 5338 452 5393 Crede
476 5338 566 5393 videre
590 5338 658 5392 done
681 5339 791 5392 bomini
811 5342 840 5394 r'n
865 5349 936 5398 terra

108 5408 267 5471 virentium,
282 5412 312 5462 ut
328 5425 361 5464 ex
372 5409 489 5480 Wierpe
501 5411 536 5464 de
555 5408 681 5481 Prasiig.
695 5409 779 5464 darn.
794 5409 842 5466 tib.
854 5429 891 5473 ur,
909 5429 933 5468 c.

108 5474 136 5537 9,
150 5476 258 5533 Bodino
280 5479 410 5535 Damon.
429 5478 478 5534 lib.
497 5497 527 5545 11,
546 5498 570 5535 c.
587 5481 786 5546 &observavit
808 5482 936 5541 Bruuius

109 5543 300 5614 libroqurvu.
313 5567 338 5605 c.
355 5552 382 5617 2,
400 5551 456 5606 tria
477 5552 552 5606 eirca
576 5568 640 5606 enm
666 5568 726 5607 rem
751 5553 852 5607 statuit
868 5563 935 5626 post

121 5630 225 5679 engrun
242 5619 480 5691 disquisitionem
498 5641 524 5695 p.
535 5624 598 5678 338.
612 5623 731 5689 l⁰Quad
748 5624 860 5696 virgula
872 5628 935 5683 siue

994 4492 1199 4562 transpositos.
1215 4494 1269 4544 eto.
1283 4487 1343 4553 Ouo
1357 4488 1385 4542 in
1402 4504 1506 4559 genere
1522 4487 1636 4543 fraudis
1650 4503 1719 4542 eum
1734 4486 1817 4541 maxi

995 4579 1041 4617 me
1064 4561 1224 4617 celebretur
1246 4560 1374 4615 larsobus
1395 4561 1510 4632 dymar,
1523 4559 1559 4614 de
1574 4559 1679 4615 eodem
1698 4557 1817 4630 aliisque

994 4634 1073 4687 varia
1089 4633 1234 4687 variorum
1248 4629 1360 4702 judicia
1376 4631 1460 4687 allcrt
1475 4630 1601 4685 lirunius
1617 4635 1640 4685 t.
1659 4629 1708 4695 lll,
1720 4646 1748 4702 p.
1763 4630 1816 4683 ru.

994 4705 1108 4759 abbatis
1125 4702 1211 4757 etiam
1232 4701 1354 4758 celebris
1369 4702 1401 4757 dc
1426 4703 1453 4756 tu
1477 4703 1579 4773 Truppe
1595 4702 1632 4756 nd
1649 4700 1816 4756 lllallebran·

993 4775 1202 4843 cbiuu1,eujus
1217 4773 1379 4828 acutissimi
1396 4773 1562 4846 philesophi
1578 4772 1766 4844 aliorumque
1778 4787 1817 4824 va-

993 4847 1052 4901 rius
1067 4847 1177 4919 protect
1192 4845 1412 4900 dissertationes
1423 4849 1451 4899 et
1466 4843 1605 4917 epistolas
1621 4860 1692 4898 curn
1708 4858 1815 4914 respon·

993 4917 1078 4973 soriis
1090 4917 1119 4972 in
1133 4921 1287 4987 utramque
1299 4920 1410 4987 partam
1423 4916 1537 4972 diverso
1546 4914 1714 4988 explicandi
1727 4914 1813 4973 moto.

993 5006 1050 5062 qua
1065 4990 1175 5044 ratione
1192 5005 1238 5042 res
1255 4987 1359 5043 saltem
1380 4987 1409 5042 iu
1432 4986 1602 5060 detegendis
1617 4985 1757 5052 metallis,
1771 4988 1814 5039 aut

992 5060 1077 5133 aquis
1094 5058 1266 5114 naturaliter
1291 5057 1413 5124 accidat,
1429 5063 1479 5113 aut
1504 5056 1711 5132 superstitiose
1726 5074 1757 5113 ac
1770 5072 1815 5129 per

992 5131 1159 5187 illusionem
1185 5129 1344 5185 humanam
1361 5129 1404 5183 vel
1430 5128 1617 5197 diabolicam,
1632 5145 1687 5185 seu
1702 5144 1813 5185 concur·

991 5208 1072 5257 rente
1087 5219 1177 5257 causa
1191 5200 1289 5273 aliqua
1310 5199 1495 5274 intelligenti,
1511 5218 1575 5284 qua
1595 5216 1664 5256 sese
1678 5196 1811 5256 voluntati

991 5273 1186 5329 consultantis
1208 5273 1417 5337 accommodet,
1434 5289 1487 5327 nac
1502 5273 1559 5328 urai
1571 5289 1668 5346 super
1681 5288 1729 5338 eo,
1744 5268 1812 5344 quod

991 5347 1100 5417 petitur
1130 5344 1236 5416 detegi,
1263 5361 1294 5399 se
1323 5342 1454 5398 inflectit.
1474 5343 1564 5401 Nobis
1593 5360 1648 5416 pre
1677 5357 1812 5416 cynosura

991 5422 1061 5472 sunt
1075 5415 1266 5471 conciliorum
1292 5415 1416 5483 decreta,
1434 5415 1593 5487 quarraria
1615 5414 1674 5498 legi
1700 5415 1812 5488 possunt

990 5492 1011 5543 t.
1029 5487 1085 5552 XV,
1102 5504 1182 5542 rone.
1201 5503 1264 5542 sac.
1281 5503 1327 5541 xvc
1344 5503 1401 5558 quo
1424 5485 1485 5543 hec
1506 5486 1680 5560 superstitio
1698 5485 1809 5542 maxime

990 5559 1142 5615 increbuit.

1026 5631 1100 5699 (254)
1117 5631 1180 5699 lep,
1199 5630 1304 5685 lurore.
