3878 6098
118 245 176 303 arr
513 235 683 297 areana.
707 200 757 295 lo
780 235 873 295 arao.
899 234 1438 300 x.-uerruuaaraa1roso.
1773 239 1832 307 ara

119 369 427 446 sarram,angelorum
436 375 496 426 tam
513 371 519 439 )
535 368 597 425 loce
607 372 704 424 tenere
713 383 801 439 quam
811 383 948 424 carmena
961 371 989 437 Α
1004 368 1107 425 lbesus
1118 369 1232 425 labores
1242 368 1399 426 miseratus
1409 369 1566 426 humanos.
1575 384 1662 425 eruce
1672 368 1721 425 sui
1730 384 1831 443 corpo-

119 468 196 521 dona
212 462 263 535 qui
279 476 477 534 supernarum
491 457 634 514 uirtutum
651 459 837 524 concentum,
853 456 883 512 in
898 460 950 512 tua
1005 460 1045 513 ris
1056 457 1465 532 triunrlauit,quidlaquarad
1476 457 1833 533 tuorumcineresmarty·'

119 552 365 629 praedicationem
376 550 433 623 (93)
444 563 596 606 sumemus
607 546 693 602 ctiam
704 544 950 618 superioressitae
1003 564 1070 604 rum
1080 548 1209 621 torqueri
1220 547 1408 622 incorporeas
1424 552 1593 621 potestates,
1605 546 1667 603 urit
1680 547 1729 604 bic
1743 546 1833 605 limus

121 644 270 702 allectum.
286 658 320 698 ex
336 639 515 696 correctione
537 651 702 693 sumamus.
715 632 765 691 illa
779 633 889 691 domiui
901 650 952 690 no·
1003 652 1078 709 quos
1088 636 1207 692 ilamma
1217 654 1275 693 uon
1285 635 1832 710 tangit,torqucttauillaquosungula·

120 734 173 794 stri
190 717 246 790 lb'u'
259 717 317 805 Χῇ
327 746 384 802 que
399 728 428 783 in
440 724 640 797 memoriast)
652 723 798 795 passionis
813 739 884 779 suae
894 726 948 780 tra·
1003 743 1097 798 poena
1108 742 1165 781 uon
1177 725 1424 782 inuenitauditur
1434 726 1561 801 gemitus
1570 742 1698 799 quorum
1706 730 1832 783 tormen·

126 825 205 883 dedit
221 822 312 878 uerba
328 817 433 874 dicturi
450 833 477 888 p.
494 815 522 870 d.
539 813 594 880 Qui
608 812 712 886 pridie.
1003 817 1033 869 ta
1043 830 1101 870 non
1113 813 1309 882 cernimus,et
1319 814 1390 871 baec
1400 832 1489 888 quam
1502 831 1609 891 magna
1624 813 1709 888 parui
1722 812 1832 872 laboris

155 927 313 969 coaaacrro.
326 909 404 965 Deus
416 903 573 960 Abrabam.
586 903 760 991 deus-Isaac.
771 902 844 957 deus
855 900 942 957 laceb
1003 920 1086 975 prae·
1103 906 1108 973 )
1126 903 1194 971 mia,
1206 902 1307 960 inillea
1318 903 1456 977 uoluptas
1467 904 1544 977 quod
1554 904 1623 960 eicit
1633 902 1744 959 misera
1753 918 1829 961 caro.

120 1004 193 1061 deus
206 1007 234 1056 et
245 1004 329 1073 pater
340 993 452 1052 domini
465 993 557 1049 nostri
569 978 624 1048 lb'u
637 993 690 1065 Xpi
702 997 733 1048 tu
745 991 780 1047 de
791 990 868 1046 celia
879 990 949 1048 tuis.
1003 992 1073 1064 quid
1086 992 1141 1048 sibi
1154 992 1276 1048 inuidet.
1288 993 1324 1049 de
1337 993 1417 1049 caelo
1429 1009 1460 1049 sa
1476 995 1604 1059 reuocat,
1612 995 1641 1048 et
1653 990 1715 1047 luta
1726 990 1829 1048 reddit.

119 1091 264 1169 propitius
279 1087 420 1143 allauens.
431 1083 486 1140 hoe
501 1083 682 1139 sacrificium
698 1085 842 1136 nastrum.
857 1078 952 1136 indul·
1004 1097 1056 1136 nee
1071 1080 1126 1136 boc
1143 1080 1252 1139 mirum
1268 1081 1292 1138 si
1312 1086 1390 1138 terra
1409 1082 1630 1154 praeponderat.
1648 1078 1699 1136 sed
1715 1080 1785 1153 quia
1798 1083 1830 1136 tu

122 1179 288 1240 lentissima
310 1176 416 1250 pietate
441 1189 626 1247 prosequere.
644 1170 795 1227 discendat
811 1173 816 1239 )
832 1167 951 1223 domine
1003 1169 1122 1225 donrine
1137 1170 1209 1226 deus
1224 1174 1307 1242 pater
1321 1170 1517 1243 omnipotens.
1529 1169 1560 1225 in
1575 1168 1617 1226 tui
1634 1168 1779 1242 unigeniti
1794 1168 1831 1225 le-

121 1269 283 1346 plenitudo.
301 1263 477 1339 magistatis.
491 1260 665 1325 diuinitatis,
679 1259 806 1333 pietatis.
818 1256 948 1325 uirtutis,
1005 1261 1093 1313 uatus
1108 1274 1228 1330 corpore
1243 1257 1355 1315 caelum
1381 1276 1434 1315 nas
1459 1274 1595 1332 separare
1610 1257 1687 1330 (101)
1703 1256 1830 1314 iussisti.

118 1355 372 1419 benedictionibus
387 1354 444 1426 (95)
460 1357 488 1407 et
509 1351 618 1424 ginniac
634 1354 712 1405 tuac.
730 1365 835 1420 super
855 1346 948 1402 hunc
1004 1363 1040 1402 ne
1055 1363 1173 1420 quaeso.
1190 1348 1286 1421 patiar
1309 1349 1338 1405 ui
1363 1349 1467 1422 perire,
1485 1348 1568 1405 nobis
1598 1345 1830 1404 misericordiam

117 1464 252 1525 panem.
269 1449 301 1501 ct
324 1459 430 1516 super
455 1441 548 1496 hunc
570 1438 716 1497 calicem
740 1442 774 1493 et
798 1435 869 1492 siat
891 1451 948 1490 no·
1003 1440 1085 1491 tuam
1101 1437 1173 1493 satis
1188 1437 1226 1494 sit
1241 1438 1318 1510 quod
1333 1434 1735 1510 inclusacorporeanimain
1751 1436 1830 1510 leges

116 1543 181 1601 bis.
210 1535 369 1610 legitima
406 1528 624 1588 eucharistia
653 1528 686 1582 in
717 1526 949 1582 transforma·
1004 1524 1111 1581 nriscra
1126 1525 1232 1582 transit
1245 1524 1356 1583 alienas
1375 1525 1547 1599 generisque
1569 1541 1664 1599 poena
1677 1524 1829 1582 communi

116 1633 212 1690 tione
242 1626 300 1698 (90)
330 1620 490 1694 corporis
519 1623 551 1674 et
579 1614 773 1690 sauguinis
801 1612 947 1670 domiui.
1004 1630 1169 1686 praemere
1193 1614 1731 1688 uniusestpersolutalamiserimus
1754 1618 1830 1671 certe

117 1726 150 1778 ut
165 1718 344 1792 quicumque
358 1716 387 1768 et
401 1711 643 1779 cotienscumque
657 1723 691 1762 ea
709 1705 764 1761 boc
784 1721 900 1777 panem.
917 1707 946 1758 et
959 1742 983 1807 B
1003 1703 1237 1777 proerogatiuam
1249 1703 1607 1761 naturanonamittamus
1618 1702 1828 1776 redemptionis

116 1827 151 1866 cx
165 1809 221 1864 hoe
243 1803 333 1861 calice
358 1799 560 1857 libaberimus.
578 1812 701 1852 suamus
726 1793 821 1849 nobis.
848 1791 944 1847 moni·
998 1790 1346 1864 tuaegratiam,mercem
1357 1791 1662 1866 igiturdominetuam
1672 1790 1726 1847 tibi
1735 1808 1827 1859 sarva,

117 1901 259 1964 mentum,
271 1893 349 1950 fidei.
362 1892 505 1947 sincerem
520 1886 701 1943 dilectiones.
714 1881 873 1955 tranquilla
884 1882 943 1955 (97)
998 1896 1088 1952 quam
1103 1880 1143 1935 tili
1166 1882 1209 1937 tui
1234 1881 1416 1938 dilectissimi
1432 1881 1485 1937 tibi
1500 1897 1621 1954 carpere
1646 1879 1825 1954 conparasti,

116 2006 197 2062 spem
217 1979 447 2042 resurrectionis.
464 1979 560 2050 adque
581 1972 811 2031 immortalitatis
827 1975 943 2029 aeterne
998 1967 1072 2023 nihil
1087 1968 1157 2024 huie
1170 1970 1251 2025 carni
1268 1970 1410 2026 debemus
1422 1974 1451 2025 et
1461 1969 1597 2043 sanguini
1609 1968 1686 2042 (105)
1693 1970 1826 2041 jussum·

116 2080 144 2135 in
162 2082 213 2133 tuo
228 2074 329 2147 filique
343 2072 396 2128 tui.
413 2068 502 2126 hae...
998 2074 1053 2130 que
1067 2057 1219 2115 dominice
1232 2059 1486 2132 redemptionis.ut
1497 2058 1750 2132 quemadmodum
1760 2056 1828 2115 seri·

443 2156 550 2230 (lilSSd
570 2155 617 2225 V.)
997 2151 1080 2218 ptum
1097 2153 1152 2203 cst.
1168 2148 1262 2204 simus
1276 2148 1341 2203 eius
1351 2147 1402 2221 qui
1418 2166 1435 2204 a
1450 2146 1574 2205 mortuis
1588 2147 1759 2213 resurrexit,
1770 2164 1826 2203 me

151 2252 340 2329 (contestatio.)
357 2265 403 2305 res
419 2246 529 2320 gratiae
544 2243 699 2307 debitores,
711 2240 773 2313 iugi
788 2239 941 2295 contiuua·
998 2236 1052 2291 rito
1068 2237 1120 2291 tibi
1126 2279 1131 2292 .

117 2348 195 2403 tione
206 2343 468 2417 (98),uenerenmr‚
479 2351 531 2390 seu
540 2348 607 2388 cum
620 2331 848 2404 publieapreece
859 2344 943 2385 sacre
1031 2342 1094 2380 aua
1110 2342 1306 2382 coaresrarre.
1322 2326 1447 2400 Dignum
1464 2331 1492 2382 et
1506 2325 1618 2382 iustum
1629 2328 1687 2381 est.
1699 2340 1824 2399 aequum

115 2434 267 2491 adolemus
282 2427 395 2495 altaria,
410 2426 474 2481 siue
490 2439 557 2478 cum
570 2419 690 2478 seeretis
701 2418 845 2474 mentium
858 2434 943 2489 pene-
995 2417 1024 2469 ot
1038 2412 1150 2470 iustum
1166 2420 1220 2483 est,
1235 2433 1289 2472 nos
1303 2416 1356 2471 tibi
1372 2416 1481 2489 gratias
1496 2431 1582 2488 agere
1597 2418 1603 2486 Ι
1619 2419 1723 2473 sancte
1746 2420 1824 2488 pater

115 2520 238 2577 tralibus
258 2512 417 2572 ineffabilia
431 2512 508 2568 dicta
532 2526 595 2582 qua
621 2508 734 2575 seceris,
752 2505 941 2562 aestimantes
996 2504 1182 2577 omnipotens
1198 2505 1275 2561 Deus
1290 2506 1341 2578 qui
1366 2504 1504 2578 quamuis
1521 2502 1740 2578 magnitudinis
1761 2508 1823 2561 tuse

114 2610 202 2666 tacito
218 2608 352 2663 teusanus
373 2601 498 2667 adiectu,
522 2601 620 2671 J'ustee
635 2597 713 2653 enim
741 2613 796 2651 uox
810 2595 868 2667 (09)
883 2598 940 2649 tuas
995 2592 1135 2650 meritum
1157 2594 1246 2667 digno
1270 2611 1405 2651 sermone
1430 2612 1486 2650 non
1509 2594 1646 2649 ualemus
1671 2594 1820 2668 attingere,

115 2716 164 2756 rex
178 2696 320 2770 gentium.
338 2691 406 2764 quis
421 2705 479 2745 non
496 2686 619 2743 timebit.
632 2690 662 2741 ct
676 2682 877 2757 magnificabit
891 2699 941 2738 no·
995 2679 1819 2745 laudistamendebitunrlibentissimecontltemunauiua

4 2785 7 2789 ’
114 2805 181 2845 men
197 2789 291 2841 tuum.
304 2774 531 2852 nullaequidem
543 2776 629 2833 nobie
640 2774 736 2830 adhuc
750 2771 867 2845 cythare
879 2787 941 2844 per
995 2787 1101 2828 nomen
1130 2771 1275 2828 inuictum
1299 2771 1373 2846 regit
1397 2771 1649 2841 caelum‚terram
1675 2770 1820 2838 mariaci

114 2878 229 2934 sonant.
242 2871 334 2931 sancti
352 2868 469 2942 iniqui
490 2865 613 2923 bestiam
631 2861 740 2920 sacculi
755 2862 853 2933 huius.
871 2877 940 2916 con·
994 2876 1061 2917 oum
1076 2877 1110 2916 ex
1127 2865 1154 2917 te
1169 2861 1269 2918 omnia
1282 2866 1312 2917 tu
1330 2862 1359 2916 in
1375 2862 1512 2918 omnibus
1529 2860 1692 2928 inueneris,
1704 2858 1818 2917 esenim

114 2963 363 3023 eordiauirtutum
373 2952 719 3031 perseveranteuicerint(
728 2951 785 3023 100)
802 2954 807 3020 (
825 2949 938 3006 nullum
993 2953 1053 3005 tam
1067 2949 1221 3007 excellens.
1233 2954 1265 3007 ut
1278 2950 1356 3007 celsa
1366 2952 1532 3024 possedeas,
1543 2955 1604 3006 tam
1620 2949 1782 3023 dignabilis
1792 2953 1818 3005 ut

114 3057 150 3112 dc
165 3054 249 3111 nobis
264 3049 355 3123 Moysi
376 3046 534 3104 canticum.
551 3043 601 3116 qui
624 3042 700 3097 inter
720 3042 827 3096 duetus
843 3039 938 3095 adbuc
994 3042 1181 3096 terrenanon
1198 3041 1326 3110 deseras,
1338 3040 1381 3098 sic
1396 3041 1484 3097 etiam
1501 3041 1568 3113 pius
1587 3051 1621 3095 ut
1643 3056 1697 3096 nee
1724 3038 1816 3096 inieris

114 3145 201 3201 istius
217 3138 325 3199 saeculi
341 3135 520 3194 uolutamur.
534 3131 614 3187 nulla
625 3147 682 3186 uox
695 3129 865 3201 augelorum
881 3128 938 3183 nisi
953 3103 974 3170 C
994 3126 1083 3196 desis,
1096 3144 1223 3201 namque
1238 3147 1305 3185 cum
1318 3134 1397 3187 totus
1413 3146 1529 3203 semper
1542 3133 1569 3185 et
1581 3128 1693 3203 ubique
1703 3128 1757 3196 sis,
1768 3126 1816 3184 cle·

114 3235 188 3290 farte
200 3230 319 3287 laudare
332 3242 384 3283 nos
394 3220 586 3297 presentent
598 3221 701 3275 adesso
712 3218 797 3274 nobis
808 3220 937 3290 possent,
993 3216 1103 3273 mentia
1126 3219 1288 3275 maiestatis
1303 3223 1370 3287 tua,
1388 3226 1393 3290 )
1423 3224 1492 3275 nota
1507 3218 1656 3275 sideribus
1679 3217 1815 3292 patefacta

114 3340 181 3379 cum
197 3319 250 3376 iili
277 3316 328 3374 tui
353 3309 584 3370 dilectissimi
606 3324 736 3381 corpus
757 3322 938 3363 sacramus
992 3307 1117 3363 terrenis
1133 3309 1211 3380 apud
1226 3308 1336 3365 interos
1355 3307 1541 3365 manilestata
1565 3306 1739 3381 perclaruit,
1756 3304 1815 3380 qnia

114 3417 147 3469 et
161 3427 198 3466 sa
207 3406 381 3482 nguincm,
392 3400 442 3457 sed
454 3399 502 3472 pia
512 3416 582 3455 cara
597 3414 649 3470 pro
664 3395 822 3469 populosi
837 3398 939 3450 sancta
994 3395 1179 3453 miseratione
1190 3413 1248 3469 qua
1258 3396 1410 3470 pollessio
1420 3397 1507 3454 tidem
1516 3396 1704 3452 credentium
1715 3396 1812 3469 pascis,

44 3491 52 3501 ’
114 3517 165 3574 pra
193 3496 288 3554 salute
315 3487 525 3564 plcbisoratio.
548 3493 576 3543 et
600 3503 683 3542 mens
707 3484 797 3551 cultui
827 3483 939 3539 intente
993 3488 1026 3540 ut
1040 3484 1094 3541 hoc
1110 3489 1171 3541 tam
1185 3487 1303 3559 copioso
1317 3483 1813 3560 profetarumnumerum(10ti)spi·

114 3587 214 3645 diuina
230 3585 254 3640 si
271 3600 329 3639 non
346 3582 441 3654 potest
455 3577 637 3634 maiestatem
651 3575 723 3631 tanti
733 3574 830 3648 operis
845 3572 939 3646 exple·
993 3573 1067 3630 ritus
1082 3578 1202 3631 sanctus
1218 3591 1335 3648 semper
1349 3578 1486 3648 operatus
1500 3575 1549 3640 sit,
1565 3590 1620 3630 nce
1640 3574 1812 3647 discrepans.

113 3692 190 3744 care,
207 3673 309 3730 nititur
333 3676 431 3726 tamen
456 3685 543 3724 usum
568 3664 699 3723 concessi
724 3663 864 3732 muneris,
882 3664 939 3718 tre·
993 3662 1067 3719 altcr
1081 3663 1117 3718 ab
1133 3663 1189 3719 alio
1205 3664 1255 3720 sed
1280 3665 1379 3737 potius
1403 3664 1491 3720 deum
1516 3680 1610 3718 unum
1627 3666 1656 3719 et
1671 3663 1721 3720 dei
1736 3664 1811 3719 dona

114 3770 265 3840 quentare,
286 3760 353 3836 quis
377 3759 456 3816 enim
473 3762 478 3828 )
495 3756 587 3829 possit
613 3753 812 3828 perfuncturio
836 3768 937 3823 sensu,
992 3752 1090 3808 enanis
1102 3751 1441 3825 protetiaconsonavoce
1452 3755 1584 3819 testetur,
1598 3756 1631 3807 ut
1643 3767 1680 3807 eo
1691 3749 1813 3808 sitnobis

114 3855 214 3912 diuina
228 3858 280 3910 tua
294 3848 451 3925 praeterire
466 3862 599 3917 munera,
612 3849 645 3900 tu
661 3840 852 3915 corruptibili.
866 3841 937 3897 limo
993 3841 1290 3910 manifestalldesqui
1300 3841 1813 3914 abundantiusprofetarumnumero

113 3934 634 4016 lutoquesolubilispiritu(lOl)uitae
643 3929 938 4003 insutllaredignatus
992 3933 1021 3986 et
1031 3929 1199 3986 testimonia
1211 3930 1389 4004 perhibetur.
1401 3932 1617 3988 incrementum
1629 3947 1680 3987 ma
1696 3932 1702 4002 Ι
1718 3928 1813 3987 iusha-

113 4050 154 4102 es,
166 4031 316 4087 bominem
328 4026 420 4083 fecisti
432 4023 583 4096 essequod
596 4022 681 4077 limos
692 4025 745 4076 est.
758 4021 832 4093 (102)
846 4022 937 4075 mate·
992 4018 1090 4075 bitura
1099 4019 1280 4077 credulitatis
1291 4021 1366 4095 (107)
1377 4019 1499 4077 intentio
1514 4036 1583 4076 cum
1601 4017 1738 4087 conlatis,
1752 4016 1811 4075 bine

113 4123 246 4193 riamque
257 4115 423 4182 mortalem,
436 4115 472 4169 ad
485 4112 642 4185 imaginem
653 4108 937 4181 similitudinemque
992 4114 1022 4164 et
1039 4108 1105 4167 inde
1118 4109 1184 4166 ildei
1197 4111 1338 4167 membris
1351 4109 1502 4184 plenitudo
1512 4110 1645 4182 corporis
1659 4108 1809 4165 inuenitur.

113 4215 195 4267 tuam
211 4204 335 4280 spiritali
352 4202 509 4260 uiuificasti
520 4202 617 4276 vigore
633 4203 763 4271 naturae,
776 4203 808 4254 ut
823 4197 937 4272 pigram
993 4215 1046 4255 nec
1057 4198 1205 4255 frustrata
1215 4196 1809 4273 nabispersaeculanuntiantur,uidalieet

112 4299 237 4356 humum
249 4295 442 4365 hebetemque
454 4290 558 4346 limum
568 4289 673 4362 igneus
687 4286 779 4361 uigor.
788 4287 868 4343 intus
879 4289 939 4344 ani·
993 4306 1029 4345 ne
1045 4289 1267 4361 inopinantibus
1287 4289 1436 4345 accederet
1450 4288 1574 4345 caeleste
1590 4286 1771 4345 beneficium.
1783 4286 1808 4339 et

111 4391 216 4445 maret.
228 4383 372 4459 agilisque
388 4385 469 4437 mictu
485 4395 577 4436 uenae
597 4377 732 4451 tepentis.
749 4394 816 4433 caro
838 4381 938 4433 nostra
993 4378 1112 4433 difficile
1128 4377 1293 4450 ignorantia
1317 4379 1446 4434 crederet
1470 4379 1548 4451 quod
1563 4377 1667 4434 statim
1691 4376 1805 4440 deberet,

112 4472 365 4547 uiuesceret,quid
378 4488 492 4528 sumus.
504 4472 532 4526 et
542 4470 685 4542 quantum
696 4483 833 4525 eruemus
849 4469 854 4536 Ι
871 4465 939 4524 huic
954 4474 977 4539 Ι)
993 4467 1065 4523 tides
1083 4466 1099 4521 ir
1114 4466 1258 4522 luminata
1274 4467 1433 4540 suscipere,
1444 4466 1558 4523 traditis
1575 4467 1676 4541 itaque
1688 4464 1804 4538 legisor·

110 4567 183 4622 limo
193 4564 282 4637 leges.
293 4562 362 4618 huic
372 4560 442 4616 limo
455 4559 632 4633 profetarum
645 4556 845 4630 eraculathS)
854 4572 940 4630 ange·
993 4555 1113 4612 dinibus
1123 4560 1151 4612 et
1160 4555 1311 4628 inspiratis
1320 4557 1500 4628 prolatarum
1513 4554 1637 4612 uocibus
1651 4554 1804 4611 indiciaru-

112 4655 208 4711 lerum
220 4645 938 4720 ministeriamilitarunt‚huielimoipsedominus
993 4649 1158 4716 currerunt,
1171 4649 1203 4701 ut
1217 4661 1284 4701 cum
1300 4643 1416 4701 caelesti
1436 4643 1578 4701 beneficio
1593 4644 1800 4719 gratularemur,

148 4848 207 4997 (93)
223 4850 297 4905 Loco
313 4845 402 4902 ablat.
1039 4842 1085 4912 90)
1102 4842 1168 4914 Leg.
1185 4843 1249 4898 aim.
1266 4841 1415 4897 Mamaea.

159 4921 194 4977 91
220 4921 392 4976 anemoriom.
1042 4914 1103 4985 100)
1118 4914 1213 4969 Sancti
1235 4915 1279 4969 tui
1300 4908 1333 4969 de
1354 4913 1571 4985 persecutoribus
1583 4914 1643 4969 sess
1664 4920 1691 4969 et
1709 4906 1798 4967 dublo

148 4992 196 5067 (95
223 4990 425 5049 benedictionis.
992 4985 1078 5040 trium
1098 4984 1383 5040 torcat.Mab.198.

148 5065 194 5190 (ἓξ
222 5064 280 5192 illac
296 5063 331 5118 de
346 5059 493 5117 vocevide
508 5057 715 5133 Prolegamena
730 5061 831 5115 nostra
845 5055 878 5112 b.
1028 5001 1104 5128 (los)
1120 5057 1194 5113 Loco
1224 5056 1393 5112 accusativi.
1422 5059 1506 5113 lteest
1528 5052 1750 5113 abbreviationis
1765 5048 1795 5106 si·

246 5150 297 5192 oco
313 5149 411 5188 accus.
1035 5143 1095 5182 am.
1230 5162 1233 5167 ,

158 5208 193 5262 98
220 5207 331 5278 Nempe
346 5204 451 5260 iterata
464 5201 643 5257 sanctissimi
660 5199 795 5256 saorisscii
812 5197 937 5254 celebra·
992 5140 1031 5200 gn
1042 5198 1104 5271 102)
1119 5201 1233 5256 eteros.

112 5279 201 5336 tione.
213 5278 308 5334 Verba
318 5273 472 5348 sequentia
484 5275 593 5330 secretis
606 5276 635 5328 et
649 5280 724 5328 teuto
738 5271 775 5327 ad
791 5270 938 5325 Cononem
1041 5270 1093 5324 103
1120 5268 1209 5338 Mab,
1227 5270 1289 5338 100,
1305 5271 1417 5327 oracula
1431 5279 1534 5327 votem.

112 5351 209 5406 misere
233 5348 405 5422 respiciunt,
423 5362 510 5418 quem
536 5344 604 5400 inde
628 5359 696 5400 voce
721 5341 845 5397 remissa
869 5344 939 5395 tuno
1043 5341 1093 5396 101
1120 5342 1242 5398 Videtur
1255 5341 1441 5399 mendosum.

112 5421 200 5477 etiam
217 5420 370 5476 recitatum
388 5417 478 5473 luisse
493 5414 670 5472 concludas:
688 5412 847 5470 inellabilia
861 5411 939 5467 dicta
1028 5412 1093 5485 (105
1120 5413 1204 5469 Rom.
1219 5430 1279 5485 vrri,
1294 5414 1339 5469 te.

113 5492 277 5547 suntvcrba
289 5484 938 5546 iustitutioniseucharistiae.blesa—Forsan
1044 5484 1093 5539 100
1118 5501 1241 5540 sternere.

113 5562 270 5637 legendum
286 5564 341 5620 erit
357 5563 442 5619 diret.
460 5559 492 5629 D,
1029 5488 1287 5633 (107)Μ11).,280,
1307 5572 1386 5615 mero
1410 5555 1581 5615 credulitatis
1605 5556 1724 5615 inclusit.
1746 5550 1792 5608 err
