<?xml version="1.0" encoding="UTF-8"?>
<!DOCTYPE html PUBLIC "-//W3C//DTD XHTML 1.0 Transitional//EN"
    "http://www.w3.org/TR/xhtml1/DTD/xhtml1-transitional.dtd">
<html xmlns="http://www.w3.org/1999/xhtml" xml:lang="en" lang="en">
 <head>
  <title>
</title>
<meta http-equiv="Content-Type" content="text/html;charset=utf-8" />
  <meta name='ocr-system' content='tesseract 3.04.00' />
  <meta name='ocr-capabilities' content='ocr_page ocr_carea ocr_par ocr_line ocrx_word'/>
</head>
<body>
  <div class='ocr_page' id='page_1' title='image "./patrologiaecurs24unkngoog_0075.png"; bbox 0 0 3878 6098; ppageno 0'>
   <div class='ocr_carea' id='block_1_1' title="bbox 172 299 1883 393">
    <p class='ocr_par' dir='ltr' id='par_1_1' title="bbox 172 299 1883 393">
     <span class='ocr_line' id='line_1_1' title="bbox 172 299 1883 393; baseline -0.001 -26"><span class='ocrx_word' id='word_1_1' title='bbox 172 305 231 367; x_wconf 82' lang='lat'><strong>139</strong></span> <span class='ocrx_word' id='word_1_2' title='bbox 575 299 580 308; x_wconf 84' lang='grc'><strong>’</strong></span> <span class='ocrx_word' id='word_1_3' title='bbox 721 300 879 368; x_wconf 78' lang='lat' dir='ltr'><strong>lalcltttal</strong></span> <span class='ocrx_word' id='word_1_4' title='bbox 904 303 937 367; x_wconf 89' lang='lat' dir='ltr'><strong>S.</strong></span> <span class='ocrx_word' id='word_1_5' title='bbox 960 300 1112 367; x_wconf 73' lang='lat' dir='ltr'><strong>rantolt</strong></span> <span class='ocrx_word' id='word_1_6' title='bbox 1135 303 1329 393; x_wconf 73' lang='lat' dir='ltr'><strong>MONACHI.</strong></span> <span class='ocrx_word' id='word_1_7' title='bbox 1824 303 1883 366; x_wconf 84' lang='lat' dir='ltr'><strong>llO</strong></span> 
     </span>
    </p>
   </div>
   <div class='ocr_carea' id='block_1_2' title="bbox 109 433 1884 2207">
    <p class='ocr_par' dir='ltr' id='par_1_2' title="bbox 109 433 1884 2207">
     <span class='ocr_line' id='line_1_2' title="bbox 172 433 1884 512; baseline 0.001 -18"><span class='ocrx_word' id='word_1_8' title='bbox 172 440 323 511; x_wconf 79' lang='lat' dir='ltr'><strong>querente,</strong></span> <span class='ocrx_word' id='word_1_9' title='bbox 352 435 532 493; x_wconf 90' lang='lat' dir='ltr'><strong>unanimiter</strong></span> <span class='ocrx_word' id='word_1_10' title='bbox 569 437 762 510; x_wconf 80' lang='lat' dir='ltr'><strong>refragantur.</strong></span> <span class='ocrx_word' id='word_1_11' title='bbox 792 435 898 493; x_wconf 88' lang='lat' dir='ltr'>Odium</span> <span class='ocrx_word' id='word_1_12' title='bbox 927 454 995 512; x_wconf 89' lang='lat' dir='ltr'><strong>ergo</strong></span> <span class='ocrx_word' id='word_1_13' title='bbox 1009 437 1130 505; x_wconf 71' lang='lat' dir='ltr'><strong>Abrevi</strong></span> <span class='ocrx_word' id='word_1_14' title='bbox 1147 437 1314 509; x_wconf 91' lang='lat' dir='ltr'><strong>adepturos.</strong></span> <span class='ocrx_word' id='word_1_15' title='bbox 1329 435 1473 492; x_wconf 89' lang='lat' dir='ltr'><strong>Processit</strong></span> <span class='ocrx_word' id='word_1_16' title='bbox 1487 433 1632 493; x_wconf 82' lang='lat' dir='ltr'><strong>exercitus</strong></span> <span class='ocrx_word' id='word_1_17' title='bbox 1644 437 1776 509; x_wconf 90' lang='lat' dir='ltr'><strong>uterque,</strong></span> <span class='ocrx_word' id='word_1_18' title='bbox 1789 435 1884 496; x_wconf 86' lang='lat' dir='ltr'><strong>donec</strong></span> 
     </span>
     <span class='ocr_line' id='line_1_3' title="bbox 168 524 1883 600; baseline 0.001 -16"><span class='ocrx_word' id='word_1_19' title='bbox 168 525 319 599; x_wconf 81' lang='lat' dir='ltr'><strong>utrimque</strong></span> <span class='ocrx_word' id='word_1_20' title='bbox 329 525 485 595; x_wconf 88' lang='lat' dir='ltr'><strong>simulant;</strong></span> <span class='ocrx_word' id='word_1_21' title='bbox 498 525 579 598; x_wconf 90' lang='lat' dir='ltr'><strong>pium</strong></span> <span class='ocrx_word' id='word_1_22' title='bbox 591 526 728 582; x_wconf 83' lang='lat' dir='ltr'><strong>allectum</strong></span> <span class='ocrx_word' id='word_1_23' title='bbox 739 524 820 581; x_wconf 92' lang='lat' dir='ltr'><strong>nullo</strong></span> <span class='ocrx_word' id='word_1_24' title='bbox 833 527 920 582; x_wconf 93' lang='lat' dir='ltr'><strong>modo</strong></span> <span class='ocrx_word' id='word_1_25' title='bbox 932 543 995 598; x_wconf 90' lang='lat' dir='ltr'><strong>pro·</strong></span> <span class='ocrx_word' id='word_1_26' title='bbox 1049 525 1122 582; x_wconf 90' lang='lat' dir='ltr'><strong>alter</strong></span> <span class='ocrx_word' id='word_1_27' title='bbox 1137 525 1262 582; x_wconf 89' lang='lat' dir='ltr'><strong>alterum</strong></span> <span class='ocrx_word' id='word_1_28' title='bbox 1278 526 1307 580; x_wconf 94' lang='lat' dir='ltr'><strong>in</strong></span> <span class='ocrx_word' id='word_1_29' title='bbox 1324 529 1479 598; x_wconf 90' lang='lat' dir='ltr'><strong>prospectu</strong></span> <span class='ocrx_word' id='word_1_30' title='bbox 1495 524 1635 594; x_wconf 88' lang='lat' dir='ltr'><strong>haheret;</strong></span> <span class='ocrx_word' id='word_1_31' title='bbox 1652 530 1680 582; x_wconf 90' lang='lat' dir='ltr'><strong>et</strong></span> <span class='ocrx_word' id='word_1_32' title='bbox 1695 526 1736 581; x_wconf 90' lang='lat' dir='ltr'><strong>sic</strong></span> <span class='ocrx_word' id='word_1_33' title='bbox 1758 532 1883 600; x_wconf 85' lang='lat' dir='ltr'><strong>uterque</strong></span> 
     </span>
     <span class='ocr_line' id='line_1_4' title="bbox 170 613 1881 687; baseline -0.001 -14"><span class='ocrx_word' id='word_1_34' title='bbox 170 616 303 673; x_wconf 83' lang='lat' dir='ltr'><strong>dunt.Ab</strong></span> <span class='ocrx_word' id='word_1_35' title='bbox 313 618 438 687; x_wconf 90' lang='lat' dir='ltr'><strong>utroque</strong></span> <span class='ocrx_word' id='word_1_36' title='bbox 446 613 993 687; x_wconf 87' lang='lat' dir='ltr'><strong>querimonianonnullasimulabatur,</strong></span> <span class='ocrx_word' id='word_1_37' title='bbox 1049 613 1125 670; x_wconf 77' lang='lat' dir='ltr'><strong>fixus</strong></span> <span class='ocrx_word' id='word_1_38' title='bbox 1137 614 1267 670; x_wconf 89' lang='lat' dir='ltr'><strong>herebat.</strong></span> <span class='ocrx_word' id='word_1_39' title='bbox 1280 614 1432 687; x_wconf 90' lang='lat' dir='ltr'><strong>Utrimque</strong></span> <span class='ocrx_word' id='word_1_40' title='bbox 1445 630 1502 670; x_wconf 91' lang='lat' dir='ltr'><strong>non</strong></span> <span class='ocrx_word' id='word_1_41' title='bbox 1515 614 1702 671; x_wconf 76' lang='lat' dir='ltr'><strong>mediocriter</strong></span> <span class='ocrx_word' id='word_1_42' title='bbox 1712 614 1881 672; x_wconf 78' lang='lat' dir='ltr'><strong>dubitatum</strong></span> 
     </span>
     <span class='ocr_line' id='line_1_5' title="bbox 169 702 1882 778; baseline -0.002 -16"><span class='ocrx_word' id='word_1_43' title='bbox 169 703 386 778; x_wconf 88' lang='lat' dir='ltr'><strong>eoquodalter</strong></span> <span class='ocrx_word' id='word_1_44' title='bbox 406 704 547 771; x_wconf 87' lang='lat' dir='ltr'><strong>desertor,</strong></span> <span class='ocrx_word' id='word_1_45' title='bbox 577 703 650 760; x_wconf 91' lang='lat' dir='ltr'><strong>alter</strong></span> <span class='ocrx_word' id='word_1_46' title='bbox 673 703 791 759; x_wconf 88' lang='lat' dir='ltr'><strong>invasor</strong></span> <span class='ocrx_word' id='word_1_47' title='bbox 817 702 938 760; x_wconf 88' lang='lat' dir='ltr'><strong>alterius</strong></span> <span class='ocrx_word' id='word_1_48' title='bbox 957 704 994 759; x_wconf 92' lang='lat' dir='ltr'><strong>ab</strong></span> <span class='ocrx_word' id='word_1_49' title='bbox 1049 707 1103 770; x_wconf 89' lang='lat' dir='ltr'><strong>est,</strong></span> <span class='ocrx_word' id='word_1_50' title='bbox 1121 720 1187 758; x_wconf 90' lang='lat' dir='ltr'><strong>cum</strong></span> <span class='ocrx_word' id='word_1_51' title='bbox 1205 702 1327 759; x_wconf 86' lang='lat' dir='ltr'><strong>llarolus</strong></span> <span class='ocrx_word' id='word_1_52' title='bbox 1343 702 1384 759; x_wconf 91' lang='lat' dir='ltr'><strong>rei</strong></span> <span class='ocrx_word' id='word_1_53' title='bbox 1400 703 1537 758; x_wconf 91' lang='lat' dir='ltr'><strong>militaris</strong></span> <span class='ocrx_word' id='word_1_54' title='bbox 1549 702 1679 774; x_wconf 90' lang='lat' dir='ltr'><strong>inopiam</strong></span> <span class='ocrx_word' id='word_1_55' title='bbox 1696 703 1827 770; x_wconf 86' lang='lat' dir='ltr'><strong>haberet,</strong></span> <span class='ocrx_word' id='word_1_56' title='bbox 1837 721 1882 760; x_wconf 86' lang='lat' dir='ltr'><strong>re·</strong></span> 
     </span>
     <span class='ocr_line' id='line_1_6' title="bbox 171 791 1881 865; baseline 0 -16"><span class='ocrx_word' id='word_1_57' title='bbox 171 798 295 865; x_wconf 90' lang='lat' dir='ltr'><strong>utroque</strong></span> <span class='ocrx_word' id='word_1_58' title='bbox 316 791 519 848; x_wconf 79' lang='lat' dir='ltr'><strong>enuntiaretur</strong></span> <span class='ocrx_word' id='word_1_59' title='bbox 532 792 575 847; x_wconf 72' lang='lat'><strong>¹⁵⁷⁴.</strong></span> <span class='ocrx_word' id='word_1_60' title='bbox 592 793 722 848; x_wconf 84' lang='lat' dir='ltr'><strong>Tandem</strong></span> <span class='ocrx_word' id='word_1_61' title='bbox 743 792 884 848; x_wconf 85' lang='lat' dir='ltr'><strong>Arnullus</strong></span> <span class='ocrx_word' id='word_1_62' title='bbox 899 793 932 827; x_wconf 77' lang='lat'><strong>³³⁸</strong></span> <span class='ocrx_word' id='word_1_63' title='bbox 948 809 994 848; x_wconf 87' lang='lat' dir='ltr'><strong>sa·</strong></span> <span class='ocrx_word' id='word_1_64' title='bbox 1048 806 1114 864; x_wconf 88' lang='lat' dir='ltr'><strong>gem</strong></span> <span class='ocrx_word' id='word_1_65' title='bbox 1127 808 1193 847; x_wconf 83' lang='lat' dir='ltr'><strong>vero</strong></span> <span class='ocrx_word' id='word_1_66' title='bbox 1209 791 1326 847; x_wconf 90' lang='lat' dir='ltr'><strong>animus</strong></span> <span class='ocrx_word' id='word_1_67' title='bbox 1342 791 1388 846; x_wconf 90' lang='lat' dir='ltr'><strong>sui</strong></span> <span class='ocrx_word' id='word_1_68' title='bbox 1405 791 1543 847; x_wconf 84' lang='lat' dir='ltr'><strong>facinoris</strong></span> <span class='ocrx_word' id='word_1_69' title='bbox 1558 791 1693 847; x_wconf 88' lang='lat' dir='ltr'><strong>conscius</strong></span> <span class='ocrx_word' id='word_1_70' title='bbox 1714 793 1881 864; x_wconf 87' lang='lat' dir='ltr'><strong>contrajus</strong></span> 
     </span>
     <span class='ocr_line' id='line_1_7' title="bbox 171 878 1880 954; baseline -0.002 -13"><span class='ocrx_word' id='word_1_71' title='bbox 171 885 320 941; x_wconf 83' lang='lat' dir='ltr'><strong>eramento</strong></span> <span class='ocrx_word' id='word_1_72' title='bbox 335 881 422 937; x_wconf 89' lang='lat' dir='ltr'><strong>iidem</strong></span> <span class='ocrx_word' id='word_1_73' title='bbox 438 880 704 948; x_wconf 84' lang='lat' dir='ltr'><strong>saciens,libertate</strong></span> <span class='ocrx_word' id='word_1_74' title='bbox 723 881 834 954; x_wconf 92' lang='lat' dir='ltr'><strong>potitus</strong></span> <span class='ocrx_word' id='word_1_75' title='bbox 847 886 891 937; x_wconf 89' lang='lat' dir='ltr'><strong>est</strong></span> <span class='ocrx_word' id='word_1_76' title='bbox 906 886 934 936; x_wconf 93' lang='lat' dir='ltr'><strong>et</strong></span> <span class='ocrx_word' id='word_1_77' title='bbox 957 882 993 936; x_wconf 92' lang='lat' dir='ltr'><strong>ad</strong></span> <span class='ocrx_word' id='word_1_78' title='bbox 1048 895 1134 952; x_wconf 86' lang='lat' dir='ltr'><strong>agere</strong></span> <span class='ocrx_word' id='word_1_79' title='bbox 1145 881 1178 915; x_wconf 80' lang='lat'>&#39;⁵⁸³</span> <span class='ocrx_word' id='word_1_80' title='bbox 1193 885 1338 952; x_wconf 88' lang='lat' dir='ltr'><strong>argueret,</strong></span> <span class='ocrx_word' id='word_1_81' title='bbox 1354 896 1422 935; x_wconf 92' lang='lat' dir='ltr'><strong>cum</strong></span> <span class='ocrx_word' id='word_1_82' title='bbox 1450 878 1590 935; x_wconf 88' lang='lat' dir='ltr'><strong>Karolam</strong></span> <span class='ocrx_word' id='word_1_83' title='bbox 1619 883 1740 951; x_wconf 89' lang='lat' dir='ltr'><strong>paterno</strong></span> <span class='ocrx_word' id='word_1_84' title='bbox 1767 879 1880 938; x_wconf 84' lang='lat' dir='ltr'><strong>honore</strong></span> 
     </span>
     <span class='ocr_line' id='line_1_8' title="bbox 171 967 1880 1042; baseline 0 -15"><span class='ocrx_word' id='word_1_85' title='bbox 171 988 226 1028; x_wconf 89' lang='lat' dir='ltr'><strong>sua</strong></span> <span class='ocrx_word' id='word_1_86' title='bbox 239 987 382 1027; x_wconf 89' lang='lat' dir='ltr'><strong>reversus.</strong></span> <span class='ocrx_word' id='word_1_87' title='bbox 409 971 512 1026; x_wconf 79' lang='lat' dir='ltr'><strong>llarolo</strong></span> <span class='ocrx_word' id='word_1_88' title='bbox 526 971 631 1026; x_wconf 79' lang='lat' dir='ltr'><strong>exinde</strong></span> <span class='ocrx_word' id='word_1_89' title='bbox 646 970 676 1025; x_wconf 91' lang='lat' dir='ltr'><strong>in</strong></span> <span class='ocrx_word' id='word_1_90' title='bbox 691 971 829 1026; x_wconf 91' lang='lat' dir='ltr'><strong>omnibus</strong></span> <span class='ocrx_word' id='word_1_91' title='bbox 844 969 923 1026; x_wconf 82' lang='lat' dir='ltr'><strong>lavit.</strong></span> <span class='ocrx_word' id='word_1_92' title='bbox 940 971 955 1026; x_wconf 88' lang='lat' dir='ltr'>J</span> <span class='ocrx_word' id='word_1_93' title='bbox 960 987 993 1025; x_wconf 90' lang='lat' dir='ltr'><strong>us</strong></span> <span class='ocrx_word' id='word_1_94' title='bbox 1048 967 1224 1040; x_wconf 90' lang='lat' dir='ltr'><strong>spoliaverit,</strong></span> <span class='ocrx_word' id='word_1_95' title='bbox 1236 974 1324 1041; x_wconf 89' lang='lat' dir='ltr'><strong>atque</strong></span> <span class='ocrx_word' id='word_1_96' title='bbox 1336 968 1603 1042; x_wconf 88' lang='lat' dir='ltr'><strong>regnijurainsese</strong></span> <span class='ocrx_word' id='word_1_97' title='bbox 1614 969 1815 1025; x_wconf 83' lang='lat' dir='ltr'><strong>transfuderit.</strong></span> <span class='ocrx_word' id='word_1_98' title='bbox 1826 970 1880 1027; x_wconf 88' lang='lat' dir='ltr'><strong>His</strong></span> 
     </span>
     <span class='ocr_line' id='line_1_9' title="bbox 170 1057 1879 1132; baseline -0.001 -16"><span class='ocrx_word' id='word_1_99' title='bbox 170 1076 287 1132; x_wconf 90' lang='lat' dir='ltr'><strong>quoque</strong></span> <span class='ocrx_word' id='word_1_100' title='bbox 303 1059 382 1126; x_wconf 81' lang='lat' dir='ltr'><strong>fidei,</strong></span> <span class='ocrx_word' id='word_1_101' title='bbox 398 1058 458 1131; x_wconf 91' lang='lat' dir='ltr'><strong>regi</strong></span> <span class='ocrx_word' id='word_1_102' title='bbox 478 1059 665 1128; x_wconf 90' lang='lat' dir='ltr'><strong>servandum,</strong></span> <span class='ocrx_word' id='word_1_103' title='bbox 682 1059 798 1131; x_wconf 89' lang='lat' dir='ltr'><strong>penitus</strong></span> <span class='ocrx_word' id='word_1_104' title='bbox 814 1060 941 1131; x_wconf 84' lang='lat' dir='ltr'><strong>abrupit.</strong></span> <span class='ocrx_word' id='word_1_105' title='bbox 959 1060 992 1115; x_wconf 86' lang='lat' dir='ltr'><strong>G.</strong></span> <span class='ocrx_word' id='word_1_106' title='bbox 1048 1057 1283 1130; x_wconf 89' lang='lat' dir='ltr'><strong>uterqoohorens</strong></span> <span class='ocrx_word' id='word_1_107' title='bbox 1290 1058 1473 1131; x_wconf 88' lang='lat' dir='ltr'><strong>persistebat.</strong></span> <span class='ocrx_word' id='word_1_108' title='bbox 1483 1058 1614 1113; x_wconf 83' lang='lat' dir='ltr'><strong>Tandem</strong></span> <span class='ocrx_word' id='word_1_109' title='bbox 1624 1057 1735 1114; x_wconf 91' lang='lat' dir='ltr'><strong>ratione</strong></span> <span class='ocrx_word' id='word_1_110' title='bbox 1746 1075 1879 1131; x_wconf 87' lang='lat' dir='ltr'><strong>congrua</strong></span> 
     </span>
     <span class='ocr_line' id='line_1_10' title="bbox 169 1147 1878 1221; baseline 0 -17"><span class='ocrx_word' id='word_1_111' title='bbox 169 1154 198 1204; x_wconf 92' lang='lat' dir='ltr'><strong>et</strong></span> <span class='ocrx_word' id='word_1_112' title='bbox 211 1148 245 1203; x_wconf 89' lang='lat' dir='ltr'><strong>V.</strong></span> <span class='ocrx_word' id='word_1_113' title='bbox 262 1165 313 1220; x_wconf 91' lang='lat' dir='ltr'><strong>per</strong></span> <span class='ocrx_word' id='word_1_114' title='bbox 327 1148 390 1203; x_wconf 90' lang='lat' dir='ltr'><strong>dies</strong></span> <span class='ocrx_word' id='word_1_115' title='bbox 406 1147 519 1219; x_wconf 80' lang='lat' dir='ltr'><strong>aliquot</strong></span> <span class='ocrx_word' id='word_1_116' title='bbox 543 1164 658 1204; x_wconf 89' lang='lat' dir='ltr'><strong>carcere</strong></span> <span class='ocrx_word' id='word_1_117' title='bbox 680 1148 803 1214; x_wconf 85' lang='lat' dir='ltr'><strong>detrusi,</strong></span> <span class='ocrx_word' id='word_1_118' title='bbox 821 1164 877 1203; x_wconf 92' lang='lat' dir='ltr'><strong>non</strong></span> <span class='ocrx_word' id='word_1_119' title='bbox 899 1147 993 1203; x_wconf 91' lang='lat' dir='ltr'><strong>multo</strong></span> <span class='ocrx_word' id='word_1_120' title='bbox 1048 1147 1257 1218; x_wconf 72' lang='lat' dir='ltr'><strong>optimatibus</strong></span> <span class='ocrx_word' id='word_1_121' title='bbox 1273 1147 1334 1220; x_wconf 90' lang='lat' dir='ltr'><strong>regi</strong></span> <span class='ocrx_word' id='word_1_122' title='bbox 1345 1151 1516 1221; x_wconf 90' lang='lat' dir='ltr'><strong>suggestum</strong></span> <span class='ocrx_word' id='word_1_123' title='bbox 1528 1151 1572 1202; x_wconf 90' lang='lat' dir='ltr'><strong>est</strong></span> <span class='ocrx_word' id='word_1_124' title='bbox 1585 1147 1799 1219; x_wconf 83' lang='lat' dir='ltr'><strong>aliquantisper</strong></span> <span class='ocrx_word' id='word_1_125' title='bbox 1809 1165 1878 1204; x_wconf 92' lang='lat' dir='ltr'><strong>cum</strong></span> 
     </span>
     <span class='ocr_line' id='line_1_11' title="bbox 168 1234 1878 1308; baseline 0.001 -17"><span class='ocrx_word' id='word_1_126' title='bbox 168 1239 428 1307; x_wconf 86' lang='lat' dir='ltr'><strong>posteacramento</strong></span> <span class='ocrx_word' id='word_1_127' title='bbox 443 1235 566 1303; x_wconf 82' lang='lat' dir='ltr'><strong>astricti,</strong></span> <span class='ocrx_word' id='word_1_128' title='bbox 583 1237 676 1292; x_wconf 88' lang='lat' dir='ltr'><strong>redire</strong></span> <span class='ocrx_word' id='word_1_129' title='bbox 692 1236 826 1308; x_wconf 85' lang='lat' dir='ltr'><strong>permissi</strong></span> <span class='ocrx_word' id='word_1_130' title='bbox 843 1240 923 1291; x_wconf 84' lang='lat' dir='ltr'><strong>sunt.</strong></span> <span class='ocrx_word' id='word_1_131' title='bbox 939 1240 994 1291; x_wconf 77' lang='lat' dir='ltr'><strong>lia·</strong></span> <span class='ocrx_word' id='word_1_132' title='bbox 1047 1235 1175 1290; x_wconf 83' lang='lat' dir='ltr'><strong>exercitu</strong></span> <span class='ocrx_word' id='word_1_133' title='bbox 1191 1236 1339 1291; x_wconf 90' lang='lat' dir='ltr'><strong>standum.</strong></span> <span class='ocrx_word' id='word_1_134' title='bbox 1357 1235 1387 1291; x_wconf 88' lang='lat' dir='ltr'><strong>Si</strong></span> <span class='ocrx_word' id='word_1_135' title='bbox 1402 1234 1495 1292; x_wconf 92' lang='lat' dir='ltr'><strong>hostis</strong></span> <span class='ocrx_word' id='word_1_136' title='bbox 1510 1236 1688 1304; x_wconf 84' lang='lat' dir='ltr'><strong>adventaret,</strong></span> <span class='ocrx_word' id='word_1_137' title='bbox 1709 1235 1878 1293; x_wconf 91' lang='lat' dir='ltr'><strong>comminus</strong></span> 
     </span>
     <span class='ocr_line' id='line_1_12' title="bbox 168 1323 1877 1397; baseline 0.001 -19"><span class='ocrx_word' id='word_1_138' title='bbox 168 1323 248 1379; x_wconf 89' lang='lat' dir='ltr'><strong>relus</strong></span> <span class='ocrx_word' id='word_1_139' title='bbox 259 1339 338 1396; x_wconf 82' lang='lat' dir='ltr'><strong>erge,</strong></span> <span class='ocrx_word' id='word_1_140' title='bbox 356 1323 433 1380; x_wconf 82' lang='lat' dir='ltr'><strong>felici</strong></span> <span class='ocrx_word' id='word_1_141' title='bbox 448 1341 586 1380; x_wconf 86' lang='lat' dir='ltr'><strong>successu</strong></span> <span class='ocrx_word' id='word_1_142' title='bbox 604 1325 740 1396; x_wconf 89' lang='lat' dir='ltr'><strong>insignis,</strong></span> <span class='ocrx_word' id='word_1_143' title='bbox 758 1326 915 1380; x_wconf 83' lang='lat' dir='ltr'><strong>Remorum</strong></span> <span class='ocrx_word' id='word_1_144' title='bbox 933 1341 992 1380; x_wconf 89' lang='lat' dir='ltr'><strong>me·</strong></span> <span class='ocrx_word' id='word_1_145' title='bbox 1047 1324 1315 1397; x_wconf 86' lang='lat' dir='ltr'><strong>congrediendum;</strong></span> <span class='ocrx_word' id='word_1_146' title='bbox 1333 1325 1356 1379; x_wconf 88' lang='lat' dir='ltr'><strong>si</strong></span> <span class='ocrx_word' id='word_1_147' title='bbox 1369 1323 1468 1380; x_wconf 91' lang='lat' dir='ltr'><strong>nullus</strong></span> <span class='ocrx_word' id='word_1_148' title='bbox 1484 1323 1643 1392; x_wconf 85' lang='lat' dir='ltr'><strong>lacessiret,</strong></span> <span class='ocrx_word' id='word_1_149' title='bbox 1661 1341 1728 1379; x_wconf 92' lang='lat' dir='ltr'><strong>com</strong></span> <span class='ocrx_word' id='word_1_150' title='bbox 1749 1325 1877 1380; x_wconf 83' lang='lat' dir='ltr'><strong>exercitu</strong></span> 
     </span>
     <span class='ocr_line' id='line_1_13' title="bbox 166 1408 1875 1485; baseline 0 -17"><span class='ocrx_word' id='word_1_151' title='bbox 166 1408 303 1485; x_wconf 87' lang='lat' dir='ltr'><strong>tropolim</strong></span> <span class='ocrx_word' id='word_1_152' title='bbox 327 1429 394 1467; x_wconf 93' lang='lat' dir='ltr'><strong>cum</strong></span> <span class='ocrx_word' id='word_1_153' title='bbox 419 1412 570 1479; x_wconf 90' lang='lat' dir='ltr'><strong>Lauduno,</strong></span> <span class='ocrx_word' id='word_1_154' title='bbox 595 1430 629 1468; x_wconf 90' lang='lat' dir='ltr'><strong>ac</strong></span> <span class='ocrx_word' id='word_1_155' title='bbox 651 1413 813 1482; x_wconf 88' lang='lat' dir='ltr'><strong>Suesionis,</strong></span> <span class='ocrx_word' id='word_1_156' title='bbox 833 1430 993 1485; x_wconf 89' lang='lat' dir='ltr'><strong>earumque</strong></span> <span class='ocrx_word' id='word_1_157' title='bbox 1047 1412 1241 1468; x_wconf 90' lang='lat' dir='ltr'><strong>redeundum.</strong></span> <span class='ocrx_word' id='word_1_158' title='bbox 1256 1413 1313 1467; x_wconf 90' lang='lat' dir='ltr'><strong>Nec</strong></span> <span class='ocrx_word' id='word_1_159' title='bbox 1329 1412 1455 1468; x_wconf 91' lang='lat' dir='ltr'><strong>minusa</strong></span> <span class='ocrx_word' id='word_1_160' title='bbox 1471 1410 1571 1466; x_wconf 88' lang='lat' dir='ltr'><strong>llarolo</strong></span> <span class='ocrx_word' id='word_1_161' title='bbox 1587 1411 1664 1467; x_wconf 91' lang='lat' dir='ltr'><strong>idem</strong></span> <span class='ocrx_word' id='word_1_162' title='bbox 1678 1411 1875 1468; x_wconf 74' lang='lat' dir='ltr'><strong>deliberatum</strong></span> 
     </span>
     <span class='ocr_line' id='line_1_14' title="bbox 168 1497 1875 1579; baseline 0 -23"><span class='ocrx_word' id='word_1_163' title='bbox 168 1500 284 1573; x_wconf 88' lang='lat' dir='ltr'><strong>oppidis</strong></span> <span class='ocrx_word' id='word_1_164' title='bbox 299 1501 435 1573; x_wconf 90' lang='lat' dir='ltr'><strong>optinuit.</strong></span> <span class='ocrx_word' id='word_1_165' title='bbox 564 1572 565 1579; x_wconf 8' lang='grc' dir='ltr'>ἵ</span> <span class='ocrx_word' id='word_1_166' title='bbox 1047 1500 1112 1555; x_wconf 87' lang='lat' dir='ltr'><strong>luit.</strong></span> <span class='ocrx_word' id='word_1_167' title='bbox 1124 1501 1205 1557; x_wconf 90' lang='lat' dir='ltr'><strong>Unde</strong></span> <span class='ocrx_word' id='word_1_168' title='bbox 1214 1501 1284 1572; x_wconf 91' lang='lat' dir='ltr'><strong>quia</strong></span> <span class='ocrx_word' id='word_1_169' title='bbox 1293 1504 1414 1573; x_wconf 90' lang='lat' dir='ltr'><strong>uterque</strong></span> <span class='ocrx_word' id='word_1_170' title='bbox 1425 1497 1566 1567; x_wconf 91' lang='lat' dir='ltr'><strong>constitit,</strong></span> <span class='ocrx_word' id='word_1_171' title='bbox 1578 1500 1762 1572; x_wconf 89' lang='lat' dir='ltr'><strong>uterquesihi</strong></span> <span class='ocrx_word' id='word_1_172' title='bbox 1775 1501 1875 1556; x_wconf 86' lang='lat' dir='ltr'><strong>cessit.</strong></span> 
     </span>
     <span class='ocr_line' id='line_1_15' title="bbox 202 1588 1877 1663; baseline 0.002 -19"><span class='ocrx_word' id='word_1_173' title='bbox 202 1591 247 1644; x_wconf 83' lang='lat'><strong>37.</strong></span> <span class='ocrx_word' id='word_1_174' title='bbox 263 1592 380 1662; x_wconf 78' lang='lat' dir='ltr'><strong>Impetus</strong></span> <span class='ocrx_word' id='word_1_175' title='bbox 397 1592 431 1624; x_wconf 76' lang='lat'><strong>⁵⁷⁹</strong></span> <span class='ocrx_word' id='word_1_176' title='bbox 446 1594 574 1659; x_wconf 71' lang='lat' dir='ltr'><strong>diapenta·</strong></span> <span class='ocrx_word' id='word_1_177' title='bbox 597 1592 640 1645; x_wconf 66' lang='lat'><strong>⁵7⁹.</strong></span> <span class='ocrx_word' id='word_1_178' title='bbox 657 1623 690 1631; x_wconf 84' lang='lat'>—</span> <span class='ocrx_word' id='word_1_179' title='bbox 707 1592 763 1647; x_wconf 83' lang='lat' dir='ltr'><strong>Nec</strong></span> <span class='ocrx_word' id='word_1_180' title='bbox 789 1591 881 1647; x_wconf 86' lang='lat' dir='ltr'><strong>deluit</strong></span> <span class='ocrx_word' id='word_1_181' title='bbox 897 1591 991 1663; x_wconf 87' lang='lat' dir='ltr'><strong>quiid</strong></span> <span class='ocrx_word' id='word_1_182' title='bbox 1047 1588 1106 1645; x_wconf 86' lang='lat' dir='ltr'><strong>Rex</strong></span> <span class='ocrx_word' id='word_1_183' title='bbox 1120 1590 1279 1645; x_wconf 84' lang='lat' dir='ltr'><strong>exercitum</strong></span> <span class='ocrx_word' id='word_1_184' title='bbox 1296 1589 1430 1657; x_wconf 83' lang='lat' dir='ltr'><strong>reduxit;</strong></span> <span class='ocrx_word' id='word_1_185' title='bbox 1446 1588 1571 1645; x_wconf 86' lang='lat' dir='ltr'><strong>Karolus</strong></span> <span class='ocrx_word' id='word_1_186' title='bbox 1582 1605 1648 1645; x_wconf 91' lang='lat' dir='ltr'><strong>vero</strong></span> <span class='ocrx_word' id='word_1_187' title='bbox 1660 1589 1794 1645; x_wconf 90' lang='lat' dir='ltr'><strong>Lauduni</strong></span> <span class='ocrx_word' id='word_1_188' title='bbox 1811 1607 1877 1647; x_wconf 87' lang='lat' dir='ltr'><strong>sese</strong></span> 
     </span>
     <span class='ocr_line' id='line_1_16' title="bbox 168 1678 1165 1751; baseline 0 -18"><span class='ocrx_word' id='word_1_189' title='bbox 168 1678 205 1747; x_wconf 89' lang='lat' dir='ltr'><strong>ad</strong></span> <span class='ocrx_word' id='word_1_190' title='bbox 225 1678 302 1751; x_wconf 90' lang='lat' dir='ltr'><strong>regis</strong></span> <span class='ocrx_word' id='word_1_191' title='bbox 316 1679 350 1713; x_wconf 65' lang='lat'><strong>5⁸⁰</strong></span> <span class='ocrx_word' id='word_1_192' title='bbox 364 1695 450 1734; x_wconf 89' lang='lat' dir='ltr'><strong>aures</strong></span> <span class='ocrx_word' id='word_1_193' title='bbox 466 1679 635 1751; x_wconf 83' lang='lat' dir='ltr'><strong>perterrent.</strong></span> <span class='ocrx_word' id='word_1_194' title='bbox 658 1682 719 1746; x_wconf 86' lang='lat' dir='ltr'><strong>Quo</strong></span> <span class='ocrx_word' id='word_1_195' title='bbox 743 1697 792 1736; x_wconf 83' lang='lat' dir='ltr'><strong>rer</strong></span> <span class='ocrx_word' id='word_1_196' title='bbox 816 1679 993 1736; x_wconf 89' lang='lat' dir='ltr'><strong>contumelia</strong></span> <span class='ocrx_word' id='word_1_197' title='bbox 1047 1678 1165 1750; x_wconf 89' lang='lat' dir='ltr'><strong>recepit.</strong></span> 
     </span>
     <span class='ocr_line' id='line_1_17' title="bbox 168 1767 1871 1841; baseline 0.001 -19"><span class='ocrx_word' id='word_1_198' title='bbox 168 1767 342 1838; x_wconf 87' lang='lat' dir='ltr'><strong>perstrictus</strong></span> <span class='ocrx_word' id='word_1_199' title='bbox 357 1767 511 1839; x_wconf 92' lang='lat' dir='ltr'><strong>quidinde</strong></span> <span class='ocrx_word' id='word_1_200' title='bbox 526 1769 673 1841; x_wconf 85' lang='lat' dir='ltr'><strong>agendum</strong></span> <span class='ocrx_word' id='word_1_201' title='bbox 689 1770 761 1825; x_wconf 89' lang='lat' dir='ltr'><strong>lorot</strong></span> <span class='ocrx_word' id='word_1_202' title='bbox 776 1769 989 1825; x_wconf 87' lang='lat' dir='ltr'><strong>sciscitabatur.</strong></span> <span class='ocrx_word' id='word_1_203' title='bbox 1081 1769 1125 1821; x_wconf 76' lang='lat'><strong>40.</strong></span> <span class='ocrx_word' id='word_1_204' title='bbox 1142 1767 1215 1839; x_wconf 82' lang='lat'>(991)</span> <span class='ocrx_word' id='word_1_205' title='bbox 1232 1768 1264 1823; x_wconf 88' lang='grc' dir='ltr'><strong>Ο.</strong></span> <span class='ocrx_word' id='word_1_206' title='bbox 1279 1768 1390 1823; x_wconf 89' lang='lat' dir='ltr'><strong>interea</strong></span> <span class='ocrx_word' id='word_1_207' title='bbox 1405 1768 1564 1823; x_wconf 89' lang='lat' dir='ltr'><strong>Drocarum</strong></span> <span class='ocrx_word' id='word_1_208' title='bbox 1581 1767 1653 1840; x_wconf 74' lang='lat'>(122)</span> <span class='ocrx_word' id='word_1_209' title='bbox 1670 1767 1808 1840; x_wconf 87' lang='lat' dir='ltr'><strong>cupidus,</strong></span> <span class='ocrx_word' id='word_1_210' title='bbox 1834 1768 1871 1825; x_wconf 92' lang='lat' dir='ltr'><strong>de</strong></span> 
     </span>
     <span class='ocr_line' id='line_1_18' title="bbox 168 1855 1875 1929; baseline 0.001 -17"><span class='ocrx_word' id='word_1_211' title='bbox 168 1856 372 1928; x_wconf 91' lang='lat' dir='ltr'><strong>Comperitque</strong></span> <span class='ocrx_word' id='word_1_212' title='bbox 392 1874 449 1912; x_wconf 92' lang='lat' dir='ltr'><strong>uon</strong></span> <span class='ocrx_word' id='word_1_213' title='bbox 473 1857 618 1929; x_wconf 86' lang='lat' dir='ltr'><strong>precibus,</strong></span> <span class='ocrx_word' id='word_1_214' title='bbox 636 1874 693 1913; x_wconf 91' lang='lat' dir='ltr'><strong>nou</strong></span> <span class='ocrx_word' id='word_1_215' title='bbox 709 1858 804 1925; x_wconf 88' lang='lat' dir='ltr'><strong>donis,</strong></span> <span class='ocrx_word' id='word_1_216' title='bbox 818 1858 868 1914; x_wconf 90' lang='lat' dir='ltr'><strong>sed</strong></span> <span class='ocrx_word' id='word_1_217' title='bbox 880 1857 993 1914; x_wconf 88' lang='lat' dir='ltr'><strong>viribus</strong></span> <span class='ocrx_word' id='word_1_218' title='bbox 1048 1855 1183 1911; x_wconf 89' lang='lat' dir='ltr'><strong>Lauduai</strong></span> <span class='ocrx_word' id='word_1_219' title='bbox 1198 1857 1331 1929; x_wconf 88' lang='lat' dir='ltr'><strong>captione</strong></span> <span class='ocrx_word' id='word_1_220' title='bbox 1345 1873 1409 1912; x_wconf 89' lang='lat' dir='ltr'><strong>sese</strong></span> <span class='ocrx_word' id='word_1_221' title='bbox 1420 1855 1581 1929; x_wconf 90' lang='lat' dir='ltr'><strong>plurimum</strong></span> <span class='ocrx_word' id='word_1_222' title='bbox 1593 1855 1725 1912; x_wconf 82' lang='lat' dir='ltr'><strong>diffidere</strong></span> <span class='ocrx_word' id='word_1_223' title='bbox 1735 1857 1813 1929; x_wconf 89' lang='lat' dir='ltr'><strong>apud</strong></span> <span class='ocrx_word' id='word_1_224' title='bbox 1829 1873 1875 1913; x_wconf 90' lang='lat' dir='ltr'><strong>re-</strong></span> 
     </span>
     <span class='ocr_line' id='line_1_19' title="bbox 168 1943 1875 2017; baseline 0 -16"><span class='ocrx_word' id='word_1_225' title='bbox 168 1948 197 2001; x_wconf 92' lang='lat' dir='ltr'><strong>et</strong></span> <span class='ocrx_word' id='word_1_226' title='bbox 204 1944 596 2002; x_wconf 89' lang='lat' dir='ltr'><strong>armisinvocataDivinitato</strong></span> <span class='ocrx_word' id='word_1_227' title='bbox 607 1946 662 2002; x_wconf 92' lang='lat' dir='ltr'><strong>hoc</strong></span> <span class='ocrx_word' id='word_1_228' title='bbox 672 1947 991 2003; x_wconf 84' lang='lat' dir='ltr'><strong>esselahel&#39;actandum.</strong></span> <span class='ocrx_word' id='word_1_229' title='bbox 1047 1961 1112 2017; x_wconf 89' lang='lat' dir='ltr'><strong>gem</strong></span> <span class='ocrx_word' id='word_1_230' title='bbox 1128 1945 1266 2001; x_wconf 91' lang='lat' dir='ltr'><strong>simulate</strong></span> <span class='ocrx_word' id='word_1_231' title='bbox 1281 1945 1468 2016; x_wconf 82' lang='lat' dir='ltr'><strong>querebatur,</strong></span> <span class='ocrx_word' id='word_1_232' title='bbox 1483 1962 1550 2000; x_wconf 93' lang='lat' dir='ltr'><strong>cum</strong></span> <span class='ocrx_word' id='word_1_233' title='bbox 1566 1943 1642 2000; x_wconf 89' lang='lat' dir='ltr'><strong>aries</strong></span> <span class='ocrx_word' id='word_1_234' title='bbox 1652 1945 1785 2010; x_wconf 88' lang='lat' dir='ltr'><strong>cesserit,</strong></span> <span class='ocrx_word' id='word_1_235' title='bbox 1799 1944 1875 2001; x_wconf 93' lang='lat' dir='ltr'><strong>mili-</strong></span> 
     </span>
     <span class='ocr_line' id='line_1_20' title="bbox 168 2033 1876 2108; baseline 0.001 -18"><span class='ocrx_word' id='word_1_236' title='bbox 168 2034 224 2090; x_wconf 82' lang='lat' dir='ltr'><strong>Sex</strong></span> <span class='ocrx_word' id='word_1_237' title='bbox 239 2033 321 2089; x_wconf 92' lang='lat' dir='ltr'><strong>milia</strong></span> <span class='ocrx_word' id='word_1_238' title='bbox 334 2035 433 2107; x_wconf 90' lang='lat' dir='ltr'><strong>itaque</strong></span> <span class='ocrx_word' id='word_1_239' title='bbox 450 2034 578 2091; x_wconf 90' lang='lat' dir='ltr'><strong>militum</strong></span> <span class='ocrx_word' id='word_1_240' title='bbox 603 2035 720 2108; x_wconf 82' lang='lat' dir='ltr'><strong>collegit</strong></span> <span class='ocrx_word' id='word_1_241' title='bbox 735 2036 765 2091; x_wconf 92' lang='lat' dir='ltr'><strong>in</strong></span> <span class='ocrx_word' id='word_1_242' title='bbox 785 2036 935 2092; x_wconf 87' lang='lat' dir='ltr'><strong>tirannum</strong></span> <span class='ocrx_word' id='word_1_243' title='bbox 951 2036 993 2092; x_wconf 89' lang='lat' dir='ltr'><strong>ire</strong></span> <span class='ocrx_word' id='word_1_244' title='bbox 1048 2038 1149 2106; x_wconf 81' lang='lat' dir='ltr'><strong>tesqua</strong></span> <span class='ocrx_word' id='word_1_245' title='bbox 1163 2033 1275 2091; x_wconf 92' lang='lat' dir='ltr'><strong>viribus</strong></span> <span class='ocrx_word' id='word_1_246' title='bbox 1294 2035 1469 2101; x_wconf 82' lang='lat' dir='ltr'><strong>diffiderent,</strong></span> <span class='ocrx_word' id='word_1_247' title='bbox 1492 2034 1583 2091; x_wconf 91' lang='lat' dir='ltr'><strong>immo</strong></span> <span class='ocrx_word' id='word_1_248' title='bbox 1609 2034 1697 2090; x_wconf 87' lang='lat' dir='ltr'><strong>etiam</strong></span> <span class='ocrx_word' id='word_1_249' title='bbox 1722 2035 1793 2090; x_wconf 89' lang='lat' dir='ltr'><strong>urbs</strong></span> <span class='ocrx_word' id='word_1_250' title='bbox 1809 2035 1876 2108; x_wconf 82' lang='lat' dir='ltr'><strong>ipsa</strong></span> 
     </span>
     <span class='ocr_line' id='line_1_21' title="bbox 109 2123 1874 2207; baseline 0.001 -29"><span class='ocrx_word' id='word_1_251' title='bbox 109 2177 113 2186; x_wconf 80' lang='grc'>,</span> <span class='ocrx_word' id='word_1_252' title='bbox 167 2123 345 2196; x_wconf 90' lang='lat' dir='ltr'><strong>disponens;</strong></span> <span class='ocrx_word' id='word_1_253' title='bbox 363 2123 546 2180; x_wconf 91' lang='lat' dir='ltr'><strong>obsidionem</strong></span> <span class='ocrx_word' id='word_1_254' title='bbox 562 2123 588 2179; x_wconf 93' lang='lat' dir='ltr'><strong>ei</strong></span> <span class='ocrx_word' id='word_1_255' title='bbox 603 2124 741 2180; x_wconf 89' lang='lat' dir='ltr'><strong>abhibere</strong></span> <span class='ocrx_word' id='word_1_256' title='bbox 756 2126 888 2197; x_wconf 89' lang='lat' dir='ltr'><strong>cupiens,</strong></span> <span class='ocrx_word' id='word_1_257' title='bbox 904 2124 929 2180; x_wconf 93' lang='lat' dir='ltr'><strong>si</strong></span> <span class='ocrx_word' id='word_1_258' title='bbox 944 2142 991 2180; x_wconf 93' lang='lat' dir='ltr'><strong>co·</strong></span> <span class='ocrx_word' id='word_1_259' title='bbox 1047 2123 1240 2207; x_wconf 81' lang='lat' dir='ltr'><strong>inaccessibili</strong></span> <span class='ocrx_word' id='word_1_260' title='bbox 1257 2123 1315 2178; x_wconf 90' lang='lat' dir='ltr'><strong>situ</strong></span> <span class='ocrx_word' id='word_1_261' title='bbox 1331 2123 1496 2179; x_wconf 84' lang='lat' dir='ltr'><strong>obnitentes</strong></span> <span class='ocrx_word' id='word_1_262' title='bbox 1511 2126 1708 2196; x_wconf 91' lang='lat' dir='ltr'><strong>contempnat.</strong></span> <span class='ocrx_word' id='word_1_263' title='bbox 1734 2123 1794 2178; x_wconf 80' lang='lat' dir='ltr'><strong>ilex</strong></span> <span class='ocrx_word' id='word_1_264' title='bbox 1810 2140 1874 2180; x_wconf 91' lang='lat' dir='ltr'><strong>me·</strong></span> 
     </span>
    </p>
   </div>
   <div class='ocr_carea' id='block_1_3' title="bbox 52 2211 1874 2285">
    <p class='ocr_par' dir='ltr' id='par_1_3' title="bbox 52 2211 1874 2285">
     <span class='ocr_line' id='line_1_22' title="bbox 52 2211 1874 2285; baseline 0.001 -18"><span class='ocrx_word' id='word_1_265' title='bbox 52 2215 55 2222; x_wconf 81' lang='grc'>’</span> <span class='ocrx_word' id='word_1_266' title='bbox 166 2212 221 2284; x_wconf 79' lang='lat' dir='ltr'><strong>piae</strong></span> <span class='ocrx_word' id='word_1_267' title='bbox 234 2212 289 2268; x_wconf 90' lang='lat' dir='ltr'><strong>sibi</strong></span> <span class='ocrx_word' id='word_1_268' title='bbox 304 2212 517 2280; x_wconf 81' lang='lat' dir='ltr'><strong>sufficiant;et</strong></span> <span class='ocrx_word' id='word_1_269' title='bbox 531 2212 556 2268; x_wconf 92' lang='lat' dir='ltr'><strong>si</strong></span> <span class='ocrx_word' id='word_1_270' title='bbox 571 2212 597 2267; x_wconf 92' lang='lat' dir='ltr'><strong>ei</strong></span> <span class='ocrx_word' id='word_1_271' title='bbox 613 2213 681 2268; x_wconf 81' lang='lat' dir='ltr'><strong>felix</strong></span> <span class='ocrx_word' id='word_1_272' title='bbox 696 2213 774 2268; x_wconf 90' lang='lat' dir='ltr'><strong>adsit</strong></span> <span class='ocrx_word' id='word_1_273' title='bbox 789 2214 914 2281; x_wconf 80' lang='lat' dir='ltr'><strong>fortuna,</strong></span> <span class='ocrx_word' id='word_1_274' title='bbox 931 2218 993 2268; x_wconf 90' lang='lat' dir='ltr'><strong>tan·</strong></span> <span class='ocrx_word' id='word_1_275' title='bbox 1047 2218 1286 2283; x_wconf 89' lang='lat' dir='ltr'><strong>rorecoulectus,</strong></span> <span class='ocrx_word' id='word_1_276' title='bbox 1311 2212 1347 2268; x_wconf 86' lang='lat' dir='ltr'><strong>ab</strong></span> <span class='ocrx_word' id='word_1_277' title='bbox 1376 2211 1408 2268; x_wconf 89' lang='lat'><strong>0.</strong></span> <span class='ocrx_word' id='word_1_278' title='bbox 1426 2212 1559 2268; x_wconf 89' lang='lat' dir='ltr'><strong>subsidia</strong></span> <span class='ocrx_word' id='word_1_279' title='bbox 1580 2212 1671 2285; x_wconf 92' lang='lat' dir='ltr'><strong>petit;</strong></span> <span class='ocrx_word' id='word_1_280' title='bbox 1689 2229 1752 2269; x_wconf 89' lang='lat' dir='ltr'><strong>sese</strong></span> <span class='ocrx_word' id='word_1_281' title='bbox 1780 2212 1874 2269; x_wconf 89' lang='lat' dir='ltr'><strong>vicem</strong></span> 
     </span>
    </p>
   </div>
   <div class='ocr_carea' id='block_1_4' title="bbox 66 2300 1877 4417">
    <p class='ocr_par' dir='ltr' id='par_1_4' title="bbox 66 2300 1877 4417">
     <span class='ocr_line' id='line_1_23' title="bbox 165 2300 1876 2373; baseline 0.002 -19"><span class='ocrx_word' id='word_1_282' title='bbox 165 2300 216 2355; x_wconf 90' lang='lat' dir='ltr'><strong>diu</strong></span> <span class='ocrx_word' id='word_1_283' title='bbox 241 2301 270 2354; x_wconf 93' lang='lat' dir='ltr'><strong>id</strong></span> <span class='ocrx_word' id='word_1_284' title='bbox 300 2300 483 2355; x_wconf 87' lang='lat' dir='ltr'><strong>committere</strong></span> <span class='ocrx_word' id='word_1_285' title='bbox 506 2300 616 2366; x_wconf 90' lang='lat' dir='ltr'><strong>volens,</strong></span> <span class='ocrx_word' id='word_1_286' title='bbox 643 2301 734 2356; x_wconf 90' lang='lat' dir='ltr'><strong>donec</strong></span> <span class='ocrx_word' id='word_1_287' title='bbox 760 2306 812 2356; x_wconf 90' lang='lat' dir='ltr'><strong>aut</strong></span> <span class='ocrx_word' id='word_1_288' title='bbox 835 2302 926 2356; x_wconf 89' lang='lat' dir='ltr'><strong>armis</strong></span> <span class='ocrx_word' id='word_1_289' title='bbox 941 2305 992 2356; x_wconf 91' lang='lat' dir='ltr'><strong>aut</strong></span> <span class='ocrx_word' id='word_1_290' title='bbox 1046 2305 1349 2372; x_wconf 90' lang='lat' dir='ltr'><strong>recompensaturum,</strong></span> <span class='ocrx_word' id='word_1_291' title='bbox 1365 2300 1389 2355; x_wconf 88' lang='lat' dir='ltr'><strong>si</strong></span> <span class='ocrx_word' id='word_1_292' title='bbox 1402 2300 1500 2373; x_wconf 91' lang='lat' dir='ltr'><strong>copias</strong></span> <span class='ocrx_word' id='word_1_293' title='bbox 1516 2300 1693 2373; x_wconf 90' lang='lat' dir='ltr'><strong>suppeditet,</strong></span> <span class='ocrx_word' id='word_1_294' title='bbox 1709 2305 1737 2356; x_wconf 92' lang='lat' dir='ltr'><strong>ct</strong></span> <span class='ocrx_word' id='word_1_295' title='bbox 1752 2302 1787 2357; x_wconf 85' lang='lat' dir='ltr'><strong>ad</strong></span> <span class='ocrx_word' id='word_1_296' title='bbox 1802 2301 1876 2357; x_wconf 91' lang='lat' dir='ltr'><strong>inte·</strong></span> 
     </span>
     <span class='ocr_line' id='line_1_24' title="bbox 165 2387 1875 2463; baseline 0.002 -21"><span class='ocrx_word' id='word_1_297' title='bbox 165 2388 263 2442; x_wconf 90' lang='lat' dir='ltr'><strong>inedia</strong></span> <span class='ocrx_word' id='word_1_298' title='bbox 287 2387 401 2442; x_wconf 91' lang='lat' dir='ltr'><strong>bostem</strong></span> <span class='ocrx_word' id='word_1_299' title='bbox 431 2387 606 2459; x_wconf 80' lang='lat' dir='ltr'><strong>precipitat..</strong></span> <span class='ocrx_word' id='word_1_300' title='bbox 623 2389 821 2443; x_wconf 76' lang='lat' dir='ltr'><strong>proficiscitur</strong></span> <span class='ocrx_word' id='word_1_301' title='bbox 836 2405 903 2462; x_wconf 90' lang='lat' dir='ltr'><strong>ergo</strong></span> <span class='ocrx_word' id='word_1_302' title='bbox 926 2407 989 2445; x_wconf 90' lang='lat' dir='ltr'><strong>ma·</strong></span> <span class='ocrx_word' id='word_1_303' title='bbox 1045 2405 1130 2461; x_wconf 92' lang='lat' dir='ltr'><strong>grum</strong></span> <span class='ocrx_word' id='word_1_304' title='bbox 1147 2389 1249 2444; x_wconf 90' lang='lat' dir='ltr'><strong>urbem</strong></span> <span class='ocrx_word' id='word_1_305' title='bbox 1260 2389 1502 2462; x_wconf 83' lang='lat' dir='ltr'><strong>expugnet.Quod</strong></span> <span class='ocrx_word' id='word_1_306' title='bbox 1511 2391 1534 2446; x_wconf 93' lang='lat' dir='ltr'><strong>si</strong></span> <span class='ocrx_word' id='word_1_307' title='bbox 1547 2389 1813 2463; x_wconf 77' lang='lat' dir='ltr'><strong>impresentiarum</strong></span> <span class='ocrx_word' id='word_1_308' title='bbox 1822 2389 1875 2446; x_wconf 91' lang='lat' dir='ltr'><strong>ali-</strong></span> 
     </span>
     <span class='ocr_line' id='line_1_25' title="bbox 166 2473 1877 2550; baseline 0.003 -20"><span class='ocrx_word' id='word_1_309' title='bbox 166 2473 325 2547; x_wconf 88' lang='lat' dir='ltr'><strong>gnanimis.</strong></span> <span class='ocrx_word' id='word_1_310' title='bbox 340 2474 375 2529; x_wconf 80' lang='lat' dir='ltr'><strong>Et</strong></span> <span class='ocrx_word' id='word_1_311' title='bbox 389 2491 441 2546; x_wconf 90' lang='lat' dir='ltr'><strong>per</strong></span> <span class='ocrx_word' id='word_1_312' title='bbox 455 2479 563 2530; x_wconf 90' lang='lat' dir='ltr'><strong>terram</strong></span> <span class='ocrx_word' id='word_1_313' title='bbox 576 2476 654 2530; x_wconf 90' lang='lat' dir='ltr'><strong>unde</strong></span> <span class='ocrx_word' id='word_1_314' title='bbox 669 2493 817 2532; x_wconf 86' lang='lat' dir='ltr'><strong>annonam</strong></span> <span class='ocrx_word' id='word_1_315' title='bbox 833 2475 931 2534; x_wconf 88' lang='lat' dir='ltr'><strong>hostes</strong></span> <span class='ocrx_word' id='word_1_316' title='bbox 946 2495 991 2534; x_wconf 92' lang='lat' dir='ltr'><strong>as·</strong></span> <span class='ocrx_word' id='word_1_317' title='bbox 1045 2476 1203 2548; x_wconf 92' lang='lat' dir='ltr'><strong>quidquod</strong></span> <span class='ocrx_word' id='word_1_318' title='bbox 1216 2476 1547 2550; x_wconf 87' lang='lat' dir='ltr'><strong>largiendumsitpetat,</strong></span> <span class='ocrx_word' id='word_1_319' title='bbox 1560 2477 1877 2535; x_wconf 88' lang='lat' dir='ltr'><strong>sinedubioseselibe·</strong></span> 
     </span>
     <span class='ocr_line' id='line_1_26' title="bbox 166 2562 1874 2641; baseline 0.002 -22"><span class='ocrx_word' id='word_1_320' title='bbox 166 2562 604 2634; x_wconf 86' lang='lat' dir='ltr'><strong>portabant,exercitumduxit.</strong></span> <span class='ocrx_word' id='word_1_321' title='bbox 617 2566 805 2631; x_wconf 88' lang='lat' dir='ltr'><strong>Quametiam</strong></span> <span class='ocrx_word' id='word_1_322' title='bbox 817 2567 933 2638; x_wconf 92' lang='lat' dir='ltr'><strong>penitus</strong></span> <span class='ocrx_word' id='word_1_323' title='bbox 944 2567 991 2623; x_wconf 88' lang='lat' dir='ltr'><strong>de·</strong></span> <span class='ocrx_word' id='word_1_324' title='bbox 1045 2564 1145 2620; x_wconf 90' lang='lat' dir='ltr'><strong>raliter</strong></span> <span class='ocrx_word' id='word_1_325' title='bbox 1166 2564 1375 2641; x_wconf 84' lang='lat' dir='ltr'><strong>exhibiturum.</strong></span> <span class='ocrx_word' id='word_1_326' title='bbox 1405 2566 1438 2622; x_wconf 90' lang='lat'><strong>0.</strong></span> <span class='ocrx_word' id='word_1_327' title='bbox 1466 2566 1598 2624; x_wconf 85' lang='lat' dir='ltr'><strong>Lauduni</strong></span> <span class='ocrx_word' id='word_1_328' title='bbox 1628 2566 1874 2639; x_wconf 85' lang='lat' dir='ltr'><strong>inpugnationem</strong></span> 
     </span>
     <span class='ocr_line' id='line_1_27' title="bbox 166 2651 1876 2729; baseline 0.001 -21"><span class='ocrx_word' id='word_1_329' title='bbox 166 2651 323 2725; x_wconf 91' lang='lat' dir='ltr'><strong>populatus</strong></span> <span class='ocrx_word' id='word_1_330' title='bbox 334 2652 498 2709; x_wconf 88' lang='lat' dir='ltr'><strong>combussit</strong></span> <span class='ocrx_word' id='word_1_331' title='bbox 509 2670 515 2721; x_wconf 92' lang='lat'>;</span> <span class='ocrx_word' id='word_1_332' title='bbox 528 2653 570 2708; x_wconf 92' lang='lat' dir='ltr'><strong>sic</strong></span> <span class='ocrx_word' id='word_1_333' title='bbox 580 2654 727 2721; x_wconf 84' lang='lat' dir='ltr'><strong>elleratus,</strong></span> <span class='ocrx_word' id='word_1_334' title='bbox 741 2659 831 2710; x_wconf 90' lang='lat' dir='ltr'><strong>utnec</strong></span> <span class='ocrx_word' id='word_1_335' title='bbox 838 2657 989 2729; x_wconf 90' lang='lat' dir='ltr'><strong>tugurium</strong></span> <span class='ocrx_word' id='word_1_336' title='bbox 1044 2651 1192 2725; x_wconf 90' lang='lat' dir='ltr'><strong>simulque</strong></span> <span class='ocrx_word' id='word_1_337' title='bbox 1203 2657 1231 2708; x_wconf 92' lang='lat' dir='ltr'><strong>et</strong></span> <span class='ocrx_word' id='word_1_338' title='bbox 1241 2654 1405 2725; x_wconf 89' lang='lat' dir='ltr'><strong>captionem</strong></span> <span class='ocrx_word' id='word_1_339' title='bbox 1417 2655 1447 2709; x_wconf 93' lang='lat' dir='ltr'><strong>in</strong></span> <span class='ocrx_word' id='word_1_340' title='bbox 1457 2654 1589 2726; x_wconf 83' lang='lat' dir='ltr'><strong>proximo</strong></span> <span class='ocrx_word' id='word_1_341' title='bbox 1600 2653 1765 2727; x_wconf 88' lang='lat' dir='ltr'><strong>pollicetur,</strong></span> <span class='ocrx_word' id='word_1_342' title='bbox 1775 2654 1800 2710; x_wconf 89' lang='lat' dir='ltr'><strong>si</strong></span> <span class='ocrx_word' id='word_1_343' title='bbox 1812 2659 1876 2710; x_wconf 90' lang='lat' dir='ltr'><strong>tan·</strong></span> 
     </span>
     <span class='ocr_line' id='line_1_28' title="bbox 165 2740 1873 2817; baseline 0.001 -19"><span class='ocrx_word' id='word_1_344' title='bbox 165 2741 271 2799; x_wconf 87' lang='lat' dir='ltr'><strong>saltem</strong></span> <span class='ocrx_word' id='word_1_345' title='bbox 282 2740 418 2817; x_wconf 84' lang='lat' dir='ltr'><strong>deliranti</strong></span> <span class='ocrx_word' id='word_1_346' title='bbox 433 2741 501 2798; x_wconf 91' lang='lat' dir='ltr'><strong>anui</strong></span> <span class='ocrx_word' id='word_1_347' title='bbox 517 2741 705 2815; x_wconf 88' lang='lat' dir='ltr'><strong>relinqueret.</strong></span> <span class='ocrx_word' id='word_1_348' title='bbox 720 2743 787 2799; x_wconf 90' lang='lat' dir='ltr'><strong>Post</strong></span> <span class='ocrx_word' id='word_1_349' title='bbox 802 2744 900 2801; x_wconf 90' lang='lat' dir='ltr'><strong>animo</strong></span> <span class='ocrx_word' id='word_1_350' title='bbox 916 2762 989 2817; x_wconf 82' lang='lat' dir='ltr'><strong>pra-</strong></span> <span class='ocrx_word' id='word_1_351' title='bbox 1042 2745 1106 2796; x_wconf 89' lang='lat' dir='ltr'><strong>tum</strong></span> <span class='ocrx_word' id='word_1_352' title='bbox 1122 2757 1139 2795; x_wconf 91' lang='lat' dir='ltr'><strong>a</strong></span> <span class='ocrx_word' id='word_1_353' title='bbox 1155 2758 1221 2814; x_wconf 89' lang='lat' dir='ltr'><strong>rege</strong></span> <span class='ocrx_word' id='word_1_354' title='bbox 1247 2740 1355 2798; x_wconf 88' lang='lat' dir='ltr'><strong>Dracas</strong></span> <span class='ocrx_word' id='word_1_355' title='bbox 1371 2743 1503 2814; x_wconf 89' lang='lat' dir='ltr'><strong>occipiat.</strong></span> <span class='ocrx_word' id='word_1_356' title='bbox 1521 2743 1580 2798; x_wconf 80' lang='lat' dir='ltr'><strong>Rea</strong></span> <span class='ocrx_word' id='word_1_357' title='bbox 1594 2742 1730 2798; x_wconf 91' lang='lat' dir='ltr'><strong>vincendi</strong></span> <span class='ocrx_word' id='word_1_358' title='bbox 1746 2742 1873 2816; x_wconf 88' lang='lat' dir='ltr'><strong>gloriam</strong></span> 
     </span>
     <span class='ocr_line' id='line_1_29' title="bbox 165 2829 1873 2904; baseline 0.002 -19"><span class='ocrx_word' id='word_1_359' title='bbox 165 2830 246 2902; x_wconf 91' lang='lat' dir='ltr'><strong>cipiti</strong></span> <span class='ocrx_word' id='word_1_360' title='bbox 261 2830 420 2886; x_wconf 79' lang='lat' dir='ltr'><strong>exercitum</strong></span> <span class='ocrx_word' id='word_1_361' title='bbox 435 2830 465 2886; x_wconf 94' lang='lat' dir='ltr'><strong>in</strong></span> <span class='ocrx_word' id='word_1_362' title='bbox 476 2830 591 2886; x_wconf 88' lang='lat' dir='ltr'><strong>hostem</strong></span> <span class='ocrx_word' id='word_1_363' title='bbox 607 2834 789 2904; x_wconf 87' lang='lat' dir='ltr'><strong>retorquens,</strong></span> <span class='ocrx_word' id='word_1_364' title='bbox 806 2832 988 2889; x_wconf 90' lang='lat' dir='ltr'><strong>obsidionem</strong></span> <span class='ocrx_word' id='word_1_365' title='bbox 1043 2829 1175 2902; x_wconf 87' lang='lat' dir='ltr'><strong>cupiens,</strong></span> <span class='ocrx_word' id='word_1_366' title='bbox 1185 2831 1614 2903; x_wconf 89' lang='lat' dir='ltr'><strong>petenticastrumcommodat.</strong></span> <span class='ocrx_word' id='word_1_367' title='bbox 1624 2831 1721 2887; x_wconf 91' lang='lat' dir='ltr'><strong>Palam</strong></span> <span class='ocrx_word' id='word_1_368' title='bbox 1731 2832 1873 2888; x_wconf 90' lang='lat' dir='ltr'><strong>omnihus</strong></span> 
     </span>
     <span class='ocr_line' id='line_1_30' title="bbox 164 2918 1875 2994; baseline 0.002 -21"><span class='ocrx_word' id='word_1_369' title='bbox 164 2918 303 2981; x_wconf 85' lang='lat' dir='ltr'><strong>adbibere</strong></span> <span class='ocrx_word' id='word_1_370' title='bbox 319 2919 477 2974; x_wconf 86' lang='lat' dir='ltr'><strong>nitebatur.</strong></span> <span class='ocrx_word' id='word_1_371' title='bbox 494 2918 617 2975; x_wconf 86' lang='lat' dir='ltr'><strong>Karalus</strong></span> <span class='ocrx_word' id='word_1_372' title='bbox 643 2936 710 2975; x_wconf 89' lang='lat' dir='ltr'><strong>eum</strong></span> <span class='ocrx_word' id='word_1_373' title='bbox 735 2926 802 2976; x_wconf 92' lang='lat' dir='ltr'><strong>ante</strong></span> <span class='ocrx_word' id='word_1_374' title='bbox 817 2921 874 2978; x_wconf 93' lang='lat' dir='ltr'><strong>sibi</strong></span> <span class='ocrx_word' id='word_1_375' title='bbox 889 2924 988 2994; x_wconf 90' lang='lat' dir='ltr'><strong>copias</strong></span> <span class='ocrx_word' id='word_1_376' title='bbox 1043 2918 1128 2988; x_wconf 88' lang='lat' dir='ltr'><strong>cedit,</strong></span> <span class='ocrx_word' id='word_1_377' title='bbox 1144 2918 1374 2991; x_wconf 91' lang='lat' dir='ltr'><strong>promissionum</strong></span> <span class='ocrx_word' id='word_1_378' title='bbox 1391 2921 1427 2976; x_wconf 90' lang='lat' dir='ltr'><strong>de</strong></span> <span class='ocrx_word' id='word_1_379' title='bbox 1440 2921 1580 2977; x_wconf 89' lang='lat' dir='ltr'><strong>Lauduno</strong></span> <span class='ocrx_word' id='word_1_380' title='bbox 1591 2921 1739 2977; x_wconf 87' lang='lat' dir='ltr'><strong>credulus.</strong></span> <span class='ocrx_word' id='word_1_381' title='bbox 1751 2920 1783 2976; x_wconf 92' lang='lat'><strong>0.</strong></span> <span class='ocrx_word' id='word_1_382' title='bbox 1802 2938 1875 2994; x_wconf 90' lang='lat' dir='ltr'><strong>quo·</strong></span> 
     </span>
     <span class='ocr_line' id='line_1_31' title="bbox 163 3007 1871 3082; baseline 0.004 -21"><span class='ocrx_word' id='word_1_383' title='bbox 163 3010 306 3078; x_wconf 89' lang='lat' dir='ltr'><strong>parasset,</strong></span> <span class='ocrx_word' id='word_1_384' title='bbox 334 3007 462 3063; x_wconf 91' lang='lat' dir='ltr'><strong>venienti</strong></span> <span class='ocrx_word' id='word_1_385' title='bbox 491 3007 627 3065; x_wconf 84' lang='lat' dir='ltr'><strong>resistere</strong></span> <span class='ocrx_word' id='word_1_386' title='bbox 657 3008 780 3065; x_wconf 88' lang='lat' dir='ltr'><strong>viriliter</strong></span> <span class='ocrx_word' id='word_1_387' title='bbox 816 3011 986 3066; x_wconf 89' lang='lat' dir='ltr'><strong>conabatur.</strong></span> <span class='ocrx_word' id='word_1_388' title='bbox 1043 3024 1099 3080; x_wconf 91' lang='lat' dir='ltr'><strong>que</strong></span> <span class='ocrx_word' id='word_1_389' title='bbox 1110 3008 1211 3063; x_wconf 91' lang='lat' dir='ltr'><strong>urbem</strong></span> <span class='ocrx_word' id='word_1_390' title='bbox 1222 3008 1363 3064; x_wconf 88' lang='lat' dir='ltr'><strong>amissam</strong></span> <span class='ocrx_word' id='word_1_391' title='bbox 1374 3008 1404 3064; x_wconf 93' lang='lat' dir='ltr'><strong>in</strong></span> <span class='ocrx_word' id='word_1_392' title='bbox 1416 3009 1761 3066; x_wconf 89' lang='lat' dir='ltr'><strong>breviseeeredditurum</strong></span> <span class='ocrx_word' id='word_1_393' title='bbox 1770 3009 1871 3082; x_wconf 91' lang='lat' dir='ltr'><strong>palam</strong></span> 
     </span>
     <span class='ocr_line' id='line_1_32' title="bbox 161 3096 1871 3173; baseline 0.003 -23"><span class='ocrx_word' id='word_1_394' title='bbox 161 3096 382 3160; x_wconf 83' lang='lat' dir='ltr'><strong>Quatuormilia</strong></span> <span class='ocrx_word' id='word_1_395' title='bbox 392 3097 500 3153; x_wconf 89' lang='lat' dir='ltr'><strong>etenim</strong></span> <span class='ocrx_word' id='word_1_396' title='bbox 512 3102 709 3170; x_wconf 90' lang='lat' dir='ltr'><strong>pugnatorum</strong></span> <span class='ocrx_word' id='word_1_397' title='bbox 722 3098 987 3173; x_wconf 83' lang='lat' dir='ltr'><strong>baudonicollege·</strong></span> <span class='ocrx_word' id='word_1_398' title='bbox 1042 3097 1180 3151; x_wconf 90' lang='lat' dir='ltr'><strong>omnibus</strong></span> <span class='ocrx_word' id='word_1_399' title='bbox 1200 3098 1334 3169; x_wconf 89' lang='lat' dir='ltr'><strong>spondet.</strong></span> <span class='ocrx_word' id='word_1_400' title='bbox 1350 3101 1484 3154; x_wconf 88' lang='lat' dir='ltr'><strong>Castrum</strong></span> <span class='ocrx_word' id='word_1_401' title='bbox 1500 3115 1569 3172; x_wconf 89' lang='lat' dir='ltr'><strong>ergo</strong></span> <span class='ocrx_word' id='word_1_402' title='bbox 1582 3117 1599 3154; x_wconf 93' lang='lat' dir='ltr'><strong>a</strong></span> <span class='ocrx_word' id='word_1_403' title='bbox 1612 3115 1680 3171; x_wconf 90' lang='lat' dir='ltr'><strong>rege</strong></span> <span class='ocrx_word' id='word_1_404' title='bbox 1695 3115 1871 3156; x_wconf 85' lang='lat' dir='ltr'><strong>concessum</strong></span> 
     </span>
     <span class='ocr_line' id='line_1_33' title="bbox 160 3176 1872 3261; baseline 0.005 -23"><span class='ocrx_word' id='word_1_405' title='bbox 160 3188 205 3241; x_wconf 84' lang='lat' dir='ltr'><strong>rat</strong></span> <span class='ocrx_word' id='word_1_406' title='bbox 224 3185 381 3258; x_wconf 90' lang='lat' dir='ltr'><strong>animoque</strong></span> <span class='ocrx_word' id='word_1_407' title='bbox 404 3185 581 3252; x_wconf 82' lang='lat' dir='ltr'><strong>firmaverat,</strong></span> <span class='ocrx_word' id='word_1_408' title='bbox 606 3192 638 3241; x_wconf 92' lang='lat' dir='ltr'><strong>ut</strong></span> <span class='ocrx_word' id='word_1_409' title='bbox 662 3186 686 3242; x_wconf 92' lang='lat' dir='ltr'><strong>si</strong></span> <span class='ocrx_word' id='word_1_410' title='bbox 712 3204 769 3243; x_wconf 92' lang='lat' dir='ltr'><strong>non</strong></span> <span class='ocrx_word' id='word_1_411' title='bbox 785 3187 983 3261; x_wconf 89' lang='lat' dir='ltr'><strong>impeteretur,</strong></span> <span class='ocrx_word' id='word_1_412' title='bbox 1000 3176 1021 3244; x_wconf 87' lang='lat' dir='ltr'><strong>G</strong></span> <span class='ocrx_word' id='word_1_413' title='bbox 1040 3185 1151 3257; x_wconf 88' lang='lat' dir='ltr'><strong>absque</strong></span> <span class='ocrx_word' id='word_1_414' title='bbox 1167 3202 1249 3242; x_wconf 90' lang='lat' dir='ltr'><strong>mora</strong></span> <span class='ocrx_word' id='word_1_415' title='bbox 1263 3186 1345 3258; x_wconf 88' lang='lat' dir='ltr'><strong>petit,</strong></span> <span class='ocrx_word' id='word_1_416' title='bbox 1361 3191 1526 3243; x_wconf 90' lang='lat' dir='ltr'><strong>castrenses</strong></span> <span class='ocrx_word' id='word_1_417' title='bbox 1541 3187 1598 3243; x_wconf 91' lang='lat' dir='ltr'><strong>sibi</strong></span> <span class='ocrx_word' id='word_1_418' title='bbox 1614 3188 1792 3244; x_wconf 91' lang='lat' dir='ltr'><strong>sacramenti</strong></span> <span class='ocrx_word' id='word_1_419' title='bbox 1804 3189 1872 3259; x_wconf 85' lang='lat' dir='ltr'><strong>jure</strong></span> 
     </span>
     <span class='ocr_line' id='line_1_34' title="bbox 73 3273 1869 3350; baseline 0.004 -23"><span class='ocrx_word' id='word_1_420' title='bbox 73 3280 79 3292; x_wconf 88' lang='lat'><strong><em>‘</em></strong></span> <span class='ocrx_word' id='word_1_421' title='bbox 158 3273 343 3347; x_wconf 89' lang='lat' dir='ltr'><strong>quiesceret,·</strong></span> <span class='ocrx_word' id='word_1_422' title='bbox 358 3277 387 3330; x_wconf 90' lang='lat' dir='ltr'><strong>et</strong></span> <span class='ocrx_word' id='word_1_423' title='bbox 402 3275 558 3344; x_wconf 88' lang='lat' dir='ltr'><strong>resisteret,</strong></span> <span class='ocrx_word' id='word_1_424' title='bbox 577 3275 602 3331; x_wconf 94' lang='lat' dir='ltr'><strong>si</strong></span> <span class='ocrx_word' id='word_1_425' title='bbox 618 3281 781 3349; x_wconf 89' lang='lat' dir='ltr'><strong>urgeretur.</strong></span> <span class='ocrx_word' id='word_1_426' title='bbox 1040 3277 1209 3341; x_wconf 91' lang='lat' dir='ltr'><strong>annectens,</strong></span> <span class='ocrx_word' id='word_1_427' title='bbox 1231 3274 1331 3347; x_wconf 91' lang='lat' dir='ltr'><strong>eisque</strong></span> <span class='ocrx_word' id='word_1_428' title='bbox 1356 3275 1469 3348; x_wconf 87' lang='lat' dir='ltr'><strong>aliquot</strong></span> <span class='ocrx_word' id='word_1_429' title='bbox 1494 3293 1619 3350; x_wconf 89' lang='lat' dir='ltr'><strong>quorum</strong></span> <span class='ocrx_word' id='word_1_430' title='bbox 1644 3276 1711 3332; x_wconf 84' lang='lat' dir='ltr'><strong>fidei</strong></span> <span class='ocrx_word' id='word_1_431' title='bbox 1739 3277 1869 3350; x_wconf 82' lang='lat' dir='ltr'><strong>vigorem</strong></span> 
     </span>
     <span class='ocr_line' id='line_1_35' title="bbox 192 3362 1870 3438; baseline 0.003 -20"><span class='ocrx_word' id='word_1_432' title='bbox 192 3364 237 3419; x_wconf 87' lang='grc'><strong>38.</strong></span> <span class='ocrx_word' id='word_1_433' title='bbox 254 3365 398 3421; x_wconf 73' lang='lat' dir='ltr'><strong>Eretricus</strong></span> <span class='ocrx_word' id='word_1_434' title='bbox 413 3364 446 3398; x_wconf 80' lang='lat'><strong>¹⁸¹</strong></span> <span class='ocrx_word' id='word_1_435' title='bbox 461 3366 586 3436; x_wconf 85' lang='lat' dir='ltr'><strong>tripertio</strong></span> <span class='ocrx_word' id='word_1_436' title='bbox 601 3365 633 3399; x_wconf 78' lang='lat'><strong>⁸⁸¹</strong></span> <span class='ocrx_word' id='word_1_437' title='bbox 651 3366 795 3422; x_wconf 83' lang='lat' dir='ltr'><strong>ordinatur</strong></span> <span class='ocrx_word' id='word_1_438' title='bbox 810 3367 853 3421; x_wconf 70' lang='lat'><strong>⁵⁸¹.</strong></span> <span class='ocrx_word' id='word_1_439' title='bbox 876 3398 911 3406; x_wconf 96' lang='lat'>—</span> <span class='ocrx_word' id='word_1_440' title='bbox 926 3367 986 3424; x_wconf 83' lang='lat' dir='ltr'><strong>Rex</strong></span> <span class='ocrx_word' id='word_1_441' title='bbox 1039 3362 1150 3419; x_wconf 86' lang='lat' dir='ltr'><strong>sciebat</strong></span> <span class='ocrx_word' id='word_1_442' title='bbox 1160 3362 1316 3420; x_wconf 87' lang='lat' dir='ltr'><strong>assotians.</strong></span> <span class='ocrx_word' id='word_1_443' title='bbox 1333 3364 1423 3438; x_wconf 87' lang='lat' dir='ltr'><strong>Regia</strong></span> <span class='ocrx_word' id='word_1_444' title='bbox 1435 3365 1551 3438; x_wconf 88' lang='lat' dir='ltr'><strong>negotia</strong></span> <span class='ocrx_word' id='word_1_445' title='bbox 1566 3365 1670 3422; x_wconf 83' lang='lat' dir='ltr'><strong>exinde</strong></span> <span class='ocrx_word' id='word_1_446' title='bbox 1686 3365 1870 3431; x_wconf 86' lang='lat' dir='ltr'><strong>utilitereat·</strong></span> 
     </span>
     <span class='ocr_line' id='line_1_36' title="bbox 159 3450 1868 3527; baseline 0.004 -21"><span class='ocrx_word' id='word_1_447' title='bbox 159 3450 271 3508; x_wconf 90' lang='lat' dir='ltr'><strong>interea</strong></span> <span class='ocrx_word' id='word_1_448' title='bbox 285 3451 443 3508; x_wconf 86' lang='lat' dir='ltr'><strong>exercitum</strong></span> <span class='ocrx_word' id='word_1_449' title='bbox 458 3451 611 3524; x_wconf 91' lang='lat' dir='ltr'><strong>inducens,</strong></span> <span class='ocrx_word' id='word_1_450' title='bbox 628 3453 726 3509; x_wconf 84' lang='lat' dir='ltr'><strong>Karoli</strong></span> <span class='ocrx_word' id='word_1_451' title='bbox 742 3455 886 3527; x_wconf 87' lang='lat' dir='ltr'><strong>legionem</strong></span> <span class='ocrx_word' id='word_1_452' title='bbox 906 3455 984 3511; x_wconf 90' lang='lat' dir='ltr'><strong>ordi·</strong></span> <span class='ocrx_word' id='word_1_453' title='bbox 1039 3468 1139 3524; x_wconf 89' lang='lat' dir='ltr'><strong>agens.</strong></span> <span class='ocrx_word' id='word_1_454' title='bbox 1155 3451 1247 3524; x_wconf 85' lang='lat' dir='ltr'><strong>Cujus</strong></span> <span class='ocrx_word' id='word_1_455' title='bbox 1261 3456 1359 3509; x_wconf 91' lang='lat' dir='ltr'><strong>tamen</strong></span> <span class='ocrx_word' id='word_1_456' title='bbox 1373 3451 1533 3510; x_wconf 88' lang='lat' dir='ltr'><strong>voluntatis</strong></span> <span class='ocrx_word' id='word_1_457' title='bbox 1549 3455 1668 3511; x_wconf 85' lang='lat' dir='ltr'><strong>allectus</strong></span> <span class='ocrx_word' id='word_1_458' title='bbox 1685 3454 1787 3511; x_wconf 92' lang='lat' dir='ltr'><strong>nullus</strong></span> <span class='ocrx_word' id='word_1_459' title='bbox 1803 3455 1868 3523; x_wconf 86' lang='lat' dir='ltr'><strong>luit,</strong></span> 
     </span>
     <span class='ocr_line' id='line_1_37' title="bbox 159 3541 1870 3617; baseline 0.002 -22"><span class='ocrx_word' id='word_1_460' title='bbox 159 3543 259 3596; x_wconf 89' lang='lat' dir='ltr'><strong>natam</strong></span> <span class='ocrx_word' id='word_1_461' title='bbox 275 3544 438 3614; x_wconf 89' lang='lat' dir='ltr'><strong>pugnatum</strong></span> <span class='ocrx_word' id='word_1_462' title='bbox 455 3541 540 3597; x_wconf 90' lang='lat' dir='ltr'><strong>videt.</strong></span> <span class='ocrx_word' id='word_1_463' title='bbox 557 3543 720 3598; x_wconf 79' lang='lat' dir='ltr'><strong>Exercitum</strong></span> <span class='ocrx_word' id='word_1_464' title='bbox 745 3558 813 3615; x_wconf 89' lang='lat' dir='ltr'><strong>ergo</strong></span> <span class='ocrx_word' id='word_1_465' title='bbox 839 3545 984 3617; x_wconf 89' lang='lat' dir='ltr'><strong>tripertito</strong></span> <span class='ocrx_word' id='word_1_466' title='bbox 1039 3556 1072 3596; x_wconf 91' lang='lat' dir='ltr'><strong>eo</strong></span> <span class='ocrx_word' id='word_1_467' title='bbox 1096 3541 1173 3612; x_wconf 92' lang='lat' dir='ltr'><strong>quod</strong></span> <span class='ocrx_word' id='word_1_468' title='bbox 1200 3542 1373 3614; x_wconf 88' lang='lat' dir='ltr'><strong>tempestiva</strong></span> <span class='ocrx_word' id='word_1_469' title='bbox 1397 3543 1432 3578; x_wconf 60' lang='grc' dir='ltr'><strong>Μ*</strong></span> <span class='ocrx_word' id='word_1_470' title='bbox 1454 3542 1535 3599; x_wconf 91' lang='lat' dir='ltr'><strong>urbis</strong></span> <span class='ocrx_word' id='word_1_471' title='bbox 1559 3543 1686 3616; x_wconf 90' lang='lat' dir='ltr'><strong>proditio</strong></span> <span class='ocrx_word' id='word_1_472' title='bbox 1704 3549 1824 3612; x_wconf 90' lang='lat' dir='ltr'><strong>vetaret,</strong></span> <span class='ocrx_word' id='word_1_473' title='bbox 1840 3549 1870 3601; x_wconf 92' lang='lat' dir='ltr'><strong>et</strong></span> 
     </span>
     <span class='ocr_line' id='line_1_38' title="bbox 159 3628 1639 3705; baseline 0.003 -21"><span class='ocrx_word' id='word_1_474' title='bbox 159 3628 273 3698; x_wconf 86' lang='lat' dir='ltr'><strong>dividit,</strong></span> <span class='ocrx_word' id='word_1_475' title='bbox 286 3646 322 3686; x_wconf 88' lang='lat' dir='ltr'><strong>ne</strong></span> <span class='ocrx_word' id='word_1_476' title='bbox 332 3630 607 3698; x_wconf 89' lang='lat' dir='ltr'><strong>multusexercitus,</strong></span> <span class='ocrx_word' id='word_1_477' title='bbox 620 3631 749 3687; x_wconf 87' lang='lat' dir='ltr'><strong>molesui</strong></span> <span class='ocrx_word' id='word_1_478' title='bbox 761 3637 909 3705; x_wconf 86' lang='lat' dir='ltr'><strong>gravatus,</strong></span> <span class='ocrx_word' id='word_1_479' title='bbox 922 3650 980 3704; x_wconf 92' lang='lat' dir='ltr'><strong>pro</strong></span> <span class='ocrx_word' id='word_1_480' title='bbox 1038 3646 1126 3685; x_wconf 91' lang='lat' dir='ltr'><strong>casos</strong></span> <span class='ocrx_word' id='word_1_481' title='bbox 1137 3630 1281 3702; x_wconf 82' lang='lat' dir='ltr'><strong>repentini</strong></span> <span class='ocrx_word' id='word_1_482' title='bbox 1296 3631 1380 3686; x_wconf 89' lang='lat' dir='ltr'><strong>aliter</strong></span> <span class='ocrx_word' id='word_1_483' title='bbox 1394 3631 1457 3688; x_wconf 88' lang='lat' dir='ltr'><strong>lieri</strong></span> <span class='ocrx_word' id='word_1_484' title='bbox 1472 3636 1639 3705; x_wconf 84' lang='lat' dir='ltr'><strong>arguerent.</strong></span> 
     </span>
     <span class='ocr_line' id='line_1_39' title="bbox 159 3717 1868 3792; baseline 0.003 -18"><span class='ocrx_word' id='word_1_485' title='bbox 159 3717 232 3791; x_wconf 91' lang='lat' dir='ltr'><strong>priis</strong></span> <span class='ocrx_word' id='word_1_486' title='bbox 241 3717 353 3775; x_wconf 90' lang='lat' dir='ltr'><strong>viribus</strong></span> <span class='ocrx_word' id='word_1_487' title='bbox 367 3719 569 3775; x_wconf 80' lang='lat' dir='ltr'><strong>frustraretur.</strong></span> <span class='ocrx_word' id='word_1_488' title='bbox 586 3720 657 3775; x_wconf 81' lang='lat' dir='ltr'><strong>&#39;ires</strong></span> <span class='ocrx_word' id='word_1_489' title='bbox 670 3721 769 3792; x_wconf 89' lang='lat' dir='ltr'><strong>itaque</strong></span> <span class='ocrx_word' id='word_1_490' title='bbox 783 3721 860 3778; x_wconf 89' lang='lat' dir='ltr'><strong>acies</strong></span> <span class='ocrx_word' id='word_1_491' title='bbox 875 3722 983 3778; x_wconf 88' lang='lat' dir='ltr'><strong>consti·</strong></span> <span class='ocrx_word' id='word_1_492' title='bbox 1074 3719 1118 3773; x_wconf 87' lang='lat' dir='ltr'><strong>ll.</strong></span> <span class='ocrx_word' id='word_1_493' title='bbox 1135 3719 1249 3775; x_wconf 73' lang='lat' dir='ltr'><strong>subtilis</strong></span> <span class='ocrx_word' id='word_1_494' title='bbox 1274 3721 1491 3776; x_wconf 59' lang='grc' dir='ltr'><strong>5815φηασὴιήαειό</strong></span> <span class='ocrx_word' id='word_1_495' title='bbox 1515 3721 1549 3756; x_wconf 81' lang='lat'><strong>⁸⁸⁵</strong></span> <span class='ocrx_word' id='word_1_496' title='bbox 1564 3723 1593 3777; x_wconf 84' lang='lat' dir='ltr'><strong>in</strong></span> <span class='ocrx_word' id='word_1_497' title='bbox 1609 3723 1740 3778; x_wconf 79' lang='lat' dir='ltr'><strong>iteratam</strong></span> <span class='ocrx_word' id='word_1_498' title='bbox 1758 3731 1786 3779; x_wconf 87' lang='lat' dir='ltr'><strong>et</strong></span> <span class='ocrx_word' id='word_1_499' title='bbox 1815 3725 1868 3778; x_wconf 72' lang='lat' dir='ltr'><strong>ilr-</strong></span> 
     </span>
     <span class='ocr_line' id='line_1_40' title="bbox 156 3807 1867 3883; baseline 0.005 -23"><span class='ocrx_word' id='word_1_500' title='bbox 156 3807 223 3876; x_wconf 89' lang='lat' dir='ltr'><strong>tnit,</strong></span> <span class='ocrx_word' id='word_1_501' title='bbox 239 3808 365 3879; x_wconf 87' lang='lat' dir='ltr'><strong>primam</strong></span> <span class='ocrx_word' id='word_1_502' title='bbox 385 3807 453 3865; x_wconf 89' lang='lat' dir='ltr'><strong>belli</strong></span> <span class='ocrx_word' id='word_1_503' title='bbox 477 3808 587 3881; x_wconf 90' lang='lat' dir='ltr'><strong>primos</strong></span> <span class='ocrx_word' id='word_1_504' title='bbox 611 3809 739 3882; x_wconf 91' lang='lat' dir='ltr'><strong>impetus</strong></span> <span class='ocrx_word' id='word_1_505' title='bbox 763 3811 798 3844; x_wconf 74' lang='lat'><strong>⁶⁸¹</strong></span> <span class='ocrx_word' id='word_1_506' title='bbox 821 3809 982 3880; x_wconf 89' lang='lat' dir='ltr'><strong>inituram;</strong></span> <span class='ocrx_word' id='word_1_507' title='bbox 1037 3808 1157 3878; x_wconf 63' lang='lat' dir='ltr'><strong>raetiam.</strong></span> <span class='ocrx_word' id='word_1_508' title='bbox 1171 3839 1203 3849; x_wconf 96' lang='lat'>—</span> <span class='ocrx_word' id='word_1_509' title='bbox 1215 3808 1320 3864; x_wconf 72' lang='lat' dir='ltr'><strong>abhoc</strong></span> <span class='ocrx_word' id='word_1_510' title='bbox 1331 3809 1611 3883; x_wconf 86' lang='lat' dir='ltr'><strong>temporeAdalbero</strong></span> <span class='ocrx_word' id='word_1_511' title='bbox 1623 3812 1867 3868; x_wconf 87' lang='lat' dir='ltr'><strong>Laudunensium</strong></span> 
     </span>
     <span class='ocr_line' id='line_1_41' title="bbox 155 3895 1865 3973; baseline 0.004 -22"><span class='ocrx_word' id='word_1_512' title='bbox 155 3897 395 3969; x_wconf 79' lang='lat' dir='ltr'><strong>secundamque</strong></span> <span class='ocrx_word' id='word_1_513' title='bbox 411 3897 521 3953; x_wconf 90' lang='lat' dir='ltr'><strong>labenti</strong></span> <span class='ocrx_word' id='word_1_514' title='bbox 537 3903 730 3965; x_wconf 89' lang='lat' dir='ltr'><strong>succurreret,</strong></span> <span class='ocrx_word' id='word_1_515' title='bbox 747 3898 882 3972; x_wconf 86' lang='lat' dir='ltr'><strong>viresqne</strong></span> <span class='ocrx_word' id='word_1_516' title='bbox 898 3900 984 3956; x_wconf 86' lang='lat' dir='ltr'><strong>reler-</strong></span> <span class='ocrx_word' id='word_1_517' title='bbox 1037 3895 1262 3969; x_wconf 88' lang='lat' dir='ltr'><strong>episcopus,qui</strong></span> <span class='ocrx_word' id='word_1_518' title='bbox 1274 3901 1340 3953; x_wconf 91' lang='lat' dir='ltr'><strong>ante</strong></span> <span class='ocrx_word' id='word_1_519' title='bbox 1350 3916 1367 3953; x_wconf 90' lang='lat' dir='ltr'><strong>a</strong></span> <span class='ocrx_word' id='word_1_520' title='bbox 1377 3897 1481 3955; x_wconf 85' lang='lat' dir='ltr'><strong>Karolo</strong></span> <span class='ocrx_word' id='word_1_521' title='bbox 1492 3903 1596 3972; x_wconf 89' lang='lat' dir='ltr'><strong>captus</strong></span> <span class='ocrx_word' id='word_1_522' title='bbox 1607 3901 1772 3973; x_wconf 81' lang='lat' dir='ltr'><strong>aufugerat,</strong></span> <span class='ocrx_word' id='word_1_523' title='bbox 1784 3901 1865 3957; x_wconf 90' lang='lat' dir='ltr'><strong>omni</strong></span> 
     </span>
     <span class='ocr_line' id='line_1_42' title="bbox 155 3983 1867 4062; baseline 0.005 -25"><span class='ocrx_word' id='word_1_524' title='bbox 155 3986 199 4038; x_wconf 90' lang='lat' dir='ltr'><strong>ret</strong></span> <span class='ocrx_word' id='word_1_525' title='bbox 212 3983 342 4051; x_wconf 87' lang='lat' dir='ltr'><strong>;tertiam</strong></span> <span class='ocrx_word' id='word_1_526' title='bbox 352 3999 419 4039; x_wconf 91' lang='lat' dir='ltr'><strong>vero</strong></span> <span class='ocrx_word' id='word_1_527' title='bbox 426 3984 526 4057; x_wconf 92' lang='lat' dir='ltr'><strong>spoliis</strong></span> <span class='ocrx_word' id='word_1_528' title='bbox 535 3985 693 4057; x_wconf 89' lang='lat' dir='ltr'><strong>eripiendis</strong></span> <span class='ocrx_word' id='word_1_529' title='bbox 704 3986 857 4043; x_wconf 90' lang='lat' dir='ltr'><strong>ordinavit.</strong></span> <span class='ocrx_word' id='word_1_530' title='bbox 871 3988 982 4054; x_wconf 81' lang='lat' dir='ltr'><strong>Quibus</strong></span> <span class='ocrx_word' id='word_1_531' title='bbox 1037 3985 1154 4058; x_wconf 89' lang='lat' dir='ltr'><strong>ingenio</strong></span> <span class='ocrx_word' id='word_1_532' title='bbox 1169 3987 1398 4058; x_wconf 87' lang='lat' dir='ltr'><strong>oportunitatem</strong></span> <span class='ocrx_word' id='word_1_533' title='bbox 1414 3988 1574 4060; x_wconf 76' lang='lat' dir='ltr'><strong>querebat,</strong></span> <span class='ocrx_word' id='word_1_534' title='bbox 1590 4006 1648 4062; x_wconf 88' lang='lat' dir='ltr'><strong>que</strong></span> <span class='ocrx_word' id='word_1_535' title='bbox 1662 4006 1747 4046; x_wconf 89' lang='lat' dir='ltr'><strong>versa</strong></span> <span class='ocrx_word' id='word_1_536' title='bbox 1760 3989 1822 4046; x_wconf 89' lang='lat' dir='ltr'><strong>vice</strong></span> <span class='ocrx_word' id='word_1_537' title='bbox 1838 3993 1867 4046; x_wconf 91' lang='lat' dir='ltr'><strong>et</strong></span> 
     </span>
     <span class='ocr_line' id='line_1_43' title="bbox 155 4069 1864 4151; baseline 0.005 -25"><span class='ocrx_word' id='word_1_538' title='bbox 155 4069 197 4126; x_wconf 92' lang='lat' dir='ltr'><strong>sic</strong></span> <span class='ocrx_word' id='word_1_539' title='bbox 212 4070 314 4126; x_wconf 87' lang='lat' dir='ltr'><strong>divisis</strong></span> <span class='ocrx_word' id='word_1_540' title='bbox 329 4075 357 4126; x_wconf 88' lang='lat' dir='ltr'><strong>et</strong></span> <span class='ocrx_word' id='word_1_541' title='bbox 372 4071 523 4138; x_wconf 90' lang='lat' dir='ltr'><strong>ordinatis,</strong></span> <span class='ocrx_word' id='word_1_542' title='bbox 547 4074 644 4145; x_wconf 89' lang='lat' dir='ltr'><strong>prima</strong></span> <span class='ocrx_word' id='word_1_543' title='bbox 660 4075 737 4130; x_wconf 91' lang='lat' dir='ltr'><strong>acies</strong></span> <span class='ocrx_word' id='word_1_544' title='bbox 762 4075 855 4148; x_wconf 89' lang='lat' dir='ltr'><strong>signis</strong></span> <span class='ocrx_word' id='word_1_545' title='bbox 877 4077 982 4133; x_wconf 88' lang='lat' dir='ltr'><strong>erectis</strong></span> <span class='ocrx_word' id='word_1_546' title='bbox 1037 4073 1212 4129; x_wconf 89' lang='lat' dir='ltr'><strong>Laudunum</strong></span> <span class='ocrx_word' id='word_1_547' title='bbox 1229 4080 1354 4146; x_wconf 85' lang='lat' dir='ltr'><strong>caperet,</strong></span> <span class='ocrx_word' id='word_1_548' title='bbox 1380 4081 1409 4131; x_wconf 92' lang='lat' dir='ltr'><strong>et</strong></span> <span class='ocrx_word' id='word_1_549' title='bbox 1429 4075 1567 4133; x_wconf 81' lang='lat' dir='ltr'><strong>Karolurn</strong></span> <span class='ocrx_word' id='word_1_550' title='bbox 1592 4077 1864 4151; x_wconf 84' lang='lat' dir='ltr'><strong>comprehenderet.</strong></span> 
     </span>
     <span class='ocr_line' id='line_1_44' title="bbox 66 4160 1863 4240; baseline 0.006 -26"><span class='ocrx_word' id='word_1_551' title='bbox 66 4231 70 4240; x_wconf 89' lang='lat'><strong>.</strong></span> <span class='ocrx_word' id='word_1_552' title='bbox 155 4175 350 4233; x_wconf 88' lang='lat' dir='ltr'><strong>congressura</strong></span> <span class='ocrx_word' id='word_1_553' title='bbox 364 4174 432 4215; x_wconf 91' lang='lat' dir='ltr'><strong>cum</strong></span> <span class='ocrx_word' id='word_1_554' title='bbox 445 4177 511 4234; x_wconf 91' lang='lat' dir='ltr'><strong>rego</strong></span> <span class='ocrx_word' id='word_1_555' title='bbox 526 4160 689 4231; x_wconf 87' lang='lat' dir='ltr'><strong>incedebat;</strong></span> <span class='ocrx_word' id='word_1_556' title='bbox 703 4161 820 4236; x_wconf 79' lang='lat' dir='ltr'><strong>reliqua</strong></span> <span class='ocrx_word' id='word_1_557' title='bbox 831 4166 895 4220; x_wconf 77' lang='lat' dir='ltr'><strong>dure</strong></span> <span class='ocrx_word' id='word_1_558' title='bbox 909 4164 981 4221; x_wconf 90' lang='lat' dir='ltr'><strong>locis</strong></span> <span class='ocrx_word' id='word_1_559' title='bbox 1036 4162 1160 4234; x_wconf 87' lang='lat' dir='ltr'><strong>Legatos</strong></span> <span class='ocrx_word' id='word_1_560' title='bbox 1175 4162 1275 4235; x_wconf 90' lang='lat' dir='ltr'><strong>itaque</strong></span> <span class='ocrx_word' id='word_1_561' title='bbox 1294 4163 1466 4236; x_wconf 86' lang='lat' dir='ltr'><strong>hujusmodi</strong></span> <span class='ocrx_word' id='word_1_562' title='bbox 1493 4166 1602 4240; x_wconf 88' lang='lat' dir='ltr'><strong>negotii</strong></span> <span class='ocrx_word' id='word_1_563' title='bbox 1618 4165 1863 4236; x_wconf 83' lang='lat' dir='ltr'><strong>officiosissimos,</strong></span> 
     </span>
     <span class='ocr_line' id='line_1_45' title="bbox 154 4248 1865 4329; baseline 0.005 -26"><span class='ocrx_word' id='word_1_564' title='bbox 154 4248 322 4304; x_wconf 87' lang='lat' dir='ltr'><strong>constitutis</strong></span> <span class='ocrx_word' id='word_1_565' title='bbox 339 4252 446 4321; x_wconf 80' lang='lat' dir='ltr'><strong>parate</strong></span> <span class='ocrx_word' id='word_1_566' title='bbox 462 4265 632 4307; x_wconf 89' lang='lat' dir='ltr'><strong>succurrere</strong></span> <span class='ocrx_word' id='word_1_567' title='bbox 648 4251 884 4324; x_wconf 87' lang='lat' dir='ltr'><strong>opperiebantur.</strong></span> <span class='ocrx_word' id='word_1_568' title='bbox 1035 4249 1156 4306; x_wconf 79' lang='lat' dir='ltr'><strong>Arnullo</strong></span> <span class='ocrx_word' id='word_1_569' title='bbox 1181 4251 1322 4324; x_wconf 88' lang='lat' dir='ltr'><strong>dirigens,</strong></span> <span class='ocrx_word' id='word_1_570' title='bbox 1343 4253 1514 4323; x_wconf 87' lang='lat' dir='ltr'><strong>amicitiam,</strong></span> <span class='ocrx_word' id='word_1_571' title='bbox 1532 4256 1632 4325; x_wconf 82' lang='lat' dir='ltr'><strong>fidem,</strong></span> <span class='ocrx_word' id='word_1_572' title='bbox 1659 4255 1865 4329; x_wconf 88' lang='lat' dir='ltr'><strong>suppetiarum</strong></span> 
     </span>
     <span class='ocr_line' id='line_1_46' title="bbox 190 4336 1865 4417; baseline 0.004 -24"><span class='ocrx_word' id='word_1_573' title='bbox 190 4338 235 4394; x_wconf 85' lang='grc'><strong>39.</strong></span> <span class='ocrx_word' id='word_1_574' title='bbox 248 4336 370 4395; x_wconf 85' lang='lat' dir='ltr'><strong>Karalus</strong></span> <span class='ocrx_word' id='word_1_575' title='bbox 381 4355 448 4394; x_wconf 92' lang='lat' dir='ltr'><strong>cum</strong></span> <span class='ocrx_word' id='word_1_576' title='bbox 458 4343 583 4412; x_wconf 90' lang='lat' dir='ltr'><strong>quatuor</strong></span> <span class='ocrx_word' id='word_1_577' title='bbox 593 4339 715 4397; x_wconf 90' lang='lat' dir='ltr'><strong>milibus</strong></span> <span class='ocrx_word' id='word_1_578' title='bbox 725 4341 827 4398; x_wconf 89' lang='lat' dir='ltr'><strong>obvius</strong></span> <span class='ocrx_word' id='word_1_579' title='bbox 839 4342 979 4414; x_wconf 89' lang='lat' dir='ltr'><strong>procedit,</strong></span> <span class='ocrx_word' id='word_1_580' title='bbox 1035 4338 1169 4396; x_wconf 89' lang='lat' dir='ltr'><strong>subsidia</strong></span> <span class='ocrx_word' id='word_1_581' title='bbox 1183 4342 1312 4396; x_wconf 89' lang='lat' dir='ltr'><strong>mandat.</strong></span> <span class='ocrx_word' id='word_1_582' title='bbox 1328 4342 1361 4397; x_wconf 78' lang='lat' dir='ltr'><strong>oi</strong></span> <span class='ocrx_word' id='word_1_583' title='bbox 1376 4360 1492 4416; x_wconf 91' lang='lat' dir='ltr'><strong>quoque</strong></span> <span class='ocrx_word' id='word_1_584' title='bbox 1507 4349 1607 4416; x_wconf 90' lang='lat' dir='ltr'><strong>utpote</strong></span> <span class='ocrx_word' id='word_1_585' title='bbox 1622 4361 1675 4400; x_wconf 91' lang='lat' dir='ltr'><strong>suo</strong></span> <span class='ocrx_word' id='word_1_586' title='bbox 1692 4344 1865 4417; x_wconf 89' lang='lat' dir='ltr'><strong>metrepoli-</strong></span> 
     </span>
    </p>
   </div>
   <div class='ocr_carea' id='block_1_5' title="bbox 40 4427 1866 4506">
    <p class='ocr_par' dir='ltr' id='par_1_5' title="bbox 40 4427 1866 4506">
     <span class='ocr_line' id='line_1_47' title="bbox 40 4427 1866 4506; baseline 0.004 -24"><span class='ocrx_word' id='word_1_587' title='bbox 40 4450 41 4461; x_wconf 45' lang='lat' dir='ltr'><strong>r</strong></span> <span class='ocrx_word' id='word_1_588' title='bbox 153 4444 301 4484; x_wconf 89' lang='lat' dir='ltr'><strong>summam</strong></span> <span class='ocrx_word' id='word_1_589' title='bbox 326 4428 512 4485; x_wconf 89' lang='lat' dir='ltr'><strong>Divinitatem</strong></span> <span class='ocrx_word' id='word_1_590' title='bbox 538 4429 677 4485; x_wconf 91' lang='lat' dir='ltr'><strong>invocans</strong></span> <span class='ocrx_word' id='word_1_591' title='bbox 697 4434 730 4485; x_wconf 92' lang='lat' dir='ltr'><strong>ut</strong></span> <span class='ocrx_word' id='word_1_592' title='bbox 753 4430 790 4486; x_wconf 92' lang='lat' dir='ltr'><strong>ah</strong></span> <span class='ocrx_word' id='word_1_593' title='bbox 816 4431 980 4489; x_wconf 88' lang='lat' dir='ltr'><strong>innumeris</strong></span> <span class='ocrx_word' id='word_1_594' title='bbox 1034 4431 1102 4484; x_wconf 89' lang='lat' dir='ltr'><strong>tano</strong></span> <span class='ocrx_word' id='word_1_595' title='bbox 1114 4444 1181 4485; x_wconf 91' lang='lat' dir='ltr'><strong>sese</strong></span> <span class='ocrx_word' id='word_1_596' title='bbox 1195 4427 1268 4485; x_wconf 89' lang='lat' dir='ltr'><strong>velle</strong></span> <span class='ocrx_word' id='word_1_597' title='bbox 1281 4431 1471 4487; x_wconf 86' lang='lat' dir='ltr'><strong>reconciliari.</strong></span> <span class='ocrx_word' id='word_1_598' title='bbox 1488 4432 1549 4487; x_wconf 87' lang='lat' dir='ltr'><strong>Sibi</strong></span> <span class='ocrx_word' id='word_1_599' title='bbox 1566 4433 1654 4488; x_wconf 88' lang='lat' dir='ltr'><strong>etiam</strong></span> <span class='ocrx_word' id='word_1_600' title='bbox 1670 4433 1784 4506; x_wconf 79' lang='lat' dir='ltr'><strong>injuria</strong></span> <span class='ocrx_word' id='word_1_601' title='bbox 1799 4449 1866 4490; x_wconf 84' lang='lat' dir='ltr'><strong>esse</strong></span> 
     </span>
    </p>
   </div>
   <div class='ocr_carea' id='block_1_6' title="bbox 148 4518 1866 5036">
    <p class='ocr_par' dir='ltr' id='par_1_6' title="bbox 148 4518 1866 5036">
     <span class='ocr_line' id='line_1_48' title="bbox 153 4518 1866 4611; baseline 0.005 -42"><span class='ocrx_word' id='word_1_602' title='bbox 153 4532 263 4589; x_wconf 91' lang='lat' dir='ltr'><strong>paucos</strong></span> <span class='ocrx_word' id='word_1_603' title='bbox 275 4521 407 4589; x_wconf 87' lang='lat' dir='ltr'><strong>protegat</strong></span> <span class='ocrx_word' id='word_1_604' title='bbox 418 4535 425 4585; x_wconf 88' lang='grc'><strong>;</strong></span> <span class='ocrx_word' id='word_1_605' title='bbox 438 4518 620 4574; x_wconf 85' lang='lat' dir='ltr'><strong>multitudini</strong></span> <span class='ocrx_word' id='word_1_606' title='bbox 632 4536 689 4575; x_wconf 87' lang='lat' dir='ltr'><strong>nan</strong></span> <span class='ocrx_word' id='word_1_607' title='bbox 701 4519 862 4589; x_wconf 80' lang='lat' dir='ltr'><strong>fidendum,</strong></span> <span class='ocrx_word' id='word_1_608' title='bbox 874 4525 978 4594; x_wconf 74' lang='lat' dir='ltr'><strong>etpau-</strong></span> <span class='ocrx_word' id='word_1_609' title='bbox 995 4546 1019 4611; x_wconf 74' lang='lat' dir='ltr'>D</span> <span class='ocrx_word' id='word_1_610' title='bbox 1035 4518 1308 4592; x_wconf 86' lang='lat' dir='ltr'><strong>quodtranslugaet</strong></span> <span class='ocrx_word' id='word_1_611' title='bbox 1319 4520 1612 4590; x_wconf 88' lang='lat' dir='ltr'><strong>desertordiceretur,</strong></span> <span class='ocrx_word' id='word_1_612' title='bbox 1625 4539 1658 4578; x_wconf 89' lang='lat' dir='ltr'><strong>eo</strong></span> <span class='ocrx_word' id='word_1_613' title='bbox 1670 4522 1747 4595; x_wconf 91' lang='lat' dir='ltr'><strong>quod</strong></span> <span class='ocrx_word' id='word_1_614' title='bbox 1757 4521 1866 4578; x_wconf 87' lang='lat' dir='ltr'><strong>Karolo</strong></span> 
     </span>
     <span class='ocr_line' id='line_1_49' title="bbox 153 4604 1864 4679; baseline 0.004 -18"><span class='ocrx_word' id='word_1_615' title='bbox 153 4604 979 4674; x_wconf 82' lang='lat' dir='ltr'><strong>citatinondiltidendumdemonstret.Qucmincedentem</strong></span> <span class='ocrx_word' id='word_1_616' title='bbox 1035 4610 1100 4679; x_wconf 89' lang='lat' dir='ltr'><strong>post</strong></span> <span class='ocrx_word' id='word_1_617' title='bbox 1115 4607 1203 4663; x_wconf 83' lang='lat' dir='ltr'><strong>fidem</strong></span> <span class='ocrx_word' id='word_1_618' title='bbox 1219 4608 1326 4664; x_wconf 87' lang='lat' dir='ltr'><strong>factam</strong></span> <span class='ocrx_word' id='word_1_619' title='bbox 1342 4625 1400 4664; x_wconf 91' lang='lat' dir='ltr'><strong>non</strong></span> <span class='ocrx_word' id='word_1_620' title='bbox 1416 4610 1573 4666; x_wconf 92' lang='lat' dir='ltr'><strong>obsecutus</strong></span> <span class='ocrx_word' id='word_1_621' title='bbox 1589 4611 1637 4666; x_wconf 93' lang='lat' dir='ltr'><strong>sit.</strong></span> <span class='ocrx_word' id='word_1_622' title='bbox 1650 4612 1685 4667; x_wconf 78' lang='lat' dir='ltr'><strong>l&#39;dt</strong></span> <span class='ocrx_word' id='word_1_623' title='bbox 1701 4611 1724 4666; x_wconf 90' lang='lat' dir='ltr'><strong>si</strong></span> <span class='ocrx_word' id='word_1_624' title='bbox 1737 4628 1864 4668; x_wconf 90' lang='lat' dir='ltr'><strong>vacuum</strong></span> 
     </span>
     <span class='ocr_line' id='line_1_50' title="bbox 151 4692 1864 4772; baseline 0.005 -24"><span class='ocrx_word' id='word_1_625' title='bbox 151 4692 292 4749; x_wconf 80' lang='lat' dir='ltr'><strong>Arnullus</strong></span> <span class='ocrx_word' id='word_1_626' title='bbox 302 4694 574 4753; x_wconf 88' lang='lat' dir='ltr'><strong>comitabatursuos</strong></span> <span class='ocrx_word' id='word_1_627' title='bbox 582 4697 752 4766; x_wconf 88' lang='lat' dir='ltr'><strong>adhortans,</strong></span> <span class='ocrx_word' id='word_1_628' title='bbox 763 4703 795 4754; x_wconf 88' lang='lat' dir='ltr'><strong>ut</strong></span> <span class='ocrx_word' id='word_1_629' title='bbox 803 4697 902 4755; x_wconf 90' lang='lat' dir='ltr'><strong>animo</strong></span> <span class='ocrx_word' id='word_1_630' title='bbox 912 4700 978 4755; x_wconf 85' lang='lat' dir='ltr'><strong>lorti</strong></span> <span class='ocrx_word' id='word_1_631' title='bbox 1033 4695 1089 4750; x_wconf 90' lang='lat' dir='ltr'><strong>sihi</strong></span> <span class='ocrx_word' id='word_1_632' title='bbox 1106 4699 1224 4762; x_wconf 86' lang='lat' dir='ltr'><strong>esset,a</strong></span> <span class='ocrx_word' id='word_1_633' title='bbox 1240 4713 1270 4752; x_wconf 91' lang='lat' dir='ltr'><strong>se</strong></span> <span class='ocrx_word' id='word_1_634' title='bbox 1286 4697 1314 4752; x_wconf 95' lang='lat' dir='ltr'><strong>id</strong></span> <span class='ocrx_word' id='word_1_635' title='bbox 1326 4697 1477 4755; x_wconf 90' lang='lat' dir='ltr'><strong>dedecoris</strong></span> <span class='ocrx_word' id='word_1_636' title='bbox 1492 4696 1565 4755; x_wconf 89' lang='lat' dir='ltr'><strong>velle</strong></span> <span class='ocrx_word' id='word_1_637' title='bbox 1581 4699 1719 4770; x_wconf 85' lang='lat' dir='ltr'><strong>abjicere.</strong></span> <span class='ocrx_word' id='word_1_638' title='bbox 1739 4700 1781 4755; x_wconf 83' lang='lat' dir='ltr'><strong>Ad</strong></span> <span class='ocrx_word' id='word_1_639' title='bbox 1797 4700 1864 4772; x_wconf 87' lang='lat' dir='ltr'><strong>ejus</strong></span> 
     </span>
     <span class='ocr_line' id='line_1_51' title="bbox 150 4782 1864 4861; baseline 0.005 -24"><span class='ocrx_word' id='word_1_640' title='bbox 150 4786 272 4838; x_wconf 89' lang='lat' dir='ltr'><strong>starent.</strong></span> <span class='ocrx_word' id='word_1_641' title='bbox 287 4782 418 4840; x_wconf 90' lang='lat' dir='ltr'><strong>Ordinati</strong></span> <span class='ocrx_word' id='word_1_642' title='bbox 434 4788 461 4839; x_wconf 91' lang='lat' dir='ltr'><strong>et</strong></span> <span class='ocrx_word' id='word_1_643' title='bbox 483 4785 601 4841; x_wconf 89' lang='lat' dir='ltr'><strong>indivisi</strong></span> <span class='ocrx_word' id='word_1_644' title='bbox 616 4787 815 4858; x_wconf 90' lang='lat' dir='ltr'><strong>procederent.</strong></span> <span class='ocrx_word' id='word_1_645' title='bbox 832 4789 873 4845; x_wconf 84' lang='lat' dir='ltr'><strong>De</strong></span> <span class='ocrx_word' id='word_1_646' title='bbox 887 4788 977 4845; x_wconf 91' lang='lat' dir='ltr'><strong>victo·</strong></span> <span class='ocrx_word' id='word_1_647' title='bbox 1032 4782 1235 4841; x_wconf 90' lang='lat' dir='ltr'><strong>celsitudinem</strong></span> <span class='ocrx_word' id='word_1_648' title='bbox 1247 4785 1341 4842; x_wconf 90' lang='lat' dir='ltr'><strong>redire</strong></span> <span class='ocrx_word' id='word_1_649' title='bbox 1348 4785 1430 4856; x_wconf 90' lang='lat' dir='ltr'><strong>velle,</strong></span> <span class='ocrx_word' id='word_1_650' title='bbox 1443 4792 1471 4844; x_wconf 91' lang='lat' dir='ltr'><strong>et</strong></span> <span class='ocrx_word' id='word_1_651' title='bbox 1482 4787 1579 4844; x_wconf 82' lang='lat' dir='ltr'><strong>liaroli</strong></span> <span class='ocrx_word' id='word_1_652' title='bbox 1590 4787 1751 4844; x_wconf 89' lang='lat' dir='ltr'><strong>amicitiam</strong></span> <span class='ocrx_word' id='word_1_653' title='bbox 1760 4792 1864 4861; x_wconf 85' lang='lat' dir='ltr'><strong>utpote</strong></span> 
     </span>
     <span class='ocr_line' id='line_1_52' title="bbox 150 4870 1862 4950; baseline 0.006 -25"><span class='ocrx_word' id='word_1_654' title='bbox 150 4871 218 4927; x_wconf 91' lang='lat' dir='ltr'><strong>riaa</strong></span> <span class='ocrx_word' id='word_1_655' title='bbox 229 4870 373 4928; x_wconf 83' lang='lat' dir='ltr'><strong>[lconullo</strong></span> <span class='ocrx_word' id='word_1_656' title='bbox 384 4874 471 4928; x_wconf 92' lang='lat' dir='ltr'><strong>modo</strong></span> <span class='ocrx_word' id='word_1_657' title='bbox 483 4873 659 4931; x_wconf 79' lang='lat' dir='ltr'><strong>dissiderent.</strong></span> <span class='ocrx_word' id='word_1_658' title='bbox 671 4875 701 4931; x_wconf 88' lang='lat' dir='ltr'><strong>Si</strong></span> <span class='ocrx_word' id='word_1_659' title='bbox 712 4876 833 4933; x_wconf 89' lang='lat' dir='ltr'><strong>viriliter</strong></span> <span class='ocrx_word' id='word_1_660' title='bbox 844 4877 975 4934; x_wconf 87' lang='lat' dir='ltr'><strong>invocato</strong></span> <span class='ocrx_word' id='word_1_661' title='bbox 1031 4873 1143 4929; x_wconf 90' lang='lat' dir='ltr'><strong>domini</strong></span> <span class='ocrx_word' id='word_1_662' title='bbox 1154 4890 1218 4930; x_wconf 89' lang='lat' dir='ltr'><strong>sese</strong></span> <span class='ocrx_word' id='word_1_663' title='bbox 1227 4879 1335 4947; x_wconf 90' lang='lat' dir='ltr'><strong>optare.</strong></span> <span class='ocrx_word' id='word_1_664' title='bbox 1347 4875 1428 4932; x_wconf 93' lang='lat' dir='ltr'><strong>Unde</strong></span> <span class='ocrx_word' id='word_1_665' title='bbox 1438 4880 1467 4933; x_wconf 90' lang='lat' dir='ltr'><strong>et</strong></span> <span class='ocrx_word' id='word_1_666' title='bbox 1476 4876 1532 4933; x_wconf 90' lang='lat' dir='ltr'><strong>sibi</strong></span> <span class='ocrx_word' id='word_1_667' title='bbox 1543 4894 1730 4950; x_wconf 91' lang='lat' dir='ltr'><strong>quocumque</strong></span> <span class='ocrx_word' id='word_1_668' title='bbox 1741 4876 1862 4935; x_wconf 88' lang='lat' dir='ltr'><strong>libitum</strong></span> 
     </span>
     <span class='ocr_line' id='line_1_53' title="bbox 148 4960 1861 5036; baseline 0.005 -20"><span class='ocrx_word' id='word_1_669' title='bbox 148 4960 207 5017; x_wconf 91' lang='lat' dir='ltr'><strong>Deo</strong></span> <span class='ocrx_word' id='word_1_670' title='bbox 223 4965 345 5031; x_wconf 90' lang='lat' dir='ltr'><strong>starent,</strong></span> <span class='ocrx_word' id='word_1_671' title='bbox 362 4978 429 5017; x_wconf 91' lang='lat' dir='ltr'><strong>cum</strong></span> <span class='ocrx_word' id='word_1_672' title='bbox 441 4962 532 5018; x_wconf 89' lang='lat' dir='ltr'><strong>multa</strong></span> <span class='ocrx_word' id='word_1_673' title='bbox 548 4962 679 5036; x_wconf 89' lang='lat' dir='ltr'><strong>gloriaet</strong></span> <span class='ocrx_word' id='word_1_674' title='bbox 695 4965 975 5024; x_wconf 83' lang='lat' dir='ltr'><strong>iamavictoriamia</strong></span> <span class='ocrx_word' id='word_1_675' title='bbox 1030 4963 1105 5018; x_wconf 83' lang='lat' dir='ltr'><strong>soret</strong></span> <span class='ocrx_word' id='word_1_676' title='bbox 1119 4962 1333 5019; x_wconf 87' lang='lat' dir='ltr'><strong>occurrendum</strong></span> <span class='ocrx_word' id='word_1_677' title='bbox 1349 4967 1512 5034; x_wconf 90' lang='lat' dir='ltr'><strong>mandaret,</strong></span> <span class='ocrx_word' id='word_1_678' title='bbox 1533 4965 1671 5023; x_wconf 88' lang='lat' dir='ltr'><strong>llrnullus</strong></span> <span class='ocrx_word' id='word_1_679' title='bbox 1687 4966 1861 5024; x_wconf 86' lang='lat' dir='ltr'><strong>simulatam</strong></span> 
     </span>
    </p>
   </div>
   <div class='ocr_carea' id='block_1_7' title="bbox 827 5107 1178 5166">
    <p class='ocr_par' dir='ltr' id='par_1_7' title="bbox 827 5107 1178 5166">
     <span class='ocr_line' id='line_1_54' title="bbox 827 5107 1178 5166; baseline -0.009 -2"><span class='ocrx_word' id='word_1_680' title='bbox 827 5109 948 5166; x_wconf 80' lang='lat' dir='ltr'>VARIAE</span> <span class='ocrx_word' id='word_1_681' title='bbox 967 5107 1178 5166; x_wconf 80' lang='lat' dir='ltr'><strong>LECTIONES.</strong></span> 
     </span>
    </p>
   </div>
   <div class='ocr_carea' id='block_1_8' title="bbox 142 5211 1859 5435">
    <p class='ocr_par' dir='ltr' id='par_1_8' title="bbox 142 5211 1859 5435">
     <span class='ocr_line' id='line_1_55' title="bbox 180 5211 1858 5290; baseline 0.007 -24"><span class='ocrx_word' id='word_1_682' title='bbox 180 5211 214 5246; x_wconf 67' lang='grc' dir='ltr'><strong>’Π</strong></span> <span class='ocrx_word' id='word_1_683' title='bbox 230 5211 437 5284; x_wconf 79' lang='lat' dir='ltr'><strong>praedicaretur</strong></span> <span class='ocrx_word' id='word_1_684' title='bbox 449 5230 534 5288; x_wconf 83' lang='lat' dir='ltr'><strong>sopra</strong></span> <span class='ocrx_word' id='word_1_685' title='bbox 545 5217 644 5289; x_wconf 81' lang='lat' dir='ltr'><strong>posito.</strong></span> <span class='ocrx_word' id='word_1_686' title='bbox 660 5217 863 5273; x_wconf 88' lang='lat' dir='ltr'><strong>enuntiaretur</strong></span> <span class='ocrx_word' id='word_1_687' title='bbox 882 5217 940 5286; x_wconf 85' lang='lat' dir='ltr'><strong>ced,</strong></span> <span class='ocrx_word' id='word_1_688' title='bbox 971 5216 1005 5254; x_wconf 76' lang='lat'><strong>⁵⁷⁸</strong></span> <span class='ocrx_word' id='word_1_689' title='bbox 1020 5216 1176 5290; x_wconf 87' lang='lat' dir='ltr'><strong>episeopus</strong></span> <span class='ocrx_word' id='word_1_690' title='bbox 1190 5231 1273 5288; x_wconf 79' lang='lat' dir='ltr'><strong>sopra</strong></span> <span class='ocrx_word' id='word_1_691' title='bbox 1285 5218 1371 5289; x_wconf 85' lang='lat' dir='ltr'><strong>posito</strong></span> <span class='ocrx_word' id='word_1_692' title='bbox 1391 5218 1440 5274; x_wconf 81' lang='lat' dir='ltr'><strong>Ar.</strong></span> <span class='ocrx_word' id='word_1_693' title='bbox 1456 5218 1515 5275; x_wconf 89' lang='lat' dir='ltr'><strong>ced.</strong></span> <span class='ocrx_word' id='word_1_694' title='bbox 1547 5220 1581 5256; x_wconf 75' lang='lat'><strong>⁸⁷⁹</strong></span> <span class='ocrx_word' id='word_1_695' title='bbox 1596 5222 1655 5289; x_wconf 89' lang='lat' dir='ltr'><strong>tus,</strong></span> <span class='ocrx_word' id='word_1_696' title='bbox 1672 5219 1718 5277; x_wconf 90' lang='lat' dir='ltr'><strong>nis</strong></span> <span class='ocrx_word' id='word_1_697' title='bbox 1737 5219 1858 5278; x_wconf 72' lang='lat' dir='ltr'><strong>abscisa.</strong></span> 
     </span>
     <span class='ocr_line' id='line_1_56' title="bbox 144 5278 1859 5366; baseline 0.006 -29"><span class='ocrx_word' id='word_1_698' title='bbox 144 5278 178 5363; x_wconf 53' lang='lat'><strong>⁸⁸?</strong></span> <span class='ocrx_word' id='word_1_699' title='bbox 193 5298 295 5356; x_wconf 86' lang='lat' dir='ltr'><strong>regum</strong></span> <span class='ocrx_word' id='word_1_700' title='bbox 310 5301 394 5358; x_wconf 82' lang='lat' dir='ltr'><strong>sopra</strong></span> <span class='ocrx_word' id='word_1_701' title='bbox 405 5288 492 5358; x_wconf 80' lang='lat' dir='ltr'><strong>perito</strong></span> <span class='ocrx_word' id='word_1_702' title='bbox 507 5286 532 5342; x_wconf 91' lang='lat' dir='ltr'><strong>is</strong></span> <span class='ocrx_word' id='word_1_703' title='bbox 547 5288 639 5343; x_wconf 81' lang='lat' dir='ltr'><strong>codex.</strong></span> <span class='ocrx_word' id='word_1_704' title='bbox 669 5289 701 5322; x_wconf 81' lang='lat'><strong>⁵⁸¹</strong></span> <span class='ocrx_word' id='word_1_705' title='bbox 716 5293 774 5355; x_wconf 92' lang='lat' dir='ltr'><strong>tus,</strong></span> <span class='ocrx_word' id='word_1_706' title='bbox 802 5305 828 5357; x_wconf 91' lang='lat' dir='ltr'><strong>o,</strong></span> <span class='ocrx_word' id='word_1_707' title='bbox 846 5293 894 5344; x_wconf 88' lang='lat' dir='ltr'><strong>tur</strong></span> <span class='ocrx_word' id='word_1_708' title='bbox 921 5291 1038 5346; x_wconf 68' lang='lat' dir='ltr'><strong>abacuc.</strong></span> <span class='ocrx_word' id='word_1_709' title='bbox 1066 5289 1100 5323; x_wconf 78' lang='lat'><strong>⁶⁸¹</strong></span> <span class='ocrx_word' id='word_1_710' title='bbox 1115 5286 1260 5343; x_wconf 90' lang='lat' dir='ltr'><strong>tumultus</strong></span> <span class='ocrx_word' id='word_1_711' title='bbox 1286 5304 1358 5345; x_wconf 85' lang='lat' dir='ltr'><strong>cerr.</strong></span> <span class='ocrx_word' id='word_1_712' title='bbox 1374 5289 1513 5364; x_wconf 87' lang='lat' dir='ltr'><strong>impetus.</strong></span> <span class='ocrx_word' id='word_1_713' title='bbox 1538 5291 1573 5327; x_wconf 73' lang='lat'><strong>⁵⁸³</strong></span> <span class='ocrx_word' id='word_1_714' title='bbox 1588 5292 1692 5349; x_wconf 83' lang='lat' dir='ltr'><strong>secisse</strong></span> <span class='ocrx_word' id='word_1_715' title='bbox 1706 5308 1789 5366; x_wconf 75' lang='lat' dir='ltr'><strong>supra</strong></span> <span class='ocrx_word' id='word_1_716' title='bbox 1807 5308 1859 5366; x_wconf 87' lang='lat' dir='ltr'><strong>pe·</strong></span> 
     </span>
     <span class='ocr_line' id='line_1_57' title="bbox 142 5357 1277 5435; baseline 0.006 -27"><span class='ocrx_word' id='word_1_717' title='bbox 142 5359 194 5410; x_wconf 76' lang='lat' dir='ltr'><strong>rate</strong></span> <span class='ocrx_word' id='word_1_718' title='bbox 210 5369 297 5428; x_wconf 89' lang='lat' dir='ltr'><strong>agere</strong></span> <span class='ocrx_word' id='word_1_719' title='bbox 308 5357 402 5415; x_wconf 75' lang='lat' dir='ltr'><strong>ecdem</strong></span> <span class='ocrx_word' id='word_1_720' title='bbox 419 5358 453 5394; x_wconf 74' lang='lat'><strong>⁸⁸⁴</strong></span> <span class='ocrx_word' id='word_1_721' title='bbox 467 5358 662 5434; x_wconf 89' lang='lat' dir='ltr'><strong>intenpestiva</strong></span> <span class='ocrx_word' id='word_1_722' title='bbox 675 5374 746 5416; x_wconf 87' lang='lat' dir='ltr'><strong>cerr.</strong></span> <span class='ocrx_word' id='word_1_723' title='bbox 764 5359 946 5435; x_wconf 89' lang='lat' dir='ltr'><strong>tempestiva.</strong></span> <span class='ocrx_word' id='word_1_724' title='bbox 963 5361 997 5398; x_wconf 74' lang='lat'><strong>⁸⁸¹</strong></span> <span class='ocrx_word' id='word_1_725' title='bbox 1012 5361 1083 5432; x_wconf 83' lang='lat' dir='ltr'><strong>Sub,</strong></span> <span class='ocrx_word' id='word_1_726' title='bbox 1100 5376 1149 5416; x_wconf 90' lang='lat' dir='ltr'><strong>ma</strong></span> <span class='ocrx_word' id='word_1_727' title='bbox 1161 5358 1277 5416; x_wconf 68' lang='lat' dir='ltr'><strong>chaeac.</strong></span> 
     </span>
    </p>
   </div>
   <div class='ocr_carea' id='block_1_9' title="bbox 938 5496 1054 5557">
    <p class='ocr_par' dir='ltr' id='par_1_9' title="bbox 938 5496 1054 5557">
     <span class='ocr_line' id='line_1_58' title="bbox 938 5496 1054 5557; baseline -0.017 0"><span class='ocrx_word' id='word_1_728' title='bbox 938 5496 1054 5557; x_wconf 68' lang='grc' dir='ltr'><strong>ΝΟΜ.</strong></span> 
     </span>
    </p>
   </div>
   <div class='ocr_carea' id='block_1_10' title="bbox 177 5585 375 5681">
    <p class='ocr_par' dir='ltr' id='par_1_10' title="bbox 177 5585 375 5681">
     <span class='ocr_line' id='line_1_59' title="bbox 177 5585 375 5681; baseline 0.045 -37"><span class='ocrx_word' id='word_1_729' title='bbox 177 5585 255 5681; x_wconf 61' lang='lat' dir='ltr'><strong>gite)</strong></span> <span class='ocrx_word' id='word_1_730' title='bbox 270 5586 375 5653; x_wconf 77' lang='lat' dir='ltr'><strong>licem.</strong></span> 
     </span>
    </p>
   </div>
   <div class='ocr_carea' id='block_1_11' title="bbox 0 0 1944 6098">
    <p class='ocr_par' dir='ltr' id='par_1_11' title="bbox 0 0 1944 6098">
     <span class='ocr_line' id='line_1_60' title="bbox 0 0 1944 6098; baseline 0 7"><span class='ocrx_word' id='word_1_731' title='bbox 0 0 1944 6098; x_wconf 95' lang='lat' dir='ltr'><strong> </strong></span> 
     </span>
    </p>
   </div>
  </div>
 </body>
</html>
