3878 6098
141 272 200 349 aa
582 283 634 347 ee
658 283 794 348 ocsus
817 282 939 348 evaso.
964 283 1349 350 ecclesian-raas
1370 282 1410 349 11.
1789 282 1851 353 ero

135 423 205 475 tuor
232 419 394 474 conventus
419 416 568 486 ordinum,
596 419 967 485 naoauclxoruu1,v·idelicct
981 421 1009 486 Α
1025 420 1171 489 amabilis,
1188 419 1352 476 curialitate
1366 419 1481 493 plenus,
1493 417 1637 476 nobilium
1649 418 1751 477 duleas
1762 427 1850 495 atque

132 506 404 572 Caribusiensium,
422 511 450 562 et
465 505 539 562 alios
555 507 628 562 duos
644 507 782 562 ordinum
799 506 969 563 Mendican-
1024 514 1134 566 statum
1145 509 1271 565 multum
1284 509 1395 566 habens
1406 513 1523 582 gratum
1537 509 1655 581 pacifice
1667 510 1850 568 rexitsedem

132 596 221 650 tium.
236 596 368 652 Tandem
380 596 416 651 ab
428 594 568 651 humanis
579 595 704 653 decessit
714 597 778 668 ejus
790 596 968 665 anima,cor·
1023 617 1076 655 suo
1085 603 1352 672 tempore,excepto
1364 598 1456 672 litigio
1468 616 1573 671 magno
1586 600 1662 671 quod
1673 599 1850 656 babuitcum

133 702 250 758 pesque
266 686 330 756 ejus
345 685 531 758 deportatum
543 686 580 740 ad
593 685 689 741 locum
705 687 876 759 predictum
892 687 969 742 inter
1022 689 1168 762 religiosis
1186 691 1221 745 de
1237 690 1393 756 charitate,
1407 688 1541 745 videlicet
1553 689 1647 760 priore
1663 689 1698 744 de
1713 688 1848 756 Boniaoe,

132 774 230 830 dictos
254 774 407 847 religiosos
433 773 623 841 tumulatum.
643 775 794 830 Promotus
816 776 870 830 fuit
889 793 966 831 enno
1021 795 1074 852 pro
1089 778 1204 834 duobus
1220 778 1334 833 clericis
1349 777 1479 850 anglicis
1497 793 1572 849 quos
1587 775 1728 848 suspendi
1745 775 1850 832 fecerat

133 863 251 918 Domini
268 863 426 919 millesimo
443 863 650 919 trecentesimo
664 863 802 919 vicesimo
819 863 965 936 quintolo
1021 865 1193 938 prepositus
1215 867 1251 920 de
1278 865 1413 931 Boniaco,
1430 865 1507 920 unde
1531 863 1652 918 viriliter
1675 866 1848 935 prosecutus

132 955 209 1008 festo
225 953 358 1008 omnium
372 953 558 1019 Sanctorum,
576 953 611 1007 ad
629 953 704 1009 hanc
721 953 831 1018 sedem,
846 958 874 1007 et
887 953 963 1010 viee·
1020 946 1128 1010 factum
1145 954 1315 1025 hujusmodi
1333 958 1451 1026 propter
1474 953 1551 1024 quod
1568 952 1651 1007 misit
1665 953 1696 1007 in
1710 950 1846 1025 Angllam

133 1041 210 1097 simo
225 1046 326 1097 octavo
342 1041 371 1095 in
385 1042 459 1096 festo
474 1041 640 1096 Nativitatis
656 1041 771 1097 Domini
783 1042 819 1097 ad
833 1042 965 1098 cardina·
1019 1045 1093 1099 duos
1105 1044 1241 1116 providos
1252 1040 1848 1114 viros,quorumunusnominabaturBou·

133 1129 227 1185 latum
245 1148 252 1184 :
270 1129 310 1185 sic
326 1130 402 1185 sedit
418 1147 469 1202 per
484 1135 544 1185 tres
560 1147 653 1185 annos
669 1129 778 1186 insede
794 1130 962 1203 episcopali,
1019 1133 1134 1189 tevilain
1152 1133 1187 1187 de
1202 1132 1401 1187 Autissiodoro
1424 1132 1459 1187 ad
1487 1130 1694 1203 inquirendum
1720 1134 1749 1185 et
1773 1131 1845 1186 refe-

131 1219 206 1274 obiit
220 1223 319 1274 autem
335 1219 451 1274 circiter
465 1235 574 1274 annum
592 1218 784 1275 millesimum
796 1220 963 1276 trecentesi-
1019 1223 1187 1278 rendumde
1203 1221 1288 1276 titulo
1303 1220 1456 1276 clericatus
1473 1221 1501 1274 in
1517 1222 1631 1275 tantum
1648 1218 1725 1290 qued
1742 1218 1845 1275 hebuit

130 1324 213 1362 mum
226 1307 412 1380 trigesimum
425 1308 578 1363 sextumin
592 1309 718 1364 novitate
725 1325 805 1381 popm
816 1309 962 1365 Benedicti
1016 1311 1164 1383 expletum
1177 1309 1310 1381 justitiae,
1322 1309 1496 1381 perreriam
1513 1307 1686 1363 Parlamenti
1704 1308 1739 1362 ad
1756 1307 1845 1364 bono

129 1396 307 1452 duodecimi.
326 1396 431 1452 Fuerat
453 1397 594 1469 antiquus
616 1397 713 1452 socius
730 1397 866 1468 specialis
882 1397 962 1453 illius
1017 1416 1076 1455 rem
1084 1398 1302 1470 jurisdictionis
1313 1397 1735 1471 spiritualis.Hicconsecravit
1746 1396 1843 1468 maJus

130 1485 232 1557 magni
250 1483 303 1539 viri
318 1501 406 1557 quem
423 1483 490 1540 fecit
506 1485 633 1541 loannes
650 1502 725 1558 papa
740 1485 900 1558 vigesimus
916 1503 959 1542 se·
1016 1485 1744 1560 altareS.Stephaniannomillesimolrceentesimo
1757 1483 1843 1557 trige

128 1575 248 1629 candus
263 1574 414 1641 excoriari,
430 1573 564 1630 videlicet
585 1574 713 1647 episcopi
729 1575 935 1647 Capturrensis
951 1592 958 1631 :
1015 1577 1202 1649 simoquurto
1213 1575 1400 1647 fundavitque
1410 1591 1499 1630 unam
1510 1572 1702 1645 capellaniam
1709 1574 1744 1627 ad
1751 1572 1842 1629 altare

128 1664 179 1717 sed
197 1662 348 1734 sapienter
371 1663 508 1718 recedens
523 1663 559 1719 de
573 1663 654 1718 curia
670 1663 705 1719 ad
722 1662 867 1736 refugium
882 1663 960 1719 venit
1015 1667 1044 1722 S.
1070 1665 1186 1720 Martini
1218 1665 1246 1719 in
1277 1664 1385 1719 Decies.
1417 1662 1526 1718 hntiss.
1552 1663 1588 1716 de
1617 1660 1719 1733 viginti
1758 1660 1841 1716 libris

127 1752 162 1805 ed
179 1767 279 1823 regem
298 1751 425 1807 Francia
441 1752 491 1824 qui
515 1752 614 1825 ipsum
632 1752 791 1808 honorifice
807 1752 914 1824 recepit
929 1753 959 1808 in
1014 1754 1104 1809 annui
1120 1759 1148 1809 et
1164 1753 1294 1825 perpetui
1310 1753 1442 1807 redditus
1458 1769 1546 1823 super
1562 1749 1697 1822 pluribus
1712 1766 1840 1822 conque·

127 1855 269 1912 magnum
293 1839 492 1896 consiliarium
509 1845 538 1896 et
552 1841 741 1913 postmodum
763 1841 790 1895 ia
811 1841 955 1897 cancella·
1012 1843 1106 1898 stibus
1122 1860 1173 1914 per
1184 1859 1252 1897 eum
1264 1841 1349 1897 factis
1360 1841 1389 1896 in
1400 1840 1607 1912 Appoigniaco.
1621 1840 1691 1895 Item
1710 1837 1841 1894 fundavit

126 1928 215 1995 rium,
230 1933 261 1984 et
271 1931 392 1985 tandem
408 1929 462 1984 fuit
479 1929 555 2004 regis
569 1935 775 2002 compaterzcx
789 1929 835 1986 bis
844 1947 957 2003 proces·
1012 1931 1243 1987 anniversarium
1260 1947 1347 1986 suum
1364 1929 1509 2001 deviginti
1524 1927 1607 1983 libris
1621 1927 1841 1983 'Puronoasibue

125 2017 163 2072 ait
178 2034 235 2072 sue
250 2017 341 2091 digna
356 2019 500 2090 promotio
517 2018 665 2090 praedicta.
1010 2021 1138 2076 annulat
1154 2019 1285 2092 perpetui
1304 2019 1435 2074 redditus
1451 2016 1559 2072 ibidem
1574 2014 1839 2087 percipiendis;bic

317 2106 385 2163 Cae.
404 2107 482 2163 Lxx.
499 2139 533 2147 -
550 2112 588 2163 De
606 2107 769 2164 Toleranda.
1009 2109 1296 2184 primusconslruxit
1307 2107 1434 2180 claperia
1446 2105 1648 2161 cuniculorum
1656 2103 1838 2176 Begennisin

157 2194 344 2252 Tolerandus
356 2196 435 2251 filius
446 2196 562 2252 comitis
573 2197 828 2269 petragoricensis
837 2197 954 2253 natione
1009 2202 1153 2257 Garenna.
1165 2197 1338 2255 Translatus
1351 2195 1405 2251 fuit
1415 2195 1450 2250 ad
1463 2195 1562 2250 sedem
1571 2192 1837 2263 Bothemegensem

124 2284 298 2356 Aquitaniae,
314 2283 516 2340 nobilissimus
536 2285 580 2340 vir
593 2290 621 2340 et
631 2285 708 2357 juris
723 2284 815 2340 civilis
830 2285 952 2357 peritus,
1009 2306 1085 2345 anne
1101 2292 1154 2353 3s;
1172 2288 1212 2344 sic
1229 2287 1302 2342 rexit
1317 2303 1369 2359 per
1383 2270 1446 2340 octo
1463 2299 1565 2339 annos.

124 2372 286 2445 apostoliea
301 2373 465 2446 pransione
483 2379 633 2446 promotus
659 2375 800 2430 successit
816 2375 953 2447 predicto
1149 2379 1216 2433 Car.
1233 2376 1336 2431 Lxlll.
1354 2406 1387 2414 -
1404 2379 1442 2430 De
1454 2375 1559 2430 Ioanne
1574 2372 1691 2441 Blunpp.

124 2458 204 2518 Petro
217 2461 254 2518 de
266 2462 382 2517 Mortuo
396 2462 551 2518 lilariNon
567 2462 685 2517 intravit
700 2462 856 2528 civitatem,
868 2463 951 2535 quasi
1041 2468 1168 2522 loannes
1184 2466 1219 2520 de
1235 2463 1400 2536 Blangeriis
1425 2461 1661 2533 septuagesimus
1686 2459 1834 2514 secundus

123 2550 260 2605 continue
274 2551 383 2605 mansit
398 2551 543 2606 studendo
553 2551 583 2605 in
595 2552 681 2606 domo
692 2552 728 2606 de
738 2551 852 2607 Odanto
862 2568 952 2624 prope
1006 2556 1171 2628 episcopus,
1184 2552 1300 2609 natione
1310 2547 1735 2623 Gallus,patriaNermannica,
1744 2547 1834 2603 famo-

122 2639 303 2705 verziacum,
316 2655 381 2711 quae
396 2640 491 2695 fuerat
505 2639 650 2712 aequisita
666 2657 716 2711 per
727 2641 881 2695 dominum
895 2641 949 2696 Pc·
1005 2643 1203 2716 susmagister
1213 2642 1242 2697 in
1253 2640 1399 2712 theologia
1414 2640 1535 2695 studens
1547 2655 1579 2692 ec
1589 2637 1690 2708 legens
1700 2635 1830 2702 Parisiis,

122 2731 197 2783 bum
214 2728 252 2783 de
268 2727 406 2800 hiernepo
421 2729 634 2801 supradictum,
647 2729 675 2783 in
692 2745 750 2800 qua
762 2728 950 2785 dictus'l'ale-
1004 2732 1115 2788 domini
1133 2731 1279 2787 Benedicti
1296 2747 1376 2801 papa
1392 2726 1558 2784 duodecimi
1574 2729 1653 2781 motu
1671 2724 1789 2796 proprio
1799 2723 1829 2778 in

121 2817 230 2872 candus
246 2817 409 2888 speciosam
425 2816 523 2873 aulam
536 2834 723 2872 accemeram
740 2819 869 2874 construi
882 2819 950 2874 fecit
1003 2820 1195 2876 translatione
1210 2819 1320 2874 demini
1338 2816 1489 2890 aymerici,
1506 2816 1658 2886 promotus
1672 2812 1783 2868 exstitit
1792 2812 1829 2868 ad

121 2905 192 2960 etad
204 2922 282 2976 opus
295 2905 441 2961 studiendi
457 2922 550 2961 unum
566 2905 726 2961 claustrum
743 2909 819 2962 retro
834 2908 869 2961 ad
884 2923 948 2962 mo·
1002 2909 1101 2965 sedem
1112 2905 1514 2980 episcopalemhntiseiodor.
1527 2901 1729 2959 annoDomini
1739 2900 1831 2957 mille·

120 2992 189 3048 dum
203 2992 419 3066 religiosorum,
432 2999 461 3049 ct
471 2994 510 3049 ibi
522 2994 780 3066 multumprofecit
791 2996 946 3051 studendo.
1003 2999 1078 3054 simo
1094 2997 1298 3054 trecentesimo
1321 2995 1472 3066 trigesimo
1498 2996 1608 3048 octava.
1625 2991 1736 3047 llemor
1750 2989 1829 3045 enim

119 3081 243 3137 &mum
259 3086 431 3154 assumptus
446 3081 475 3136 in
489 3082 667 3138 cardinalem
685 3087 793 3139 sanctas
810 3084 947 3138 Romanoa
1002 3087 1113 3143 exstitit
1127 3086 1204 3158 quod
1224 3086 1340 3141 fuerant
1355 3083 1410 3156 ipsi
1437 3084 1523 3138 ambo
1548 3079 1783 3151 contemporanei
1799 3078 1829 3134 in

119 3169 265 3233 aeclesis,
282 3169 310 3224 in
328 3187 385 3242 quo
400 3175 478 3225 statu
493 3171 698 3227 strenuissime
713 3189 744 3226 se
759 3172 862 3227 habuit
877 3171 944 3227 fuit·
961 3159 982 3225 C
1002 3175 1261 3231 studioParisiensi
1271 3173 1300 3228 in
1312 3174 1390 3228 dicta
1401 3171 1524 3228 scientia
1534 3175 1563 3226 et
1573 3170 1602 3224 in
1612 3170 1676 3239 ojus
1688 3168 1829 3223 lecturam

120 3273 175 3330 que
185 3259 221 3312 ad
236 3258 336 3313 sedem
350 3259 633 3314 antissiodorensem
645 3264 797 3331 promotus
807 3277 884 3315 anno
895 3261 948 3316 Do·
1001 3263 1351 3329 concurrentes,etetiam
1361 3256 1829 3317 licentiaetdoctoratusinsimul

120 3346 190 3401 mini
208 3347 280 3402 1328
294 3350 323 3402 et
337 3347 497 3403 translatus
513 3349 549 3402 ad
570 3347 783 3403 cardinalatum
809 3366 885 3404 anno
901 3366 945 3404 se·
1001 3353 1139 3408 honoram
1157 3357 1243 3424 alque
1259 3351 1374 3406 culmen
1389 3350 1498 3422 pariter
1511 3346 1636 3403 assecuti
1651 3365 1657 3411 3
1674 3346 1780 3400 ideirco
1791 3346 1827 3401 de

119 3434 219 3507 queati
237 3434 430 3503 tricesimo,ct
444 3436 556 3491 vacavit
570 3437 654 3492 sedes
669 3437 751 3508 quasi
768 3454 944 3510 perannum
1002 3442 1064 3513 ipso
1080 3441 1197 3513 proprie
1214 3444 1292 3495 motu
1315 3438 1440 3510 providit
1463 3436 1596 3492 Ecclesia
1621 3432 1779 3489 antissiod.
1796 3433 1825 3488 in

119 3529 238 3595 propter
250 3524 487 3580 contrarietatem
515 3525 720 3597 promissionis
745 3527 899 3582 durantem
915 3526 945 3581 in
1001 3536 1168 3602 quatamen
1185 3527 1509 3600 parumrcxitsemper
1532 3521 1673 3578 anhelans
1700 3521 1826 3577 Parisios

118 3611 897 3686 sanctocollegiopromovendideminumStepbenum
910 3616 946 3670 de
1000 3618 1114 3672 reverti.
1132 3620 1167 3672 Bt
1181 3618 1217 3672 ob
1234 3618 1288 3671 hec
1304 3621 1433 3686 tempore
1446 3613 1556 3668 domini
1572 3610 1730 3665 Clementis
1744 3624 1825 3681 pape

119 3699 257 3773 biomayo
276 3700 483 3756 cancellarium
500 3701 635 3766 Francius,
652 3702 702 3758 sed
719 3703 827 3759 multos
843 3703 946 3759 babuit
999 3707 1036 3761 Vl
1047 3707 1209 3778 supradicti
1222 3704 1368 3760 Benedicti
1387 3719 1467 3775 papae
1484 3699 1630 3756 undecimi
1647 3698 1825 3754 successoris

118 3788 312 3851 adversarios,
328 3789 393 3845 ideo
415 3796 568 3862 promotus
592 3790 647 3845 fuit
671 3789 729 3858 ille,
747 3792 797 3863 qui
813 3792 946 3864 sequitur
1000 3795 1088 3850 cessit
1096 3792 1275 3865 episcopatui
1287 3808 1351 3857 suo,
1364 3796 1392 3845 et
1402 3794 1478 3845 certa
1495 3787 1697 3860 pensiouepre
1708 3785 1771 3856 ipso
1787 3785 1823 3840 ad

118 3893 193 3933 anno
209 3877 361 3951 trigesimo
378 3879 471 3950 primo
487 3879 515 3932 in
533 3879 606 3934 festo
621 3879 786 3935 Natiuitatis
802 3880 917 3936 Domini
936 3898 943 3935 z
998 3884 1086 3939 vitam
1096 3881 1229 3936 ordinata
1240 3897 1257 3935 a
1267 3880 1334 3934 sede
1346 3877 1484 3950 praedicta
1496 3892 1628 3932 reversus
1640 3872 1766 3928 Parisios
1772 3890 1824 3945 pro

118 3966 160 4020 sic
170 3966 268 4022 solum
278 3967 354 4023 sedit
365 3966 547 4023 Palerendus
558 3967 673 4023 circiter
683 3974 742 4024 tres
753 3986 856 4024 annes.
867 3969 946 4025 Obiit
998 3973 1057 4027 vita
1068 3969 1293 4042 contemplativa
1307 3968 1449 4028 ducenda,
1465 3983 1532 4020 cum
1546 3981 1597 4037 per
1611 3962 1761 4034 navigium
1777 3979 1823 4018 ve·

118 4054 361 4111 cardinalisanno
375 4054 529 4112 millesimo
540 4057 746 4114 trecentesimo
763 4060 944 4131 sexagesimo
999 4063 1116 4118 heretur
1138 4061 1246 4132 frigora
1265 4075 1371 4130 passus
1386 4062 1414 4112 et
1429 4057 1562 4120 rheuma,
1577 4053 1686 4109 febrem
1702 4051 1826 4108 incurrit

118 4149 242 4214 quarm
258 4144 391 4217 sepultus
406 4145 555 4211 avenioni,
572 4150 600 4200 et
623 4147 742 4202 demum
768 4147 943 4202 translatum
998 4150 1167 4206 continuam
1184 4147 1212 4201 in
1229 4163 1288 4218 qua
1303 4146 1422 4200 intravit
1441 4143 1568 4199 Parisios
1583 4147 1611 4197 et
1624 4141 1702 4197 infra
1716 4157 1824 4213 paucos

119 4231 228 4287 dicitur
241 4248 348 4304 corpus
362 4233 397 4288 ad
415 4239 513 4305 partes
529 4251 608 4289 saras.
626 4234 690 4305 lpse
706 4234 811 4309 legavit
825 4253 876 4307 pro
892 4254 943 4291 an·
998 4239 1061 4293 dies
1085 4235 1226 4308 expiravit
1240 4239 1268 4291 et
1283 4251 1389 4306 corpus
1413 4235 1478 4305 ejus
1499 4233 1528 4287 in
1554 4228 1676 4286 eeclesia
1701 4229 1823 4284 fratrum

120 4320 277 4376 aiversario
306 4339 360 4377 suo
382 4322 530 4378 fundando
547 4323 576 4376 in
598 4323 726 4379 Ecclesia
749 4324 941 4381 antissiodor.
998 4325 1249 4382 Carthnsiensium
1267 4323 1452 4378 inhumatum
1469 4326 1523 4388 est,
1535 4324 1665 4390 tempore
1682 4316 1822 4388 paschali,

120 4414 236 4465 cantum
254 4410 379 4466 decenos
394 4416 422 4467 et
437 4409 525 4466 soluti
542 4415 620 4466 sunt.
948 4414 951 4418 ’
997 4433 1074 4471 anno
1091 4414 1247 4470 millesimo
1258 4406 1696 4480 trecentesimoquadregesimo
1707 4404 1821 4476 quinto,

310 4499 377 4554 Gar.
396 4499 487 4555 LXXI.
504 4531 537 4541 -·
553 4500 590 4554 De
604 4501 754 4572 Apmcrico.
957 4526 981 4590 D
998 4521 1097 4560 mense
1115 4502 1204 4575 Aprili
1221 4519 1227 4557 :
1245 4501 1292 4556 hie
1308 4499 1383 4556 sedit
1397 4497 1511 4553 circiter
1526 4513 1574 4551 sex
1588 4510 1690 4548 annos.

153 4587 324 4659 aymericus
343 4587 505 4657 Guenaudi,
522 4589 638 4644 natione
661 4589 771 4655 Gallus,
788 4591 882 4662 patria
898 4591 943 4646 Pi·
1117 4593 1185 4646 Cve.
1205 4589 1322 4644 luh'Xlll.
1338 4620 1369 4628 -
1385 4589 1423 4642 Dc
1438 4591 1516 4641 Petro
1530 4583 1563 4638 de
1579 4583 1703 4638 Villonia.

120 4676 275 4741 ctas-ensis,
291 4676 526 4750 septuagesimus
538 4677 651 4750 primus
661 4678 826 4752 episcopus,
838 4680 882 4734 vir
893 4697 943 4736 no·
1034 4681 1135 4735 Petrus
1149 4681 1185 4734 de
1200 4677 1324 4732 l'illanis
1339 4673 1573 4747 septuagesimus
1587 4671 1824 4739 tertius,natione

120 4762 184 4820 bilis
196 4780 313 4837 genere,
332 4765 454 4822 scientia
468 4770 497 4822 et
512 4766 655 4833 moribus,
672 4767 770 4840 legum
786 4769 943 4840 professor,
998 4768 1109 4834 Gallus,
1122 4767 1215 4840 patria
1225 4764 1456 4831 Normanniae,ex
1466 4761 1561 4834 gratie
1572 4758 1823 4832 sedisapostolicae

119 4850 304 4909 consiliarius
325 4853 423 4928 regius
447 4854 478 4909 ia
503 4854 629 4928 hospitio
653 4855 732 4929 regio
756 4858 899 4926 residens,
915 4863 945 4914 et
998 4875 1050 4931 per
1063 4856 1172 4929 praefati
1189 4853 1300 4910 domiai
1319 4851 1440 4908 loannis
1455 4852 1490 4907 de
1507 4850 1615 4923 Blangy
1630 4847 1824 4905 renuntiatio·

118 4939 247 4995 officium
265 4941 396 5014 Magistri
410 4940 625 5014 Requestarum
641 4959 777 4999 exercens
792 4960 843 5016 per
858 4944 945 5018 longa
998 4963 1065 5002 nem
1078 4947 1230 5018 promotus
1241 4943 1276 4998 ad
1290 4943 1389 4998 sedem
1400 4939 1594 5014 episcopalem
1606 4937 1716 4994 exstitit
1724 4935 1824 4991 virae·

118 5032 260 5103 tempora.
271 5029 401 5086 'l'endem
417 5045 484 5103 rege
498 5034 526 5086 et
542 5031 643 5103 regina
655 5031 902 5088 intercedentibus
917 5037 945 5090 et
999 5034 1078 5101 bilis,
1095 5032 1238 5088 facundus
1260 5035 1288 5087 et
1312 5035 1460 5094 strenuus,
1478 5028 1540 5084 loca
1564 5025 1768 5082 fortalitiorum
1789 5023 1824 5079 de

116 5118 300 5192 exigentibus
310 5119 423 5174 meritis
435 5119 497 5175 suis
507 5122 715 5192 promotusest
725 5121 760 5174 ad
773 5121 871 5178 sedem
882 5124 941 5177 An·
998 5120 1143 5195 Bagennis
1154 5125 1182 5175 et
1192 5119 1268 5174 Villa
1277 5119 1371 5174 Catuli
1384 5117 1525 5191 reparavit
1536 5120 1563 5170 et
1575 5116 1602 5170 in
1620 5114 1714 5168 forma
1724 5109 1824 5167 debita

115 5207 356 5263 tissiodoreosem
377 5211 445 5279 post
465 5207 636 5279 predictum
653 5208 849 5265 Talerandum
864 5227 941 5266 anno
998 5211 1202 5267 fortalitiorum
1219 5209 1317 5280 posuit
1332 5213 1360 5264 et
1376 5207 1499 5263 munivit
1517 5203 1660 5259 machinis
1676 5199 1822 5273 gallandis

113 5295 232 5352 Domim
260 5295 418 5352 millesimo
442 5296 645 5352 trecentesimo
669 5297 819 5369 trigesimo
835 5299 940 5371 primo,
996 5306 1024 5356 et
1040 5299 1167 5364 fossatis,
1184 5302 1212 5353 et
1226 5299 1345 5353 demum
1362 5295 1522 5352 translatus
1543 5291 1653 5347 exstitit
1669 5289 1705 5344 ad
1722 5289 1821 5344 sedem

112 5385 243 5441 Sabbata
257 5385 287 5440 in
302 5390 430 5456 quatuor
446 5385 641 5458 Temporibus
656 5389 722 5440 ante
738 5386 844 5442 festum
860 5389 941 5443 Nati·
996 5389 1183 5444 Baiocensem
1206 5387 1282 5441 unde
1298 5390 1359 5442 erat
1374 5383 1526 5439 oriundus.
1545 5380 1663 5434 Fecerat
1676 5383 1774 5432 tamen
1791 5376 1821 5431 in

110 5473 220 5545 vitatis,
248 5479 380 5546 tempere
409 5471 521 5528 domini
548 5472 671 5529 Jeannis
699 5490 780 5547 pape
808 5476 940 5548 vigesimi
996 5475 1197 5532 demoOdenti
1213 5474 1353 5546 capellam
1369 5464 1821 5540 etcameramopereregalino·
1861 5526 1865 5531 ,

110 5563 244 5620 soeuadi.
263 5563 316 5620 llio
331 5563 377 5618 vir
401 5562 500 5634 magni
523 5561 643 5618 honoris
667 5563 786 5633 exstitit,
804 5565 941 5622 omnihus
995 5565 1151 5622 bilissimo.
1169 5563 1220 5618 liic
1235 5562 1368 5617 libertate
1388 5556 1506 5614 donavit
1520 5555 1655 5613 homines
1669 5558 1698 5612 et
1712 5559 1820 5610 terram
