3878 6098
176 302 233 362 175
528 306 695 368 APPEND.
721 306 771 368 ΑΙ)
794 306 885 368 SAEC.
910 307 946 367 X.
964 342 1001 349 -
1016 305 1221 375 edesenus
1244 305 1337 366 ANNI
1359 302 1529 367 lNClllt'l'l.
1828 303 1884 362 176

172 438 306 510 Namque
326 439 451 495 senatori
469 441 562 514 sopito
577 444 707 514 tempore
728 440 784 496 leni
1014 440 1041 506 Α
1056 437 1092 494 Ut
1108 437 1248 495 Salvatori
1264 439 1376 495 dudum
1392 437 1540 511 Selymam
1557 436 1696 505 venienti,

170 527 300 598 Angelus
313 544 457 600 apperens
473 530 547 586 lucie
563 529 764 602 praefulgidus,
780 530 877 601 inquit
894 547 900 584 :
1055 527 1144 585 Obvia
1160 528 1302 600 processit
1317 528 1365 600 pia
1382 527 1463 600 plebs
1477 544 1543 582 eum
1558 525 1697 582 laudibus
1710 526 1817 582 omnis.

170 616 229 672 Pax
244 615 296 671 tibi
317 617 353 671 de
369 617 450 672 coelis
466 617 513 684 sit,
530 620 574 673 vir
593 618 746 674 Bencdieto
762 618 867 685 fidelis,
1055 617 1149 689 thue
1165 618 1259 690 magis
1275 621 1405 689 stupeas,
1423 616 1547 671 Domino
1560 615 1706 688 praeconia
1721 615 1838 684 reddas,

171 705 284 762 Gaudia
299 722 406 778 magna
422 707 474 762 tibi
490 708 614 779 spondet
630 709 775 781 Regnator
790 706 912 779 olympi,
1055 705 1109 771 Qui
1124 705 1167 760 uir
1180 707 1261 761 ellari
1277 710 1420 778 poterant,
1437 704 1578 761 divinitus
1594 704 1650 760 aeti

172 793 226 851 Per
239 812 285 851 me
301 793 430 868 legatum
447 797 497 851 dat
512 814 621 853 munus
635 796 741 852 habere
757 797 886 851 beatum.
1054 794 1130 850 Voce
1145 794 1234 850 simul
1250 795 1328 850 clara
1344 794 1426 867 pueri
1441 793 1648 861 modulandur,
1666 799 1815 862 Hosanna,

173 882 308 940 Felicitas
324 884 392 939 felix
406 902 531 956 puerum
547 885 598 940 tibi
616 885 723 957 pignus
739 885 908 948 honestum,
1055 883 1109 947 eui
1126 884 1276 939 benedicte
1291 884 1372 939 venis
1388 883 1550 938 clamantes
1565 883 1683 938 nomine
1698 882 1818 938 Christi.

174 972 298 1029 Nomine
314 974 478 1029 Romanum
493 973 609 1029 virtutis
625 974 752 1030 culmine
769 992 922 1047 magnum,
1056 971 1145 1028 Dulce
1159 976 1269 1028 canunt
1283 989 1411 1039 carmen,
1426 972 1504 1043 qued
1518 988 1570 1044 par
1585 975 1752 1027 cantaverat
1767 988 1885 1044 agmen,

176 1062 230 1126 Qui
246 1061 352 1135 presul
365 1063 474 1135 populi,
493 1062 543 1134 qui
556 1068 655 1135 pastor
672 1063 720 1119 fiet
735 1063 829 1130 ovilis,
1056 1062 1128 1117 Cum
1146 1061 1197 1117 libi
1215 1067 1282 1117 nata
1297 1061 1366 1118 Sion
1382 1060 1505 1116 humilis
1520 1078 1569 1116 rex
1584 1063 1670 1133 atque
1687 1060 1841 1117 modestus

177 1151 304 1223 Signifer
315 1150 459 1219 Ecclesiae,
477 1151 616 1224 preclara
629 1153 748 1208 lucerna
763 1151 883 1223 sophia,
1056 1150 1118 1205 Non
1136 1150 1295 1205 Phaenonis
1312 1150 1395 1222 equis
1409 1150 1552 1222 graditur,
1570 1165 1622 1205 nec
1636 1149 1772 1204 curribus
1787 1148 1869 1215 ultis,

178 1239 232 1295 Pro
247 1239 359 1296 meritis
376 1257 494 1296 summa
509 1242 630 1296 Deitatis
646 1241 675 1295 in
691 1242 750 1296 ade
767 1240 912 1295 columna.
1057 1239 1113 1294 Sed
1130 1239 1249 1294 veniens
1265 1239 1358 1306 asino,
1375 1239 1422 1293 eui
1439 1239 1528 1294 servit
1542 1237 1660 1294 eoelicus
1677 1240 1760 1310 ordo,

177 1329 229 1384 Hie
244 1329 299 1384 erit
313 1333 341 1384 et
356 1329 457 1385 multis
473 1335 586 1384 aterna
603 1330 696 1385 lorma
712 1329 826 1392 salutis,
1058 1327 1129 1382 Cum
1145 1345 1234 1399 pecus
1250 1328 1400 1400 exiguum,
1417 1326 1564 1399 petulans,
1580 1326 1709 1399 ignobile
1724 1327 1857 1393 brutum,

175 1420 216 1473 Ae
232 1418 458 1473 commissarum
475 1420 575 1473 doctor
590 1418 681 1474 solers
697 1417 872 1474 animarum.
1058 1418 1119 1483 Ouo
1135 1417 1228 1488 spirat
1241 1417 1370 1472 mundus
1386 1419 1514 1488 gestaret
1528 1414 1625 1471 nobile
1640 1415 1767 1487 pondus.

177 1507 228 1563 His
244 1507 285 1562 ita
299 1505 430 1579 prolatis,
448 1525 478 1562 so
494 1507 621 1562 reddidit
638 1506 759 1579 angelus
776 1504 873 1562 astris.
1058 1505 1123 1562 llaec
1139 1523 1235 1579 regem
1250 1505 1330 1578 paeis
1347 1506 1443 1561 decuit
1459 1503 1606 1577 processio
1617 1502 1695 1572 talis,

177 1595 294 1653 Exeitus
305 1614 407 1652 sonmo
423 1613 486 1668 qua
502 1596 613 1652 uiderat
628 1596 755 1669 inclytus
771 1596 857 1652 heros
1058 1593 1095 1650 Ut
1109 1594 1166 1650 sihi
1182 1612 1247 1650 eiam
1264 1594 1383 1668 palmis,
1399 1611 1457 1649 non
1474 1610 1540 1648 eum
1557 1592 1725 1649 crudelibus
1741 1593 1835 1648 armis

177 1685 263 1742 Uxori
281 1685 378 1742 retulit
396 1703 401 1739 :
419 1687 451 1740 lit
466 1687 598 1758 gaudens
615 1702 735 1741 munere
751 1684 870 1740 Christi.
1059 1682 1143 1740 Plebs
1159 1683 1249 1739 exiret
1264 1701 1364 1750 ovans,
1379 1684 1465 1738 tiores
1476 1682 1598 1738 ramalia
1614 1687 1745 1754 portans.

176 1775 234 1830 Nec
250 1775 493 1846 moraeoneopit;
511 1779 612 1846 partus
630 1773 753 1847 feliciter
768 1774 837 1841 exit,
1059 1774 1125 1839 Quae
1141 1773 1205 1828 vite
1221 1778 1332 1830 sertum
1348 1772 1467 1845 signant
1480 1771 1575 1844 regale
1590 1775 1742 1844 tropaeum,

177 1861 300 1917 Nomine
317 1861 491 1927 Romanum,
510 1878 597 1933 qucm
611 1861 733 1934 protulit
749 1863 826 1917 unda
847 1866 980 1917 renatum
995 1880 1001 1931 ;
1058 1864 1118 1928 Quo
1136 1862 1264 1917 moriens
1280 1865 1403 1917 mortem
1419 1861 1510 1916 vietor
1526 1877 1646 1932 pessum
1662 1859 1744 1916 dedit
1759 1859 1887 1917 hostem.

178 1949 233 2012 Qui
248 1955 328 2005 tonet
340 1950 440 2004 aeterni
458 1950 555 2005 divino
571 1950 693 2005 llumine
709 1950 793 2006 Verbi
808 1967 815 2017 ;
1058 1950 1105 2006 Sic
1122 1950 1224 2005 insons
1239 1950 1298 2003 vita
1313 1951 1463 2005 Romanus
1480 1949 1515 2003 ab
1531 1947 1628 2004 indole
1643 1947 1752 2020 prima.

179 2038 233 2105 Qui
250 2039 320 2095 tuba
335 2038 461 2095 celestis
476 2039 588 2110 pellens
602 2039 790 2095 incommoda
803 2038 893 2111 pestis
1058 2039 1178 2095 Coelitus
1193 2038 1320 2111 eligitur,
1338 2038 1435 2094 divina
1450 2037 1536 2093 laude
1549 2038 1670 2109 potitur,

179 2127 309 2186 Crimina
324 2129 509 2202 permundet,
527 2128 597 2183 rivis
613 2128 731 2200 pietatis
749 2128 888 2195 abundet,
1059 2130 1149 2195 Quem
1159 2128 1235 2182 Deus
1246 2143 1401 2182 assumens
1411 2131 1553 2198 tanquam
1565 2127 1619 2182 sub
1630 2125 1758 2199 tegmine
1768 2125 1887 2194 lumen,

215 2217 332 2274 Plaudit
347 2221 470 2289 uterque
485 2234 591 2289 parens
607 2217 704 2272 diuino
720 2233 841 2272 munere
860 2217 1002 2288 gaudens.
1058 2217 1141 2290 Cogit
1152 2214 1890 2289 adexemplumeunetislucerepereumliemvum]

179 2305 258 2362 Felix
273 2304 437 2376 auspicium
454 2305 534 2376 pueri
551 2304 607 2360 sibi
623 2304 750 2376 praetulit
765 2309 858 2369 ortus,
1060 2306 1165 2361 llrdeat
1176 2309 1208 2360 ut
1223 2322 1290 2361 vera
1304 2305 1414 2361 Christi
1430 2304 1542 2377 fulgore
1556 2303 1696 2372 lucernn;

178 2391 230 2447 Cui
244 2396 341 2464 pateat
356 2393 450 2447 duleis
464 2392 623 2464 tranquilla
638 2409 821 2464 persequere
836 2396 937 2465 portus
1059 2395 1115 2450 Nee
1132 2398 1362 2462 consummetur,
1379 2393 1525 2448 delectum
1541 2392 1585 2448 vel
1601 2394 1745 2465 patiatur,

178 2480 212 2534 Et
227 2480 429 2551 paradisiacus
442 2498 494 2553 per
509 2480 637 2553 plurima
653 2482 768 2537 semina
783 2499 922 2554 campus:
1059 2482 1238 2555 irradietque
1254 2484 1375 2538 domum
1392 2500 1450 2538 non
1466 2482 1679 2556 exstinguenda
1692 2498 1744 2555 per
1765 2499 1846 2538 eum.

177 2567 230 2624 Cui
246 2568 330 2624 detur
344 2568 440 2625 rutilis
456 2570 562 2625 ardens
576 2570 710 2625 diadema
725 2570 836 2626 berillis
896 2622 898 2627 ,
1096 2572 1169 2644 Ergo
1188 2571 1235 2626 bei
1251 2588 1332 2626 servo
1348 2570 1424 2627 sicut
1436 2587 1518 2627 sacer
1532 2573 1639 2644 expetit
1654 2571 1725 2626 ordo

177 2657 246 2713 Post
260 2657 348 2713 stadii
363 2675 493 2725 cursum,
510 2664 575 2730 pest
590 2659 653 2713 vilae
669 2658 803 2731 praepetis
821 2676 917 2714 usum.
1060 2660 1152 2716 lnvilo
1169 2660 1304 2733 quamvis
1319 2660 1405 2715 datur
1420 2660 1513 2715 inlula
1528 2659 1722 2732 pontificalis;

177 2747 261 2803 Nunc
277 2747 388 2820 puerile
404 2749 492 2803 decus
509 2747 637 2819 reliquos
653 2763 685 2802 ae
701 2746 834 2819 praesulis
856 2752 938 2802 actus
1059 2749 1151 2822 Digne
1167 2755 1309 2815 sacratur,
1326 2750 1452 2821 pastoris
1469 2750 1538 2806 sede
1554 2748 1675 2805 loealur.

179 2837 330 2892 Percurrat
346 2836 477 2892 calemus
492 2835 589 2892 divino
606 2835 724 2891 llamine
741 2840 847 2891 taetus.
1059 2838 1236 2911 Tripudiant
1251 2855 1352 2894 omnes
1367 2837 1529 2910 praesertim
1546 2838 1809 2911 Rolhomagenses,

179 2926 314 2980 Exterius
328 2942 453 2980 vernans
469 2926 519 2980 sed
535 2930 562 2980 et
577 2925 657 2980 intus
674 2924 756 2996 pusio
772 2924 839 2980 talis
1060 2926 1133 2983 Grex
1148 2926 1245 2982 ovium
1261 2926 1367 2982 Christi
1384 2926 1498 2999 plaudit
1513 2927 1567 2983 sub
1583 2926 1708 3000 presule
1723 2926 1787 2994 tali,

181 3012 328 3070 Nobilium
344 3013 439 3085 primo
455 3013 586 3068 nutritur
601 3013 630 3067 in
646 3015 706 3068 aede
723 3017 889 3086 parentum,
1060 3015 1112 3082 Qui
1129 3016 1253 3072 Domino
1268 3016 1331 3071 coeli
1348 3033 1378 3071 so
1393 3021 1455 3072 tota
1471 3021 1567 3072 mente
1584 3016 1710 3088 subegit.

183 3101 220 3158 Ut
234 3102 323 3157 Jacob
340 3102 464 3173 simplex
479 3103 615 3157 efflorens
631 3101 727 3157 indole
743 3119 870 3158 morum.
1061 3106 1167 3161 Terrea
1182 3108 1384 3168 contemnens,
1400 3104 1440 3159 nil
1457 3106 1891 3178 pretercommodaquaercns:

179 3190 318 3246 Traditur
332 3190 401 3246 hinc
415 3190 534 3258 scholis,
552 3190 734 3263 sapientibus
758 3207 791 3245 ae
813 3189 990 3263 pedagogis,
1021 3177 1042 3243 C
1062 3194 1171 3249 Cetera
1186 3193 1375 3262 distribuens,
1392 3193 1447 3249 sibi
1464 3193 1551 3267 lrugi,
1566 3192 1667 3266 largus
1682 3192 1801 3266 egenis;

178 3279 215 3336 Ul
230 3278 392 3351 tripertitiae
408 3284 525 3351 caperet
541 3280 717 3335 documenta
732 3279 851 3350 sophia.
1060 3282 1156 3338 Hostis
1171 3282 1307 3350 avaritie,
1326 3300 1389 3354 quae
1405 3283 1534 3355 pessima
1548 3286 1652 3356 regnat
1667 3281 1788 3354 ubique,

177 3367 304 3439 Spiritus
319 3367 397 3423 hunc
413 3372 532 3423 sanetus
548 3366 649 3423 ditavit
663 3383 783 3423 munere
798 3366 861 3438 tali,
1058 3373 1126 3437 Qua
1140 3376 1241 3443 gravat
1256 3370 1334 3426 hunc
1349 3371 1494 3426 mundum
1508 3371 1595 3427 eoelos
1611 3387 1646 3426 ne
1662 3369 1756 3443 possit
1769 3369 1867 3427 adire.

177 3455 213 3511 Ut
228 3473 400 3529 permagna
415 3456 493 3512 brevi
510 3456 773 3528 saperetmpsteria
787 3454 893 3511 Christi
1057 3459 1119 3515 Non
1134 3459 1351 3533 exstinguibilis
1367 3477 1457 3532 rogus
1473 3461 1589 3528 ardens,
1607 3460 1701 3516 tristis
1716 3458 1843 3528 herinis,

175 3545 242 3609 Quae
257 3546 339 3601 rudis
355 3563 388 3601 ac
403 3546 511 3601 veteris
522 3544 670 3601 concludit
685 3544 794 3618 pagina
809 3543 892 3617 legis.
1059 3548 1201 3604 Omnibus
1216 3550 1270 3604 hoe
1285 3548 1387 3604 vitium
1404 3549 1498 3604 vibrat
1512 3548 1619 3604 lethale
1635 3565 1781 3606 venenum
1800 3563 1807 3603 :

210 3636 281 3691 lnde
296 3634 457 3707 palatinam
475 3635 510 3690 de
528 3651 607 3690 mere
621 3639 741 3689 vocatur
756 3634 792 3688 ad
809 3632 926 3701 aulam;
1059 3637 1196 3694 Praelatos
1212 3637 1357 3708 stimulat,
1374 3638 1521 3709 subjectos
1537 3638 1663 3710 denique
1678 3636 1797 3710 pulsat3

175 3724 363 3797 vestiturque
377 3729 444 3797 toga
458 3724 553 3795 magis
571 3726 676 3779 ardens
693 3722 792 3778 calibe
808 3721 877 3777 vite.
1058 3726 1217 3783 Ecclesium
1233 3730 1337 3794 vastat,
1351 3726 1508 3798 populares
1523 3727 1654 3799 undique
1669 3729 1781 3788 mactat
1797 3743 1805 3783 ε

177 3813 256 3869 lutra
272 3817 368 3869 eastra
384 3812 434 3868 Dei
450 3813 570 3868 devotus
587 3812 672 3868 miles
687 3811 798 3866 haberi.
1059 3816 1200 3871 immutat
1215 3831 1321 3881 mores,
1338 3815 1468 3888 indignis
1483 3818 1602 3887 praestat
1615 3814 1741 3870 honores
1759 3831 1766 3870 :

179 3902 323 3958 Mirantur
334 3901 417 3957 valde
433 3902 573 3973 primates
589 3901 680 3957 tutius
696 3900 768 3968 aulae
1058 3904 1171 3961 Nobilis
1187 3908 1214 3960 et
1229 3903 1326 3960 clarus
1339 3903 1436 3960 subito
1449 3905 1594 3960 vocitatur
1607 3920 1723 3971 avarus,

178 3989 344 4063 Ingenium,
362 4007 468 4058 mores,
485 4008 605 4046 sensum
617 3991 745 4063 labiique
760 3991 885 4047 nitorem
1058 3994 1175 4066 Vertigo
1190 3993 1313 4065 pridem,
1330 4010 1418 4065 quem
1435 3993 1542 4049 fecerat
1557 4009 1616 4048 nne
1631 3992 1784 4060 Quiritem,

179 4079 312 4149 Perque
328 4079 469 4149 majorem
487 4080 563 4151 regis
578 4079 707 4150 percepit
722 4097 861 4136 amorem.
1058 4083 1112 4138 Sed
1128 4083 1305 4138 furiosorum
1323 4099 1381 4137 non
1396 4081 1439 4139 vis
1455 4080 1566 4155 pepulit
1579 4081 1776 4150 dominorum,

214 4170 328 4221 Interea
343 4164 449 4237 presul
466 4165 600 4238 migravit
617 4167 870 4240 ltethomagensis,
1059 4172 1214 4242 Suhjectus
1230 4171 1319 4237 vitiis,
1335 4171 1440 4228 vinclis
1455 4188 1613 4244 oppressus
1626 4170 1750 4242 iniquis,

178 4256 213 4311 bt
227 4271 297 4328 grex
312 4255 437 4327 pastoris
452 4254 590 4310 viduatus
607 4259 699 4310 morte
711 4256 859 4312 remansit.
1058 4261 1093 4315 Et
1109 4259 1243 4331 quamvis
1258 4258 1355 4315 subito
1371 4260 1410 4314 sit
1420 4260 1512 4330 judex
1526 4259 1619 4316 tristis
1633 4275 1732 4332 egaea,

178 4344 259 4401 Unde
275 4343 331 4401 sibi
347 4361 481 4416 quarens
497 4343 547 4416 qui
564 4347 645 4399 tanto
661 4345 760 4417 presit
774 4344 853 4412 ovili,
1059 4348 1103 4404 Sit
1116 4346 1229 4420 pollens
1244 4348 1342 4416 rebus,
1360 4353 1456 4405 tamen
1472 4349 1530 4404 exit
1544 4348 1666 4404 erimine
1681 4364 1794 4403 servus.

177 4433 230 4498 Qui
247 4438 326 4506 reget
341 4433 501 4490 Ecclesiam
523 4433 620 4506 digne,
647 4432 725 4488 velut
750 4431 863 4490 assecla
886 4433 1004 4505 Christi,
1047 4439 1209 4491 Humanas
1225 4434 1304 4505 leges
1320 4435 1422 4508 regina
1433 4436 1557 4508 pecunia
1572 4440 1688 4507 tractat,

176 4523 265 4578 Audit
281 4524 446 4579 ltomanum
463 4523 540 4579 lama
553 4522 690 4596 vulgante
705 4523 834 4590 beatum,
1019 4517 1045 4612 θ’
1058 4525 1094 4580 Et
1109 4525 1185 4596 quod
1200 4524 1361 4596 lugendum
1377 4525 1495 4597 gravius
1510 4525 1696 4597 multumque
1709 4523 1816 4580 dolend
1826 4540 1890 4594 um,

177 4609 236 4663 Prae
252 4614 364 4666 eunetis
379 4617 524 4678 sanctum,
541 4611 667 4668 summis
677 4612 837 4669 virtutihus
853 4617 984 4682 auctum,
1058 4614 1124 4686 Ipsa
1137 4616 1294 4686 potestates
1310 4629 1501 4685 corrumpens
1518 4611 1696 4686 spirituales,

177 4697 262 4769 Optat
273 4703 301 4754 et
316 4700 444 4772 exposcit
458 4706 539 4756 tanto
555 4707 670 4774 pastore
685 4701 784 4768 levari,
930 4747 933 4750 .
1055 4703 1160 4759 Crebro
1176 4700 1324 4757 sacricolis
1339 4700 1427 4756 inlert
1441 4700 1612 4757 discrimina
1627 4699 1740 4756 mortis.

175 4792 236 4843 Hoc
250 4793 359 4843 rectore
374 4789 443 4862 regi,
461 4789 511 4845 tali
527 4808 644 4863 gemma
658 4792 798 4847 decorari.
1094 4789 1236 4862 Praecipue
1254 4790 1375 4860 multos,
1393 4807 1466 4862 quos
1482 4790 1584 4845 dieunt
1600 4788 1796 4857 simonianos,

176 4877 235 4932 Rex
250 4877 298 4932 ubi
316 4864 492 4932 Francor'um
510 4880 655 4950 persensit
670 4879 795 4935 arnubile
811 4885 922 4949 votum,
1057 4879 1169 4936 invadit
1185 4880 1302 4952 penitus
1318 4879 1489 4934 llamniante
1504 4878 1652 4950 cupidinis
1664 4881 1748 4933 austu.

175 4965 277 5021 Totius
293 4965 419 5021 occiduae
436 4967 532 5036 gentis
548 4979 760 5038 procerumque
776 4985 896 5023 suorum
1056 4969 1177 5024 Ordinat
1192 4967 1245 5022 hos
1261 4984 1412 5032 nummus,
1430 4985 1488 5023 non
1504 4967 1568 5022 vitre
1584 4965 1692 5022 nobilis
1707 4969 1810 5033 actus,

174 5054 302 5111 Consilio
319 5054 397 5110 lavit.
417 5055 498 5121 Quod
515 5054 596 5125 plebs
611 5057 776 5126 expostulat
790 5058 871 5112 audit
1056 5058 1157 5113 Servat
1171 5055 1245 5113 ovile
1261 5056 1359 5128 lupus,
1376 5061 1474 5128 captet
1489 5057 1590 5113 divina
1603 5055 1763 5128 malignus,

173 5142 248 5214 llrga
264 5142 454 5215 magnifieum
469 5142 577 5197 summi
594 5144 714 5197 rectoris
729 5143 867 5199 amicum.
1054 5145 1198 5201 berlionis
1214 5163 1248 5200 ex
1263 5145 1331 5200 nido
1347 5162 1433 5217 quem
1449 5144 1569 5217 protulit
1584 5149 1648 5200 atra
1662 5142 1781 5216 cupido,

173 5231 247 5303 Ergo
263 5232 438 5288 renitentem
454 5232 588 5303 quamvis
604 5231 777 5303 pondusque
790 5239 952 5303 paventem,
1053 5235 1163 5300 Evolat,
1180 5234 1238 5289 alta
1253 5234 1334 5306 petit.
1352 5234 1432 5290 Facit
1447 5235 1501 5290 hoo
1517 5234 1652 5290 absentia
1668 5231 1757 5289 Petri.

173 5320 302 5376 Electum
318 5321 434 5377 Domini
453 5323 616 5377 Romanum
633 5320 761 5375 destinat
777 5321 852 5375 urbi·
1051 5326 1124 5381 Nam
1141 5324 1226 5380 eredo
1242 5327 1348 5389 rueret,
1365 5323 1391 5378 si
1407 5322 1520 5395 Cephas
1531 5322 1684 5396 proximus
1699 5323 1792 5378 esset.

208 5407 230 5464 0
245 5408 352 5467 Christi
364 5411 467 5483 pietas,
484 5411 534 5483 qui
551 5427 649 5465 rerum
666 5413 772 5464 traiciat
786 5408 927 5479 habenas,
1051 5419 1156 5471 Contra
1172 5414 1322 5470 Romanus
1338 5428 1436 5468 arcem
1454 5412 1652 5485 pontificatus,

172 5495 295 5553 Ordinat
309 5503 338 5553 et
353 5504 449 5556 servat
464 5517 530 5574 quas
542 5498 672 5556 condidit
688 5502 775 5570 atque
789 5499 952 5571 gubernati
1050 5505 1141 5570 Quem
1157 5503 1206 5576 pia
1221 5501 1303 5576 plebs
1318 5500 1414 5558 omnis
1431 5503 1546 5558 decreta
1562 5507 1666 5559 mnens
1680 5498 1817 5574 pietatis,

170 5588 304 5661 Namque
318 5586 379 5645 rire
395 5589 528 5660 Domino,
542 5590 606 5662 Jani
622 5592 721 5665 portes
736 5585 921 5662 ingredienti,
1049 5595 1202 5669 lejunaus,
1219 5591 1356 5667 vigilans,
1372 5591 1446 5651 votis
1462 5592 1578 5652 enixius
1594 5591 1711 5650 instans
