3878 6098
107 331 170 396 tut
442 330 610 395 APPEND.
634 328 684 392 Al)
707 328 801 391 SAEG.
824 326 861 387 X.
877 360 916 371 -
930 324 1183 389 MONUMENTA
1205 323 1486 388 ulrtouuulcu.
1758 324 1823 384 tilii

26 520 31 527 ,
110 481 143 522 ao
158 467 344 533 superantur,
359 464 499 538 pellentes
513 481 563 521 eos
583 460 741 536 episcopali
766 457 939 516 auctoritate
952 457 980 525 Α
994 459 1061 529 quid
1075 458 1106 514 dc
1120 459 1234 515 ccclesia
1245 461 1337 530 aufert
1358 458 1400 514 cet
1420 456 1581 534 fraudatur,
1594 454 1674 515 tcta
1685 455 1769 530 prodi
1780 463 1829 518 on·-

111 568 323 627 saoeorumqae
334 569 481 613 canonum
497 551 708 610 constitutione
720 566 737 606 a
747 553 822 606 ooetu
833 553 862 604 st
874 563 940 604 cau·
991 556 1175 620 comparatur.

112 641 204 701 matio
226 642 465 701 christianorum.
496 644 625 710 Quorum
656 637 878 712 praeumptioui
906 652 940 692 ao
1027 637 1055 693 5.
1072 637 1130 694 Hos
1144 636 1273 695 ecelesiae
1288 636 1444 693 thesauros
1459 633 1605 709 episcopis
1620 637 1652 691 st
1664 631 1823 691 comitibus

112 730 245 789 celanda
258 731 405 804 tyrannidi
420 730 576 787 Hilduinus
592 746 623 786 se
637 729 847 796 intumescens,
862 726 940 783 dctis
993 728 1022 781 et
1038 725 1201 783 fautoribus
1226 743 1278 801 pro
1302 743 1357 782 sua
1381 723 1567 781 ordinatione
1579 722 1672 793 dedit,
1688 738 1747 780 acu
1763 738 1822 796 pra

113 818 384 892 deinum-scieque
403 820 575 893 proceribus
595 816 801 891 complurimis
814 815 878 872 auri
893 830 939 871 ar·
995 814 1087 871 oculis
1102 814 1214 872 habens
1225 819 1334 871 statuta
1343 813 1471 871 Africani
1487 811 1616 883 aoncilii,
1626 812 1737 886 qubus
1749 803 1822 886 prae

114 907 254 983 gentique
267 908 457 982 ponderibus,
473 924 533 964 noa
556 907 653 964 solum
676 912 743 964 oum
759 906 801 962 eis
815 905 942 961 scienter
995 903 1102 977 cipitur
1117 907 1148 959 ut
1173 902 1274 961 nullus
1297 920 1349 977 per
1371 903 1511 977 pecunias
1534 901 1699 970 ordinetur,
1713 902 1756 958 ita
1778 901 1825 956 ia·

114 996 308 1071 participavit,
322 997 373 1054 sed
390 997 479 1053 etiam
494 1013 528 1053 cx
543 996 691 1053 thesauris
714 994 841 1051 ecclesia·
860 993 939 1049 'luu-
994 993 1099 1066 quiens
1116 1011 1123 1049 :
1139 996 1172 1051 Si
1196 996 1258 1067 puis
1281 996 1423 1067 episcopua
1440 1008 1492 1068 prr
1515 995 1649 1067 mimice
1676 991 1828 1049 uenatu

113 1083 324 1158 genusiacum
337 1084 478 1146 instinctu
496 1084 640 1142 diabolico
654 1088 792 1158 rapuerat
801 1082 845 1139 vel
862 1083 940 1138 lura·
993 1083 1165 1155 dipaitatem,
1180 1082 1327 1152 deiciatur,
1340 1082 1430 1140 modia
1442 1084 1571 1141 amcituc
1591 1080 1744 1154 odicium,
1754 1083 1825 1137 sicut

113 1178 163 1230 tac
177 1172 282 1244 morat,
299 1173 477 1248 quibusdam
492 1174 582 1232 minis
603 1190 637 1231 ac
651 1173 812 1231 terroribus
825 1171 895 1245 egit,
908 1173 942 1227 ut
995 1172 1089 1229 Simon
1103 1188 1201 1242 cropus
1220 1174 1356 1229 circueas
1378 1180 1419 1230 ert
1431 1188 1449 1229 a
1463 1174 1555 1229 Petra.
1571 1171 1645 1231 Rem
1672 1169 1705 1226 ia
1729 1169 1825 1227 couci·

115 1261 313 1323 lierimauuua
327 1263 493 1337 Agrippina
503 1263 630 1320 civitatis
644 1262 880 1335 archiepiscopus
891 1277 942 1333 per
995 1260 1034 1318 lio
1063 1260 1315 1318 chalcedonensi:
1343 1264 1378 1320 Si
1404 1263 1467 1336 puis
1494 1263 1646 1334 episcopua,
1673 1259 1823 1334 proetpter,

114 1349 283 1408 violentiam
308 1351 437 1411 Heinriei
458 1368 640 1425 suorumque
666 1351 797 1409 fidolium
812 1350 896 1407 illum
912 1349 941 1404 in
997 1350 1190 1408 cuidiuccaus
1203 1354 1253 1407 sut
1268 1354 1356 1424 pretio
1370 1351 1491 1424 Spiritus
1512 1351 1741 1420 scameratam
1755 1347 1822 1405 cta-

116 1440 284 1514 poatifloom
298 1446 493 1499 coammrot.
510 1442 583 1499 Nam
599 1442 623 1497 si
641 1457 698 1497 noc
724 1442 849 1509 lecisset,
866 1440 944 1494 sicut
996 1456 1062 1496 aare
1077 1440 1203 1512 coluerit,
1216 1442 1329 1513 proprii
1351 1439 1454 1512 produc
1473 1437 1788 1513 pericalc¹ruttccciit,·
1800 1444 1826 1493 et

117 1528 944 1605 ipsevcaarabilisarchiepiscopusnobispostcaiuprce·
996 1529 1070 1584 citit
1098 1545 1133 1585 eu
1161 1529 1212 1585 lrcc
1238 1529 1411 1585 ordinatiore
1435 1528 1478 1585 oct
1499 1528 1674 1602 protractione
1697 1540 1766 1599 Μ
1789 1525 1825 1582 att

119 1618 214 1675 cauda
227 1617 423 1693 plurrimorum
439 1618 613 1687 retulit,sihi
629 1619 718 1676 vitam
733 1616 942 1692 resqueeecle-
995 1634 1046 1691 per
1071 1619 1281 1691 nepoticticaem
1314 1619 1387 1690 facti
1420 1618 1556 1691 proficiat,
1585 1614 1634 1673 scd
1665 1615 1823 1673 trutma-

119 1706 255 1767 aiuattcaa
267 1708 404 1775 autumet,
420 1724 598 1783 omnemque
613 1708 754 1765 familiam
771 1707 942 1774 trucidaret,
998 1709 1107 1764 ituatur.

121 1812 155 1854 aa
166 1794 371 1859 tarcacona
384 1797 533 1873 diriperet.
545 1799 669 1872 Ideoque
680 1797 943 1871 absquelagitimo-
961 1823 983 1888 Β
1033 1798 1060 1854 tt.
1076 1796 1143 1853 iam
1154 1797 1251 1854 dictus
1261 1795 1418 1853 llilduinus
1428 1795 1465 1854 cd
1476 1794 1824 1852 cumulumsuadamna·

121 1900 190 1942 rum
203 1889 421 1945 cctomsscrun
439 1887 611 1945 auctoritato
625 1904 692 1944 eum
708 1885 896 1952 consecravit,
913 1889 947 1941 ut
1000 1885 1088 1943 tionis
1104 1890 1171 1942 ante
1184 1885 1359 1942 venerabilis
1383 1883 1555 1942 Harimauui
1577 1883 1767 1958 mutiam
1780 1898 1823 1940 rc·

121 1972 185 2047 ipsc
199 1974 296 2033 acccc
309 1978 444 2043 testatur,
460 1978 510 2033 sed
530 1976 621 2033 tantis
643 1976 803 2033 terroribus
825 1991 858 2031 ao
874 1973 945 2030 diris
1001 1976 1095 2043 nicus,
1107 1992 1196 2047 super
1211 1992 1295 2031 sacra
1310 1973 1567 2047 nefandejuruvit,
1579 1972 1660 2047 quod
1672 1988 1731 2047 ago
1744 1972 1826 2029 llaro·

121 2058 344 2121 crudelitatibus
358 2070 486 2122 coactus.
497 2065 579 2121 Unde
594 2066 623 2122 in
638 2066 753 2122 Nicauc
767 2063 890 2121 concilio
907 2062 947 2119 ita
1001 2063 1048 2120 lus
1062 2062 1244 2137 episcopium
1260 2064 1432 2138 Tungrenso
1447 2061 1577 2121 dederim
1592 2062 1680 2137 (tal),
1696 2066 1727 2119 at
1743 2076 1825 2137 quos·

120 2151 158 2209 ad
172 2151 270 2209 locum
284 2154 433 2211 insanitur
447 2170 456 2210 c
472 2154 579 2228 Siquis
602 2171 638 2212 ec
665 2156 738 2212 clero
764 2154 947 2226 deprehensus
1002 2154 1070 2209 dam
1093 2169 1128 2209 ex
1151 2152 1264 2209 clericis
1287 2156 1316 2209 et
1342 2152 1425 2209 laicis
1449 2154 1552 2225 lucrare
1579 2149 1735 2225 compulit.
1751 2149 1830 2218 ausu

118 2242 205 2314 suctu
218 2258 282 2299 cum
298 2245 541 2300 excommunicatis
555 2246 771 2313 communicare,
792 2245 875 2299 ctiam
890 2244 948 2314 ipae
1001 2241 1147 2315 quamsit
1164 2243 1326 2299 absurdum
1350 2258 1499 2315 quamque
1522 2240 1688 2308 riuudm,
1704 2238 1825 2313 sparsim

117 2332 242 2403 pauent
253 2333 452 2399 mausiaco,
461 2341 593 2405 tauquam
607 2335 656 2405 qui
669 2333 779 2403 repulsu
791 2329 945 2402 rorrsrrcdit.
1003 2325 1171 2388 sanctarum
1188 2332 1402 2406 scripturarum
1417 2330 1586 2388 testimonia
1597 2329 1775 2404 approbant.

120 2420 188 2486 Qua
201 2418 292 2492 louge
301 2418 418 2493 latoque
432 2420 462 2476 ia
478 2420 601 2477 divorsis
615 2420 748 2477 conciliis
763 2424 791 2477 ot
804 2419 946 2491 capitula·
1036 2423 1064 2476 7.
1082 2421 1262 2477 Memoratus
1284 2425 1424 2495 praterea
1443 2418 1601 2477 llilduinus
1622 2434 1678 2492 par
1691 2418 1831 2476 domuum

121 2507 207 2564 cibus
218 2520 320 2580 regam
335 2508 371 2564 dc
386 2509 645 2566 excommunicatis
661 2509 861 2565 inveniuntur.
1003 2510 1216 2566 llerimunuum
1226 2509 1397 2583 episcopum
1409 2509 1492 2567 tertio
1500 2512 1620 2566 vocatus
1630 2504 1827 2582 odsyuodcm,

156 2596 183 2653 3.
199 2597 279 2653 Idam
295 2596 383 2653 ctiam
399 2596 556 2654 llilduinus
572 2615 619 2655 res
634 2598 727 2655 nostri
739 2598 819 2671 regni
832 2614 865 2653 ex
877 2612 948 2671 pror·
1004 2602 1150 2655 utcontra
1164 2599 1225 2656 liae
1241 2616 1305 2672 qua
1322 2598 1377 2655 sihi
1400 2596 1569 2655 obiciuntur
1592 2594 1827 2673 responderetai

123 2685 181 2751 luto
191 2685 463 2760 episcopioiuvasit‚
475 2685 607 2760 diripuit,
620 2691 648 2743 et
659 2704 710 2761 pro
720 2686 802 2744 libito
816 2687 947 2756 ahiluxit,
1001 2690 1112 2762 justam
1139 2705 1258 2745 eausam
1288 2688 1417 2756 haberet,
1435 2689 1486 2743 aut
1499 2686 1525 2743 si
1541 2704 1600 2743 uon
1619 2690 1733 2760 posset,
1749 2700 1831 2743 cauo·

123 2790 214 2849 agens
234 2779 338 2832 contra
358 2778 469 2833 statuta
490 2775 621 2832 Auaolcti
641 2793 734 2850 papa,
751 2775 947 2832 ubidicitur:
1005 2793 1076 2833 uum
1088 2776 1223 2834 feriretur
1233 2775 1428 2850 spiculis.0ui
1444 2775 1584 2849 quoniam
1600 2774 1724 2851 quiden
1738 2772 1830 2831 verim

123 2864 521 2937 stercoranistarum
543 2867 601 2937 ipro
624 2870 704 2922 Petro
728 2866 847 2938 apostolo
873 2866 950 2922 ordi·
1005 2864 1130 2936 distulit,
1141 2864 1244 2923 incidit
1254 2864 1431 2922 seutentiam
1442 2862 1583 2921 licailmii
1593 2880 1678 2938 papa
1688 2862 1830 2923 itadicea·

124 2960 206 3009 catur
219 2961 259 3009 act
270 2953 421 3026 accipter,
435 2962 531 3026 postea
545 2956 576 3011 iu
589 2954 650 3011 acute
672 2956 795 3011 Romana
815 2971 952 3011 ruamur
1004 2956 1045 3013 tis
1062 2956 1258 3012 :Protatccra
1271 2970 1327 3012 asae
1342 2955 1395 3012 uu
1408 2969 1472 3028 pua
1485 2953 1659 3011 cduawscc
1673 2952 1748 3010 dicta
1762 2958 1829 3020 aar,

125 3042 204 3099 iltius
217 3041 309 3116 [actua
323 3044 461 3115 episcopus
476 3059 538 3098 cum
552 3044 635 3099 totius
649 3043 747 3099 incudi
764 3044 952 3099 sacerdotibus
1005 3047 1053 3116 qui
1068 3043 1104 3100 cd
1122 3062 1154 3100 rc
1169 3044 1337 3117 confutanda
1356 3044 1450 3101 adesse
1473 3044 1588 3100 minime
1603 3042 1672 3099 cuit.
1688 3043 1722 3098 lit
1736 3057 1771 3099 ae
1783 3039 1829 3097 tc-

121 3131 271 3204 judicauit.
288 3130 628 3203 parmarumque
649 3132 952 3205 patricctmatriaii-
1008 3134 1081 3202 bitot,
1103 3133 1175 3205 quod
1197 3134 1236 3190 ita
1260 3133 1400 3206 judicium
1422 3148 1522 3189 ccccm
1546 3133 1726 3204 acuunt,
1742 3128 1830 3204 qaam·

125 3221 201 3294 quid,
216 3219 362 3278 tomuidae
378 3223 515 3305 particeps
533 3228 580 3277 cat.
598 3223 679 3277 Pater
692 3229 782 3278 costa
794 3224 854 3277 uua
868 3192 989 3279 clrtln'cc
1008 3222 1154 3279 admodum
1176 3229 1208 3278 ut
1229 3222 1388 3279 absolvatur
1408 3223 1457 3295 cui
1474 3229 1513 3279 cat
1529 3222 1661 3279 tamarae
1674 3220 1787 3293 quatit.
1801 3216 1834 3276 a

124 3309 196 3366 Dm
208 3317 258 3366 cat.
274 3309 360 3366 luter
380 3325 444 3366 cero
464 3318 559 3366 ucrtrc
583 3310 764 3378 decurtarat,
781 3325 845 3383 (μων
857 3327 907 3367 aar
922 3310 953 3366 iu
1008 3316 1075 3386 post
1091 3328 1185 3386 pauca
1201 3328 1208 3368 :
1224 3308 1377 3383 Confitetur
1397 3313 1473 3368 euim
1498 3310 1531 3367 da
1557 3308 1698 3378 omuibus,
1713 3308 1832 3383 Μιίε

125 3399 258 3471 munau
271 3400 449 3469 mucamit.
461 3402 532 3469 arao
546 3401 597 3472 qui
607 3402 741 3472 peccator
757 3400 861 3457 Christi
874 3407 899 3456 et
912 3416 954 3456 ec-
1006 3402 1194 3475 aubtersupcrc
1202 3399 1343 3472 judicium
1360 3415 1440 3472 posse
1461 3398 1645 3456 ditationatus
1660 3404 1751 3472 putat.
1767 3398 1832 3454 llam

123 3487 217 3545 cloria
238 3489 322 3560 rapit,
339 3489 440 3561 aaran,
454 3489 497 3545 coi
518 3489 676 3560 [racdctua
692 3488 828 3545 homicida
847 3497 895 3557 ert,
911 3496 953 3545 ct·
1008 3491 1071 3565 ipae
1088 3506 1095 3546 ε
1112 3489 1143 3546 st
1172 3488 1264 3547 adesa
1292 3489 1419 3557 celauit,
1447 3502 1580 3563 praerau,
1603 3488 1634 3544 ai
1659 3487 1782 3559 confidi,
1801 3484 1835 3541 cd

125 3591 178 3648 pue
190 3576 328 3633 tomam
341 3579 373 3633 iu
385 3585 528 3650 casaperta
548 3579 624 3650 justi
639 3578 744 3650 judicu
768 3577 952 3651 deputabitur.
1008 3579 1110 3652 obiecta
1125 3578 1294 3652 recmadect.
1311 3578 1387 3647 Quod
1400 3579 1427 3634 ai
1439 3578 1533 3635 adessa
1548 3576 1715 3647 captarem,
1730 3574 1833 3633 dilatio·

126 3665 181 3734 Qui
193 3666 269 3739 rapti
287 3667 435 3738 pecuniam
454 3667 579 3738 proximi
596 3669 652 3734 rui,
667 3668 842 3740 iniquitatem
856 3684 953 3741 opera·
1007 3685 1071 3725 uem
1083 3669 1225 3726 acccmtiae
1239 3668 1272 3724 dc
1286 3669 1410 3725 absentia
1424 3684 1480 3725 acu
1496 3668 1628 3724 lucretur.

127 3763 183 3812 tur.
200 3755 254 3825 Qui
267 3763 359 3812 aarum
372 3757 520 3828 marciam
533 3756 576 3813 cel
598 3772 642 3813 rea
659 3757 778 3814 amieria
797 3757 953 3825 abstulerit,
1044 3758 1071 3813 8.
1085 3756 1194 3814 Omnes
1205 3760 1264 3813 tam
1276 3755 1372 3813 elerici
1384 3772 1473 3829 quam
1484 3755 1551 3813 laici
1561 3754 1743 3828 supradicta
1751 3752 1830 3811 coola

127 3845 305 3917 suritepiuci
316 3847 394 3918 facit,
408 3852 435 3901 et
448 3852 479 3901 ut
492 3845 822 3918 turritaque-judicandus
836 3855 886 3903 ert.
1009 3846 1059 3903 siae
1074 3850 1204 3904 nostram
1216 3846 1358 3902 adeuntes
1371 3843 1594 3914 sublimitatem,
1606 3842 1755 3901 luctuosis
1768 3841 1832 3899 vcti-

164 3935 192 3989 l.
207 3934 348 3990 Prolatus
358 3934 485 4006 deniqm
495 3934 654 3991 llilduiuus
663 3935 819 3992 thesauros
826 3934 955 3992 ecclcsiae
1010 3937 1066 3993 bus
1080 3936 1281 4003 innotuerunt,
1298 3935 1376 4008 quod
1393 3935 1457 4007 J'am
1477 3936 1663 3991 memoratus
1681 3930 1831 3990 llilduiuas

42 4084 45 4088 ,
130 4022 954 4097 'l'uagceusisetllquisgrauipalatiijuxtabeatiLamberti
1009 4021 1830 4098 cumsuisprradooibusbonaillorumdiripultmmuear·
1865 4016 1868 4021 '

131 4110 268 4185 martyris
282 4124 389 4182 corpus
403 4111 432 4165 iu
448 4111 576 4182 quadam
593 4128 662 4168 arca
679 4112 792 4185 positos
805 4112 889 4168 acida
903 4129 956 4169 cu·
1010 4112 1189 4187 queillorum
1198 4112 1365 4169 facultatem
1371 4114 1400 4169 ct
1406 4110 1619 4186 supellectilem
1627 4108 1761 4179 abstulit,
1767 4104 1829 4167 nicil

129 4200 252 4275 piditcte
263 4197 370 4272 rapuit,
386 4215 494 4270 eosque
509 4199 640 4257 inimicis
653 4202 773 4273 nostris,
782 4201 846 4258 suis
856 4200 956 4258 uideli-
1009 4201 1068 4259 illis
1082 4201 1233 4273 remansit,
1245 4202 1323 4258 uude
1336 4199 1440 4258 saltam
1454 4199 1511 4256 sibi
1522 4200 1621 4257 metus
1630 4198 1828 4257 sufficicntiam

129 4292 175 4347 cat
199 4287 372 4355 fautoribus,
397 4286 530 4357 contulit,
553 4290 582 4344 et
608 4288 737 4345 ecclesiae
765 4289 897 4347 abstulit.
914 4291 955 4347 De
1010 4287 1829 4363 adhibereatrlddontesetiamiupreeibusmtveatrcccr

128 4392 186 4452 quc
202 4377 369 4452 quibusque
383 4376 588 4450 hujuscemodi
611 4377 687 4434 sacri
708 4395 835 4437 canones
850 4380 890 4436 ita
904 4379 954 4437 de·
1009 4380 1075 4438 silio
1091 4379 1177 4436 eitius
1189 4383 1335 4452 ageretur,
1346 4396 1382 4435 ue
1393 4376 1637 4452 ampliusprado
1647 4370 1826 4450 etdirepiiocl

127 4471 270 4525 caracui:
280 4467 313 4524 st
321 4468 384 4539 auu
395 4469 521 4523 incuruo
534 4467 620 4539 fucrit
633 4466 742 4539 aliquid
750 4468 955 4525 demiuuuriir
1009 4472 1158 4543 patarent3
1173 4468 1224 4524 sed
1239 4466 1297 4523 illis
1309 4468 1346 4523 ad
1359 4464 1557 4523 ordinandum
1570 4466 1713 4524 aremus
1725 4461 1825 4539 pontii·

126 4557 249 4614 arcuata
261 4555 414 4614 carrucae
426 4557 469 4612 ccl
484 4556 637 4623 abnuitur,
653 4558 833 4628 scmtepium
846 4559 993 4626 commi-1)
1009 4575 1071 4614 cem
1084 4557 1251 4623 turbarum,
1260 4572 1347 4629 quem
1360 4555 1544 4612 concorditer
1556 4548 1822 4629 elegeruntlicqci·

127 4646 173 4701 rit.
189 4645 300 4702 Placuit
313 4660 375 4702 cum
397 4647 427 4701 iu
448 4644 545 4702 ordire
566 4646 748 4702 uctesiaatico
769 4663 826 4703 aaa
849 4647 953 4703 tutari.
1009 4649 1065 4703 bus
1076 4645 1212 4704 videlicet
1226 4645 1364 4702 omuibus
1379 4644 1427 4701 hic
1442 4642 1627 4716 capitulatim
1644 4640 1820 4702 insufflaret·

128 4733 210 4790 liade
220 4733 362 4790 etbcatus
371 4733 554 4807 Augustinus
568 4734 602 4788 47
614 4733 754 4807 evangelii
771 4733 892 4792 homilia
905 4734 955 4791 Jo-
1008 4724 1817 4809 trumprecamurponuucium,utproptsroeumutct‘r

127 4821 236 4880 hauris
250 4821 334 4878 dicit:
346 4823 412 4880 ane
425 4824 618 4880 interiunctae
627 4823 775 4893 erttudas,
787 4840 846 4881 ecce
853 4826 903 4897 scr
915 4831 957 4880 cet
1008 4829 1069 4881 tam
1078 4841 1165 4898 quam
1174 4822 1385 4897 nobispcllieiti
1395 4822 1468 4879 estis
1479 4821 1664 4892 ildalitatsm,
1670 4816 1815 4897 provtritcc

126 4912 232 4979 uidua·
247 4918 322 4967 otae
340 4919 503 4980 murinae,
517 4916 567 4985 sur
594 4914 639 4969 liic
660 4914 811 4984 rccriupru
834 4921 883 4983 ert,
899 4929 956 4970 cca
1010 4914 1113 4971 exinde
1129 4913 1325 4986 adjuvetis,ut
1338 4916 1439 4969 noster
1453 4911 1548 4968 honor
1562 4910 1593 4968 ic
1609 4905 1813 4985 hujusmodi»

128 5003 368 5076 qualiumcumque
381 5004 430 5073 sur
445 5002 575 5073 tororum,
590 5001 635 5058 aad
648 5002 849 5059 dominicorum
860 5022 871 5069 ,-
884 5003 954 5059 icco·
1009 5000 1096 5076 gotiis
1113 5000 1240 5075 amplius
1260 5017 1318 5057 uon
1334 5000 1493 5070 decrescat,
1509 5002 1538 5058 et
1551 5002 1650 5057 statua
1666 4987 1810 5074 meatu

127 5109 202 5164 rum,
216 5090 431 5148 cucurreram.
448 5090 483 5146 lit
497 5094 564 5162 post
586 5107 679 5163 pauca
695 5108 701 5148 :
719 5091 886 5167 Quicumque
901 5092 955 5148 cti·
1008 5090 1136 5150 ecclesia
1151 5088 1329 5148 stabiliatur.

922 5234 1039 5293 NO'PAE.

162 5360 236 5436 (lor)
255 5358 336 5427 Quod
358 5358 399 5417 ita
419 5359 511 5417 fuisse
533 5375 567 5417 ex
589 5357 750 5417 Flodocrdo
773 5365 802 5418 et
825 5359 949 5419 Riohero
972 5363 1096 5420 constat.
