<?xml version="1.0" encoding="UTF-8"?>
<!DOCTYPE html PUBLIC "-//W3C//DTD XHTML 1.0 Transitional//EN"
    "http://www.w3.org/TR/xhtml1/DTD/xhtml1-transitional.dtd">
<html xmlns="http://www.w3.org/1999/xhtml" xml:lang="en" lang="en">
 <head>
  <title>
</title>
<meta http-equiv="Content-Type" content="text/html;charset=utf-8" />
  <meta name='ocr-system' content='tesseract 3.04.00' />
  <meta name='ocr-capabilities' content='ocr_page ocr_carea ocr_par ocr_line ocrx_word'/>
</head>
<body>
  <div class='ocr_page' id='page_1' title='image "./patrologiaecurs24unkngoog_0132.png"; bbox 0 0 3878 6098; ppageno 0'>
   <div class='ocr_carea' id='block_1_1' title="bbox 53 275 1768 359">
    <p class='ocr_par' dir='ltr' id='par_1_1' title="bbox 53 275 1768 359">
     <span class='ocr_line' id='line_1_1' title="bbox 53 275 1768 359; baseline 0.008 -14"><span class='ocrx_word' id='word_1_1' title='bbox 53 282 117 345; x_wconf 70' lang='lat' dir='ltr'><strong>aet</strong></span> <span class='ocrx_word' id='word_1_2' title='bbox 503 278 555 345; x_wconf 80' lang='lat' dir='ltr'><strong>DD</strong></span> <span class='ocrx_word' id='word_1_3' title='bbox 576 277 717 346; x_wconf 68' lang='lat' dir='ltr'><strong>elassis</strong></span> <span class='ocrx_word' id='word_1_4' title='bbox 739 275 862 343; x_wconf 75' lang='lat' dir='ltr'><strong>artae.</strong></span> <span class='ocrx_word' id='word_1_5' title='bbox 884 280 1103 346; x_wconf 73' lang='lat' dir='ltr'><strong>lnnlsslon.</strong></span> <span class='ocrx_word' id='word_1_6' title='bbox 1120 316 1160 331; x_wconf 92' lang='lat'><strong>·-</strong></span> <span class='ocrx_word' id='word_1_7' title='bbox 1173 282 1275 350; x_wconf 74' lang='lat' dir='ltr'><strong>elas</strong></span> <span class='ocrx_word' id='word_1_8' title='bbox 1295 286 1320 350; x_wconf 90' lang='lat' dir='ltr'><strong>l.</strong></span> <span class='ocrx_word' id='word_1_9' title='bbox 1704 293 1768 359; x_wconf 59' lang='grc' dir='ltr'><strong><em>Μ</em></strong></span> 
     </span>
    </p>
   </div>
   <div class='ocr_carea' id='block_1_2' title="bbox 48 405 1842 5018">
    <p class='ocr_par' dir='ltr' id='par_1_2' title="bbox 48 405 1842 5018">
     <span class='ocr_line' id='line_1_2' title="bbox 48 405 1769 494; baseline 0.008 -24"><span class='ocrx_word' id='word_1_10' title='bbox 48 413 166 488; x_wconf 73' lang='lat' dir='ltr'><strong>fugiter</strong></span> <span class='ocrx_word' id='word_1_11' title='bbox 176 427 214 470; x_wconf 85' lang='lat' dir='ltr'><strong>ae</strong></span> <span class='ocrx_word' id='word_1_12' title='bbox 234 409 402 485; x_wconf 80' lang='lat' dir='ltr'><strong>efflagitans</strong></span> <span class='ocrx_word' id='word_1_13' title='bbox 423 410 555 470; x_wconf 78' lang='lat' dir='ltr'><strong>relevari.</strong></span> <span class='ocrx_word' id='word_1_14' title='bbox 571 413 704 480; x_wconf 75' lang='lat' dir='ltr'><strong>Quadam</strong></span> <span class='ocrx_word' id='word_1_15' title='bbox 719 417 817 470; x_wconf 68' lang='lat' dir='ltr'><strong>summ</strong></span> <span class='ocrx_word' id='word_1_16' title='bbox 838 414 886 470; x_wconf 89' lang='lat' dir='ltr'><strong>die</strong></span> <span class='ocrx_word' id='word_1_17' title='bbox 898 415 927 485; x_wconf 72' lang='grc' dir='ltr'><strong>Α</strong></span> <span class='ocrx_word' id='word_1_18' title='bbox 941 431 1061 488; x_wconf 85' lang='lat' dir='ltr'><strong>corpore</strong></span> <span class='ocrx_word' id='word_1_19' title='bbox 1076 405 1179 490; x_wconf 84' lang='lat' dir='ltr'><strong>sensit,</strong></span> <span class='ocrx_word' id='word_1_20' title='bbox 1194 435 1254 492; x_wconf 89' lang='lat' dir='ltr'><strong>qua</strong></span> <span class='ocrx_word' id='word_1_21' title='bbox 1268 418 1442 493; x_wconf 81' lang='lat' dir='ltr'><strong>egritudine</strong></span> <span class='ocrx_word' id='word_1_22' title='bbox 1455 437 1613 494; x_wconf 87' lang='lat' dir='ltr'><strong>percussus</strong></span> <span class='ocrx_word' id='word_1_23' title='bbox 1622 425 1659 479; x_wconf 88' lang='lat' dir='ltr'><strong>ad</strong></span> <span class='ocrx_word' id='word_1_24' title='bbox 1675 425 1769 482; x_wconf 85' lang='lat' dir='ltr'><strong>sancti</strong></span> 
     </span>
     <span class='ocr_line' id='line_1_3' title="bbox 50 501 1771 585; baseline 0.006 -25"><span class='ocrx_word' id='word_1_25' title='bbox 50 501 257 561; x_wconf 73' lang='lat' dir='ltr'><strong>validissimus</strong></span> <span class='ocrx_word' id='word_1_26' title='bbox 271 506 370 559; x_wconf 87' lang='lat' dir='ltr'><strong>tumor</strong></span> <span class='ocrx_word' id='word_1_27' title='bbox 377 502 504 575; x_wconf 88' lang='lat' dir='ltr'><strong>pedibus</strong></span> <span class='ocrx_word' id='word_1_28' title='bbox 519 503 584 574; x_wconf 84' lang='lat' dir='ltr'><strong>ejus</strong></span> <span class='ocrx_word' id='word_1_29' title='bbox 594 518 659 560; x_wconf 89' lang='lat' dir='ltr'><strong>sese</strong></span> <span class='ocrx_word' id='word_1_30' title='bbox 669 501 803 576; x_wconf 87' lang='lat' dir='ltr'><strong>ingessit,</strong></span> <span class='ocrx_word' id='word_1_31' title='bbox 813 503 885 560; x_wconf 88' lang='lat' dir='ltr'><strong>adeo</strong></span> <span class='ocrx_word' id='word_1_32' title='bbox 939 505 1060 563; x_wconf 78' lang='lat' dir='ltr'><strong>Andreas</strong></span> <span class='ocrx_word' id='word_1_33' title='bbox 1072 506 1225 563; x_wconf 88' lang='lat' dir='ltr'><strong>ecclesiam</strong></span> <span class='ocrx_word' id='word_1_34' title='bbox 1251 509 1361 581; x_wconf 85' lang='lat' dir='ltr'>pernici</span> <span class='ocrx_word' id='word_1_35' title='bbox 1389 526 1492 582; x_wconf 59' lang='lat' dir='ltr'><strong>messa</strong></span> <span class='ocrx_word' id='word_1_36' title='bbox 1512 511 1654 585; x_wconf 76' lang='lat' dir='ltr'><strong>confugit,</strong></span> <span class='ocrx_word' id='word_1_37' title='bbox 1670 512 1771 585; x_wconf 88' lang='lat' dir='ltr'><strong>ibique</strong></span> 
     </span>
     <span class='ocr_line' id='line_1_4' title="bbox 51 590 1770 673; baseline 0.004 -23"><span class='ocrx_word' id='word_1_38' title='bbox 51 595 86 650; x_wconf 81' lang='lat' dir='ltr'><strong>ur</strong></span> <span class='ocrx_word' id='word_1_39' title='bbox 100 591 234 664; x_wconf 79' lang='lat' dir='ltr'><strong>capiendi</strong></span> <span class='ocrx_word' id='word_1_40' title='bbox 244 607 278 648; x_wconf 89' lang='lat' dir='ltr'><strong>ac</strong></span> <span class='ocrx_word' id='word_1_41' title='bbox 293 590 452 648; x_wconf 82' lang='lat' dir='ltr'><strong>mandendi</strong></span> <span class='ocrx_word' id='word_1_42' title='bbox 464 591 634 648; x_wconf 68' lang='lat' dir='ltr'><strong>facultatem</strong></span> <span class='ocrx_word' id='word_1_43' title='bbox 647 590 673 647; x_wconf 92' lang='lat' dir='ltr'><strong>ci</strong></span> <span class='ocrx_word' id='word_1_44' title='bbox 684 591 887 665; x_wconf 80' lang='lat' dir='ltr'><strong>penitnsrcls·</strong></span> <span class='ocrx_word' id='word_1_45' title='bbox 940 595 1018 666; x_wconf 92' lang='lat' dir='ltr'><strong>quod</strong></span> <span class='ocrx_word' id='word_1_46' title='bbox 1035 595 1188 652; x_wconf 89' lang='lat' dir='ltr'><strong>residuum</strong></span> <span class='ocrx_word' id='word_1_47' title='bbox 1209 597 1304 654; x_wconf 91' lang='lat' dir='ltr'><strong>noctis</strong></span> <span class='ocrx_word' id='word_1_48' title='bbox 1329 597 1433 668; x_wconf 88' lang='lat' dir='ltr'><strong>luerat,</strong></span> <span class='ocrx_word' id='word_1_49' title='bbox 1450 597 1574 656; x_wconf 89' lang='lat' dir='ltr'><strong>Domino</strong></span> <span class='ocrx_word' id='word_1_50' title='bbox 1599 599 1770 673; x_wconf 73' lang='lat' dir='ltr'><strong>supplicans</strong></span> 
     </span>
     <span class='ocr_line' id='line_1_5' title="bbox 51 679 1769 756; baseline 0.005 -19"><span class='ocrx_word' id='word_1_51' title='bbox 51 683 192 737; x_wconf 86' lang='lat' dir='ltr'><strong>ret:lnm</strong></span> <span class='ocrx_word' id='word_1_52' title='bbox 202 680 302 752; x_wconf 72' lang='lat' dir='ltr'><strong>subrto</strong></span> <span class='ocrx_word' id='word_1_53' title='bbox 312 695 418 737; x_wconf 87' lang='lat' dir='ltr'><strong>corvus</strong></span> <span class='ocrx_word' id='word_1_54' title='bbox 428 679 490 737; x_wconf 87' lang='lat' dir='ltr'><strong>ales</strong></span> <span class='ocrx_word' id='word_1_55' title='bbox 499 680 675 737; x_wconf 83' lang='lat' dir='ltr'><strong>cadaverum</strong></span> <span class='ocrx_word' id='word_1_56' title='bbox 686 679 782 736; x_wconf 90' lang='lat' dir='ltr'><strong>amica</strong></span> <span class='ocrx_word' id='word_1_57' title='bbox 794 679 886 737; x_wconf 86' lang='lat' dir='ltr'><strong>oblita</strong></span> <span class='ocrx_word' id='word_1_58' title='bbox 939 684 1061 756; x_wconf 79' lang='lat' dir='ltr'><strong>peregit,</strong></span> <span class='ocrx_word' id='word_1_59' title='bbox 1077 684 1182 741; x_wconf 91' lang='lat' dir='ltr'><strong>dehinc</strong></span> <span class='ocrx_word' id='word_1_60' title='bbox 1206 683 1394 744; x_wconf 74' lang='lat' dir='ltr'><strong>illucescente</strong></span> <span class='ocrx_word' id='word_1_61' title='bbox 1417 688 1465 744; x_wconf 88' lang='lat' dir='ltr'><strong>die</strong></span> <span class='ocrx_word' id='word_1_62' title='bbox 1495 705 1580 744; x_wconf 88' lang='lat' dir='ltr'><strong>sacra</strong></span> <span class='ocrx_word' id='word_1_63' title='bbox 1610 688 1769 746; x_wconf 87' lang='lat' dir='ltr'><strong>missarum</strong></span> 
     </span>
     <span class='ocr_line' id='line_1_6' title="bbox 51 766 1771 849; baseline 0.006 -25"><span class='ocrx_word' id='word_1_64' title='bbox 51 768 176 844; x_wconf 76' lang='lat' dir='ltr'><strong>proprie</strong></span> <span class='ocrx_word' id='word_1_65' title='bbox 192 773 304 826; x_wconf 81' lang='lat' dir='ltr'><strong>nature</strong></span> <span class='ocrx_word' id='word_1_66' title='bbox 317 772 429 842; x_wconf 75' lang='lat' dir='ltr'><strong>partem</strong></span> <span class='ocrx_word' id='word_1_67' title='bbox 442 769 615 841; x_wconf 67' lang='lat' dir='ltr'><strong>stannique</strong></span> <span class='ocrx_word' id='word_1_68' title='bbox 629 768 724 825; x_wconf 88' lang='lat' dir='ltr'><strong>fuerat</strong></span> <span class='ocrx_word' id='word_1_69' title='bbox 734 766 885 825; x_wconf 88' lang='lat' dir='ltr'><strong>cochleare</strong></span> <span class='ocrx_word' id='word_1_70' title='bbox 941 771 1085 827; x_wconf 87' lang='lat' dir='ltr'><strong>solemnia</strong></span> <span class='ocrx_word' id='word_1_71' title='bbox 1109 772 1309 832; x_wconf 83' lang='lat' dir='ltr'><strong>celebraturus</strong></span> <span class='ocrx_word' id='word_1_72' title='bbox 1336 774 1509 849; x_wconf 87' lang='lat' dir='ltr'><strong>accingitur.</strong></span> <span class='ocrx_word' id='word_1_73' title='bbox 1530 779 1591 844; x_wconf 84' lang='lat' dir='ltr'><strong>Quo</strong></span> <span class='ocrx_word' id='word_1_74' title='bbox 1618 777 1725 834; x_wconf 86' lang='lat' dir='ltr'><strong>hausto</strong></span> <span class='ocrx_word' id='word_1_75' title='bbox 1754 794 1771 834; x_wconf 83' lang='lat' dir='ltr'><strong>a</strong></span> 
     </span>
     <span class='ocr_line' id='line_1_7' title="bbox 52 857 1770 938; baseline 0.003 -22"><span class='ocrx_word' id='word_1_76' title='bbox 52 862 235 932; x_wconf 81' lang='lat' dir='ltr'><strong>coopertum,</strong></span> <span class='ocrx_word' id='word_1_77' title='bbox 249 875 301 915; x_wconf 87' lang='lat' dir='ltr'><strong>ore</strong></span> <span class='ocrx_word' id='word_1_78' title='bbox 316 858 418 930; x_wconf 92' lang='lat' dir='ltr'><strong>patulo</strong></span> <span class='ocrx_word' id='word_1_79' title='bbox 432 857 570 932; x_wconf 90' lang='lat' dir='ltr'><strong>arripuit,</strong></span> <span class='ocrx_word' id='word_1_80' title='bbox 580 860 610 914; x_wconf 90' lang='lat' dir='ltr'><strong>et</strong></span> <span class='ocrx_word' id='word_1_81' title='bbox 624 862 691 914; x_wconf 87' lang='lat' dir='ltr'><strong>ante</strong></span> <span class='ocrx_word' id='word_1_82' title='bbox 706 857 835 930; x_wconf 83' lang='lat' dir='ltr'><strong>episcopi</strong></span> <span class='ocrx_word' id='word_1_83' title='bbox 848 858 886 915; x_wconf 87' lang='lat' dir='ltr'><strong>fe·</strong></span> <span class='ocrx_word' id='word_1_84' title='bbox 941 859 1040 917; x_wconf 85' lang='lat' dir='ltr'><strong>divirm</strong></span> <span class='ocrx_word' id='word_1_85' title='bbox 1055 861 1134 917; x_wconf 90' lang='lat' dir='ltr'><strong>fonte</strong></span> <span class='ocrx_word' id='word_1_86' title='bbox 1150 861 1283 930; x_wconf 91' lang='lat' dir='ltr'><strong>consilio,</strong></span> <span class='ocrx_word' id='word_1_87' title='bbox 1300 880 1379 937; x_wconf 90' lang='lat' dir='ltr'><strong>corp,</strong></span> <span class='ocrx_word' id='word_1_88' title='bbox 1395 869 1424 920; x_wconf 89' lang='lat' dir='ltr'><strong>et</strong></span> <span class='ocrx_word' id='word_1_89' title='bbox 1438 881 1522 938; x_wconf 84' lang='lat' dir='ltr'><strong>sang.</strong></span> <span class='ocrx_word' id='word_1_90' title='bbox 1544 864 1628 923; x_wconf 91' lang='lat' dir='ltr'><strong>Dom.</strong></span> <span class='ocrx_word' id='word_1_91' title='bbox 1639 864 1770 923; x_wconf 88' lang='lat' dir='ltr'><strong>libamen</strong></span> 
     </span>
     <span class='ocr_line' id='line_1_8' title="bbox 54 945 1770 1023; baseline 0.002 -17"><span class='ocrx_word' id='word_1_92' title='bbox 54 952 185 1006; x_wconf 58' lang='lat' dir='ltr'><strong>ammam</strong></span> <span class='ocrx_word' id='word_1_93' title='bbox 194 949 281 1019; x_wconf 81' lang='lat' dir='ltr'><strong>juxta</strong></span> <span class='ocrx_word' id='word_1_94' title='bbox 290 963 379 1020; x_wconf 87' lang='lat' dir='ltr'><strong>quam</strong></span> <span class='ocrx_word' id='word_1_95' title='bbox 390 947 551 1015; x_wconf 87' lang='lat' dir='ltr'><strong>cubitabat,</strong></span> <span class='ocrx_word' id='word_1_96' title='bbox 559 947 699 1019; x_wconf 86' lang='lat' dir='ltr'><strong>projecit:</strong></span> <span class='ocrx_word' id='word_1_97' title='bbox 712 963 776 1020; x_wconf 81' lang='lat' dir='ltr'><strong>que</strong></span> <span class='ocrx_word' id='word_1_98' title='bbox 787 945 886 1003; x_wconf 89' lang='lat' dir='ltr'><strong>stanni</strong></span> <span class='ocrx_word' id='word_1_99' title='bbox 939 954 1079 1016; x_wconf 89' lang='lat' dir='ltr'><strong>sumeret,</strong></span> <span class='ocrx_word' id='word_1_100' title='bbox 1090 954 1123 1005; x_wconf 90' lang='lat' dir='ltr'><strong>ut</strong></span> <span class='ocrx_word' id='word_1_101' title='bbox 1137 952 1203 1023; x_wconf 89' lang='lat' dir='ltr'><strong>ejus</strong></span> <span class='ocrx_word' id='word_1_102' title='bbox 1217 950 1324 1008; x_wconf 76' lang='lat' dir='ltr'><strong>iirtute</strong></span> <span class='ocrx_word' id='word_1_103' title='bbox 1339 958 1446 1010; x_wconf 89' lang='lat' dir='ltr'><strong>cuneta</strong></span> <span class='ocrx_word' id='word_1_104' title='bbox 1456 954 1638 1012; x_wconf 87' lang='lat' dir='ltr'><strong>infirmitatis</strong></span> <span class='ocrx_word' id='word_1_105' title='bbox 1652 955 1770 1012; x_wconf 88' lang='lat' dir='ltr'><strong>infesta·</strong></span> 
     </span>
     <span class='ocr_line' id='line_1_9' title="bbox 54 1034 1770 1117; baseline 0.004 -24"><span class='ocrx_word' id='word_1_106' title='bbox 54 1036 200 1112; x_wconf 69' lang='lat' dir='ltr'><strong>perticella</strong></span> <span class='ocrx_word' id='word_1_107' title='bbox 219 1041 287 1094; x_wconf 88' lang='lat' dir='ltr'><strong>ante</strong></span> <span class='ocrx_word' id='word_1_108' title='bbox 302 1036 458 1110; x_wconf 77' lang='lat' dir='ltr'><strong>presulem</strong></span> <span class='ocrx_word' id='word_1_109' title='bbox 472 1034 563 1092; x_wconf 85' lang='lat' dir='ltr'><strong>allata</strong></span> <span class='ocrx_word' id='word_1_110' title='bbox 575 1039 630 1102; x_wconf 89' lang='lat' dir='ltr'><strong>est,</strong></span> <span class='ocrx_word' id='word_1_111' title='bbox 645 1052 735 1109; x_wconf 89' lang='lat' dir='ltr'><strong>quam</strong></span> <span class='ocrx_word' id='word_1_112' title='bbox 758 1036 887 1108; x_wconf 85' lang='lat' dir='ltr'><strong>pontifex</strong></span> <span class='ocrx_word' id='word_1_113' title='bbox 939 1037 981 1094; x_wconf 91' lang='lat' dir='ltr'><strong>tio</strong></span> <span class='ocrx_word' id='word_1_114' title='bbox 993 1039 1222 1110; x_wconf 86' lang='lat' dir='ltr'><strong>conquiesceret.</strong></span> <span class='ocrx_word' id='word_1_115' title='bbox 1239 1040 1322 1106; x_wconf 83' lang='lat' dir='ltr'><strong>Quod</strong></span> <span class='ocrx_word' id='word_1_116' title='bbox 1337 1041 1437 1098; x_wconf 87' lang='lat' dir='ltr'><strong>divina</strong></span> <span class='ocrx_word' id='word_1_117' title='bbox 1458 1043 1552 1099; x_wconf 87' lang='lat' dir='ltr'><strong>virtus</strong></span> <span class='ocrx_word' id='word_1_118' title='bbox 1576 1044 1685 1117; x_wconf 89' lang='lat' dir='ltr'><strong>petenti</strong></span> <span class='ocrx_word' id='word_1_119' title='bbox 1710 1060 1770 1100; x_wconf 92' lang='lat' dir='ltr'><strong>non</strong></span> 
     </span>
     <span class='ocr_line' id='line_1_10' title="bbox 54 1123 1770 1203; baseline 0.005 -21"><span class='ocrx_word' id='word_1_120' title='bbox 54 1127 212 1199; x_wconf 83' lang='lat' dir='ltr'><strong>arripiens,</strong></span> <span class='ocrx_word' id='word_1_121' title='bbox 228 1126 361 1182; x_wconf 81' lang='lat' dir='ltr'><strong>invocato</strong></span> <span class='ocrx_word' id='word_1_122' title='bbox 384 1123 501 1181; x_wconf 87' lang='lat' dir='ltr'><strong>Domini</strong></span> <span class='ocrx_word' id='word_1_123' title='bbox 525 1124 657 1191; x_wconf 87' lang='lat' dir='ltr'><strong>nomine,</strong></span> <span class='ocrx_word' id='word_1_124' title='bbox 671 1124 825 1195; x_wconf 88' lang='lat' dir='ltr'><strong>fidensque</strong></span> <span class='ocrx_word' id='word_1_125' title='bbox 855 1139 887 1180; x_wconf 87' lang='lat' dir='ltr'><strong>se</strong></span> <span class='ocrx_word' id='word_1_126' title='bbox 940 1126 1770 1203; x_wconf 80' lang='lat' dir='ltr'><strong>deneganslllicoenimutredemptionisnostredonum</strong></span> 
     </span>
     <span class='ocr_line' id='line_1_11' title="bbox 55 1213 1772 1291; baseline 0.003 -18"><span class='ocrx_word' id='word_1_127' title='bbox 55 1216 171 1273; x_wconf 87' lang='lat' dir='ltr'><strong>meritis</strong></span> <span class='ocrx_word' id='word_1_128' title='bbox 186 1214 280 1272; x_wconf 85' lang='lat' dir='ltr'><strong>sancti</strong></span> <span class='ocrx_word' id='word_1_129' title='bbox 291 1213 433 1288; x_wconf 83' lang='lat' dir='ltr'><strong>Stephani</strong></span> <span class='ocrx_word' id='word_1_130' title='bbox 444 1230 530 1287; x_wconf 89' lang='lat' dir='ltr'><strong>posse</strong></span> <span class='ocrx_word' id='word_1_131' title='bbox 541 1213 639 1270; x_wconf 86' lang='lat' dir='ltr'><strong>sanari</strong></span> <span class='ocrx_word' id='word_1_132' title='bbox 652 1216 792 1270; x_wconf 89' lang='lat' dir='ltr'><strong>stannum</strong></span> <span class='ocrx_word' id='word_1_133' title='bbox 806 1213 886 1285; x_wconf 89' lang='lat' dir='ltr'><strong>pcdi-</strong></span> <span class='ocrx_word' id='word_1_134' title='bbox 942 1214 1146 1272; x_wconf 78' lang='lat' dir='ltr'><strong>inestimabile</strong></span> <span class='ocrx_word' id='word_1_135' title='bbox 1157 1234 1207 1273; x_wconf 88' lang='lat' dir='ltr'><strong>ore</strong></span> <span class='ocrx_word' id='word_1_136' title='bbox 1222 1218 1358 1291; x_wconf 88' lang='lat' dir='ltr'><strong>sumpsit,</strong></span> <span class='ocrx_word' id='word_1_137' title='bbox 1370 1218 1496 1276; x_wconf 86' lang='lat' dir='ltr'><strong>febrium</strong></span> <span class='ocrx_word' id='word_1_138' title='bbox 1515 1219 1636 1277; x_wconf 90' lang='lat' dir='ltr'><strong>calorao</strong></span> <span class='ocrx_word' id='word_1_139' title='bbox 1655 1221 1681 1278; x_wconf 88' lang='lat' dir='ltr'><strong>si</strong></span> <span class='ocrx_word' id='word_1_140' title='bbox 1696 1239 1772 1278; x_wconf 88' lang='lat' dir='ltr'><strong>nun·</strong></span> 
     </span>
     <span class='ocr_line' id='line_1_12' title="bbox 56 1301 1774 1384; baseline 0.003 -22"><span class='ocrx_word' id='word_1_141' title='bbox 56 1304 324 1377; x_wconf 84' lang='lat' dir='ltr'><strong>buasuperpoauil,</strong></span> <span class='ocrx_word' id='word_1_142' title='bbox 341 1319 467 1375; x_wconf 84' lang='lat' dir='ltr'><strong>moxque</strong></span> <span class='ocrx_word' id='word_1_143' title='bbox 482 1301 566 1358; x_wconf 89' lang='lat' dir='ltr'><strong>dolor</strong></span> <span class='ocrx_word' id='word_1_144' title='bbox 580 1301 733 1370; x_wconf 76' lang='lat' dir='ltr'><strong>abscessit,</strong></span> <span class='ocrx_word' id='word_1_145' title='bbox 748 1318 801 1357; x_wconf 90' lang='lat' dir='ltr'><strong>nec</strong></span> <span class='ocrx_word' id='word_1_146' title='bbox 831 1301 887 1357; x_wconf 90' lang='lat' dir='ltr'><strong>mi·</strong></span> <span class='ocrx_word' id='word_1_147' title='bbox 942 1320 1033 1376; x_wconf 87' lang='lat' dir='ltr'><strong>quarn</strong></span> <span class='ocrx_word' id='word_1_148' title='bbox 1047 1304 1078 1360; x_wconf 93' lang='lat' dir='ltr'><strong>in</strong></span> <span class='ocrx_word' id='word_1_149' title='bbox 1094 1321 1128 1362; x_wconf 91' lang='lat' dir='ltr'><strong>eo</strong></span> <span class='ocrx_word' id='word_1_150' title='bbox 1147 1305 1263 1375; x_wconf 90' lang='lat' dir='ltr'><strong>fuisset,</strong></span> <span class='ocrx_word' id='word_1_151' title='bbox 1280 1307 1444 1366; x_wconf 80' lang='lat' dir='ltr'><strong>exstinctus</strong></span> <span class='ocrx_word' id='word_1_152' title='bbox 1469 1312 1523 1366; x_wconf 89' lang='lat' dir='ltr'><strong>ert.</strong></span> <span class='ocrx_word' id='word_1_153' title='bbox 1539 1309 1613 1366; x_wconf 94' lang='lat' dir='ltr'><strong>lllud</strong></span> <span class='ocrx_word' id='word_1_154' title='bbox 1633 1315 1774 1384; x_wconf 80' lang='lat' dir='ltr'><strong>preterea</strong></span> 
     </span>
     <span class='ocr_line' id='line_1_13' title="bbox 54 1389 1771 1471; baseline 0.002 -18"><span class='ocrx_word' id='word_1_155' title='bbox 54 1410 134 1460; x_wconf 82' lang='lat' dir='ltr'><strong>mm,</strong></span> <span class='ocrx_word' id='word_1_156' title='bbox 147 1393 173 1450; x_wconf 85' lang='lat' dir='ltr'><strong>si</strong></span> <span class='ocrx_word' id='word_1_157' title='bbox 181 1393 245 1450; x_wconf 80' lang='lat' dir='ltr'><strong>bec</strong></span> <span class='ocrx_word' id='word_1_158' title='bbox 258 1393 322 1450; x_wconf 87' lang='lat' dir='ltr'><strong>avis</strong></span> <span class='ocrx_word' id='word_1_159' title='bbox 336 1391 453 1449; x_wconf 85' lang='lat' dir='ltr'><strong>Domini</strong></span> <span class='ocrx_word' id='word_1_160' title='bbox 468 1390 592 1463; x_wconf 88' lang='lat' dir='ltr'><strong>imperio</strong></span> <span class='ocrx_word' id='word_1_161' title='bbox 605 1390 754 1464; x_wconf 85' lang='lat' dir='ltr'><strong>malagma</strong></span> <span class='ocrx_word' id='word_1_162' title='bbox 763 1389 887 1463; x_wconf 89' lang='lat' dir='ltr'><strong>pedibus</strong></span> <span class='ocrx_word' id='word_1_163' title='bbox 941 1409 999 1448; x_wconf 93' lang='lat' dir='ltr'><strong>non</strong></span> <span class='ocrx_word' id='word_1_164' title='bbox 1016 1394 1224 1461; x_wconf 89' lang='lat' dir='ltr'><strong>omittendum,</strong></span> <span class='ocrx_word' id='word_1_165' title='bbox 1240 1396 1317 1467; x_wconf 90' lang='lat' dir='ltr'><strong>quod</strong></span> <span class='ocrx_word' id='word_1_166' title='bbox 1334 1399 1363 1451; x_wconf 91' lang='lat' dir='ltr'><strong>et</strong></span> <span class='ocrx_word' id='word_1_167' title='bbox 1376 1396 1406 1452; x_wconf 91' lang='lat' dir='ltr'><strong>in</strong></span> <span class='ocrx_word' id='word_1_168' title='bbox 1423 1398 1490 1454; x_wconf 88' lang='lat' dir='ltr'><strong>sede</strong></span> <span class='ocrx_word' id='word_1_169' title='bbox 1506 1398 1676 1471; x_wconf 87' lang='lat' dir='ltr'><strong>pontificali,</strong></span> <span class='ocrx_word' id='word_1_170' title='bbox 1692 1403 1722 1456; x_wconf 87' lang='lat' dir='ltr'><strong>et</strong></span> <span class='ocrx_word' id='word_1_171' title='bbox 1741 1398 1771 1456; x_wconf 91' lang='lat' dir='ltr'><strong>in</strong></span> 
     </span>
     <span class='ocr_line' id='line_1_14' title="bbox 54 1478 1774 1557; baseline 0.002 -18"><span class='ocrx_word' id='word_1_172' title='bbox 54 1482 150 1539; x_wconf 73' lang='lat' dir='ltr'><strong>uncti</strong></span> <span class='ocrx_word' id='word_1_173' title='bbox 165 1481 222 1539; x_wconf 85' lang='lat' dir='ltr'><strong>viri</strong></span> <span class='ocrx_word' id='word_1_174' title='bbox 237 1480 370 1549; x_wconf 88' lang='lat' dir='ltr'><strong>eontulit,</strong></span> <span class='ocrx_word' id='word_1_175' title='bbox 386 1497 449 1554; x_wconf 81' lang='lat' dir='ltr'><strong>qua</strong></span> <span class='ocrx_word' id='word_1_176' title='bbox 465 1479 553 1536; x_wconf 88' lang='lat' dir='ltr'><strong>etiam</strong></span> <span class='ocrx_word' id='word_1_177' title='bbox 568 1479 637 1535; x_wconf 73' lang='lat' dir='ltr'><strong>alio</strong></span> <span class='ocrx_word' id='word_1_178' title='bbox 661 1479 771 1536; x_wconf 88' lang='lat' dir='ltr'><strong>famem</strong></span> <span class='ocrx_word' id='word_1_179' title='bbox 789 1478 888 1535; x_wconf 86' lang='lat' dir='ltr'><strong>carnis</strong></span> <span class='ocrx_word' id='word_1_180' title='bbox 940 1480 1013 1538; x_wconf 88' lang='lat' dir='ltr'><strong>locis</strong></span> <span class='ocrx_word' id='word_1_181' title='bbox 1024 1482 1256 1556; x_wconf 81' lang='lat' dir='ltr'><strong>circumpositis,</strong></span> <span class='ocrx_word' id='word_1_182' title='bbox 1273 1483 1455 1557; x_wconf 83' lang='lat' dir='ltr'><strong>divulgatum</strong></span> <span class='ocrx_word' id='word_1_183' title='bbox 1474 1488 1625 1556; x_wconf 86' lang='lat' dir='ltr'><strong>novimus;</strong></span> <span class='ocrx_word' id='word_1_184' title='bbox 1637 1491 1774 1544; x_wconf 87' lang='lat' dir='ltr'><strong>asserunt</strong></span> 
     </span>
     <span class='ocr_line' id='line_1_15' title="bbox 55 1567 1774 1645; baseline 0.001 -18"><span class='ocrx_word' id='word_1_185' title='bbox 55 1570 155 1627; x_wconf 89' lang='lat' dir='ltr'><strong>edulio</strong></span> <span class='ocrx_word' id='word_1_186' title='bbox 169 1570 282 1627; x_wconf 87' lang='lat' dir='ltr'><strong>refecit.</strong></span> <span class='ocrx_word' id='word_1_187' title='bbox 291 1568 470 1642; x_wconf 80' lang='lat' dir='ltr'><strong>Aliquandiu</strong></span> <span class='ocrx_word' id='word_1_188' title='bbox 485 1572 625 1641; x_wconf 81' lang='lat' dir='ltr'><strong>preterea</strong></span> <span class='ocrx_word' id='word_1_189' title='bbox 646 1567 819 1624; x_wconf 86' lang='lat' dir='ltr'><strong>desiderans</strong></span> <span class='ocrx_word' id='word_1_190' title='bbox 844 1568 888 1623; x_wconf 92' lang='lat' dir='ltr'><strong>uti</strong></span> <span class='ocrx_word' id='word_1_191' title='bbox 941 1570 1020 1625; x_wconf 88' lang='lat' dir='ltr'><strong>enim</strong></span> <span class='ocrx_word' id='word_1_192' title='bbox 1032 1570 1074 1638; x_wconf 93' lang='lat' dir='ltr'><strong>hi,</strong></span> <span class='ocrx_word' id='word_1_193' title='bbox 1091 1571 1141 1643; x_wconf 92' lang='lat' dir='ltr'><strong>qui</strong></span> <span class='ocrx_word' id='word_1_194' title='bbox 1158 1570 1238 1628; x_wconf 91' lang='lat' dir='ltr'><strong>illius</strong></span> <span class='ocrx_word' id='word_1_195' title='bbox 1253 1577 1384 1645; x_wconf 89' lang='lat' dir='ltr'><strong>tempore</strong></span> <span class='ocrx_word' id='word_1_196' title='bbox 1399 1572 1586 1629; x_wconf 82' lang='lat' dir='ltr'><strong>scholaribus</strong></span> <span class='ocrx_word' id='word_1_197' title='bbox 1605 1574 1712 1631; x_wconf 86' lang='lat' dir='ltr'><strong>studiis</strong></span> <span class='ocrx_word' id='word_1_198' title='bbox 1728 1575 1774 1629; x_wconf 90' lang='lat' dir='ltr'><strong>in·</strong></span> 
     </span>
     <span class='ocr_line' id='line_1_16' title="bbox 55 1656 1776 1734; baseline 0.001 -17"><span class='ocrx_word' id='word_1_199' title='bbox 55 1658 204 1732; x_wconf 85' lang='lat' dir='ltr'><strong>colloquio</strong></span> <span class='ocrx_word' id='word_1_200' title='bbox 218 1658 331 1716; x_wconf 91' lang='lat' dir='ltr'><strong>domini</strong></span> <span class='ocrx_word' id='word_1_201' title='bbox 356 1656 489 1714; x_wconf 78' lang='lat' dir='ltr'><strong>ilithueri</strong></span> <span class='ocrx_word' id='word_1_202' title='bbox 512 1656 792 1730; x_wconf 79' lang='lat' dir='ltr'><strong>Augustelricorum</strong></span> <span class='ocrx_word' id='word_1_203' title='bbox 810 1656 888 1728; x_wconf 88' lang='lat' dir='ltr'><strong>epis·</strong></span> <span class='ocrx_word' id='word_1_204' title='bbox 939 1657 1096 1728; x_wconf 81' lang='lat' dir='ltr'><strong>sistebant,</strong></span> <span class='ocrx_word' id='word_1_205' title='bbox 1113 1661 1191 1734; x_wconf 90' lang='lat' dir='ltr'><strong>quod</strong></span> <span class='ocrx_word' id='word_1_206' title='bbox 1207 1662 1232 1717; x_wconf 90' lang='lat' dir='ltr'><strong>si</strong></span> <span class='ocrx_word' id='word_1_207' title='bbox 1248 1678 1335 1718; x_wconf 85' lang='lat' dir='ltr'><strong>mene</strong></span> <span class='ocrx_word' id='word_1_208' title='bbox 1350 1663 1416 1734; x_wconf 89' lang='lat' dir='ltr'><strong>ejus</strong></span> <span class='ocrx_word' id='word_1_209' title='bbox 1431 1662 1643 1731; x_wconf 89' lang='lat' dir='ltr'><strong>benedictione,</strong></span> <span class='ocrx_word' id='word_1_210' title='bbox 1660 1662 1776 1720; x_wconf 83' lang='lat' dir='ltr'><strong>anteal-</strong></span> 
     </span>
     <span class='ocr_line' id='line_1_17' title="bbox 55 1745 1775 1824; baseline 0.001 -18"><span class='ocrx_word' id='word_1_211' title='bbox 55 1749 131 1822; x_wconf 87' lang='lat' dir='ltr'><strong>copi‚</strong></span> <span class='ocrx_word' id='word_1_212' title='bbox 147 1747 281 1805; x_wconf 76' lang='lat' dir='ltr'><strong>villarem</strong></span> <span class='ocrx_word' id='word_1_213' title='bbox 312 1764 402 1820; x_wconf 86' lang='lat' dir='ltr'><strong>supra</strong></span> <span class='ocrx_word' id='word_1_214' title='bbox 432 1746 553 1804; x_wconf 83' lang='lat' dir='ltr'><strong>flurium</strong></span> <span class='ocrx_word' id='word_1_215' title='bbox 580 1745 814 1814; x_wconf 82' lang='lat' dir='ltr'><strong>lohaunaadiit,</strong></span> <span class='ocrx_word' id='word_1_216' title='bbox 830 1762 888 1819; x_wconf 96' lang='lat' dir='ltr'><strong>quo</strong></span> <span class='ocrx_word' id='word_1_217' title='bbox 943 1752 1004 1804; x_wconf 86' lang='lat' dir='ltr'><strong>tem</strong></span> <span class='ocrx_word' id='word_1_218' title='bbox 1014 1750 1169 1821; x_wconf 84' lang='lat' dir='ltr'><strong>presentia</strong></span> <span class='ocrx_word' id='word_1_219' title='bbox 1184 1749 1241 1805; x_wconf 92' lang='lat' dir='ltr'><strong>frui</strong></span> <span class='ocrx_word' id='word_1_220' title='bbox 1257 1756 1449 1819; x_wconf 89' lang='lat' dir='ltr'><strong>mererentur,</strong></span> <span class='ocrx_word' id='word_1_221' title='bbox 1465 1768 1595 1824; x_wconf 89' lang='lat' dir='ltr'><strong>omnem,</strong></span> <span class='ocrx_word' id='word_1_222' title='bbox 1611 1768 1648 1808; x_wconf 92' lang='lat' dir='ltr'><strong>ne</strong></span> <span class='ocrx_word' id='word_1_223' title='bbox 1671 1768 1706 1808; x_wconf 90' lang='lat' dir='ltr'><strong>eo</strong></span> <span class='ocrx_word' id='word_1_224' title='bbox 1727 1752 1775 1808; x_wconf 88' lang='lat' dir='ltr'><strong>die</strong></span> 
     </span>
     <span class='ocr_line' id='line_1_18' title="bbox 55 1833 1775 1912; baseline 0.001 -17"><span class='ocrx_word' id='word_1_225' title='bbox 55 1838 199 1912; x_wconf 74' lang='lat' dir='ltr'><strong>prefatos</strong></span> <span class='ocrx_word' id='word_1_226' title='bbox 225 1836 357 1910; x_wconf 86' lang='lat' dir='ltr'><strong>pontifex</strong></span> <span class='ocrx_word' id='word_1_227' title='bbox 382 1835 517 1892; x_wconf 86' lang='lat' dir='ltr'><strong>alacriter</strong></span> <span class='ocrx_word' id='word_1_228' title='bbox 544 1835 648 1892; x_wconf 86' lang='lat' dir='ltr'><strong>obvius</strong></span> <span class='ocrx_word' id='word_1_229' title='bbox 674 1833 828 1908; x_wconf 90' lang='lat' dir='ltr'><strong>processit,</strong></span> <span class='ocrx_word' id='word_1_230' title='bbox 842 1833 892 1891; x_wconf 92' lang='lat' dir='ltr'><strong>ubi</strong></span> <span class='ocrx_word' id='word_1_231' title='bbox 945 1836 1035 1909; x_wconf 87' lang='lat' dir='ltr'><strong>virgis</strong></span> <span class='ocrx_word' id='word_1_232' title='bbox 1049 1843 1100 1893; x_wconf 88' lang='lat' dir='ltr'><strong>aut</strong></span> <span class='ocrx_word' id='word_1_233' title='bbox 1115 1837 1220 1895; x_wconf 92' lang='lat' dir='ltr'><strong>baculo</strong></span> <span class='ocrx_word' id='word_1_234' title='bbox 1236 1838 1584 1907; x_wconf 77' lang='lat' dir='ltr'><strong>cederentur,enclusam</strong></span> <span class='ocrx_word' id='word_1_235' title='bbox 1595 1857 1659 1897; x_wconf 90' lang='lat' dir='ltr'><strong>esse</strong></span> <span class='ocrx_word' id='word_1_236' title='bbox 1674 1840 1775 1897; x_wconf 87' lang='lat' dir='ltr'><strong>lormi-</strong></span> 
     </span>
     <span class='ocr_line' id='line_1_19' title="bbox 56 1923 1775 2000; baseline 0.001 -16"><span class='ocrx_word' id='word_1_237' title='bbox 56 1927 170 1985; x_wconf 85' lang='lat' dir='ltr'><strong>mutuis</strong></span> <span class='ocrx_word' id='word_1_238' title='bbox 193 1942 260 1983; x_wconf 88' lang='lat' dir='ltr'><strong>sess</strong></span> <span class='ocrx_word' id='word_1_239' title='bbox 285 1924 472 1983; x_wconf 81' lang='lat' dir='ltr'><strong>confoventes</strong></span> <span class='ocrx_word' id='word_1_240' title='bbox 501 1923 694 1996; x_wconf 75' lang='lat' dir='ltr'><strong>amplexibus,</strong></span> <span class='ocrx_word' id='word_1_241' title='bbox 709 1924 827 1998; x_wconf 86' lang='lat' dir='ltr'><strong>longam</strong></span> <span class='ocrx_word' id='word_1_242' title='bbox 855 1925 891 1980; x_wconf 93' lang='lat' dir='ltr'><strong>de</strong></span> <span class='ocrx_word' id='word_1_243' title='bbox 944 1926 1044 1981; x_wconf 90' lang='lat' dir='ltr'><strong>dinem</strong></span> <span class='ocrx_word' id='word_1_244' title='bbox 1060 1942 1067 1982; x_wconf 92' lang='lat'>:</span> <span class='ocrx_word' id='word_1_245' title='bbox 1085 1926 1224 1983; x_wconf 89' lang='lat' dir='ltr'><strong>omuibus</strong></span> <span class='ocrx_word' id='word_1_246' title='bbox 1246 1927 1353 2000; x_wconf 91' lang='lat' dir='ltr'><strong>quippo</strong></span> <span class='ocrx_word' id='word_1_247' title='bbox 1376 1929 1477 1985; x_wconf 88' lang='lat' dir='ltr'><strong>omnia</strong></span> <span class='ocrx_word' id='word_1_248' title='bbox 1500 1928 1672 1997; x_wconf 74' lang='lat' dir='ltr'><strong>scotusaei,</strong></span> <span class='ocrx_word' id='word_1_249' title='bbox 1688 1945 1775 1986; x_wconf 85' lang='lat' dir='ltr'><strong>senes</strong></span> 
     </span>
     <span class='ocr_line' id='line_1_20' title="bbox 57 2012 1776 2090; baseline 0.001 -18"><span class='ocrx_word' id='word_1_250' title='bbox 57 2015 202 2089; x_wconf 86' lang='lat' dir='ltr'><strong>religione</strong></span> <span class='ocrx_word' id='word_1_251' title='bbox 216 2013 367 2089; x_wconf 88' lang='lat' dir='ltr'><strong>protulere</strong></span> <span class='ocrx_word' id='word_1_252' title='bbox 382 2012 569 2071; x_wconf 84' lang='lat' dir='ltr'><strong>sententiam.</strong></span> <span class='ocrx_word' id='word_1_253' title='bbox 579 2013 649 2068; x_wconf 79' lang='lat' dir='ltr'><strong>Erat</strong></span> <span class='ocrx_word' id='word_1_254' title='bbox 662 2018 762 2069; x_wconf 89' lang='lat' dir='ltr'><strong>autem</strong></span> <span class='ocrx_word' id='word_1_255' title='bbox 775 2013 815 2069; x_wconf 90' lang='lat' dir='ltr'><strong>ibi</strong></span> <span class='ocrx_word' id='word_1_256' title='bbox 825 2012 892 2068; x_wconf 83' lang='lat' dir='ltr'><strong>fona</strong></span> <span class='ocrx_word' id='word_1_257' title='bbox 945 2015 1025 2070; x_wconf 87' lang='lat' dir='ltr'><strong>enim</strong></span> <span class='ocrx_word' id='word_1_258' title='bbox 1034 2015 1072 2071; x_wconf 87' lang='lat' dir='ltr'><strong>ad</strong></span> <span class='ocrx_word' id='word_1_259' title='bbox 1083 2014 1198 2088; x_wconf 90' lang='lat' dir='ltr'><strong>potiora</strong></span> <span class='ocrx_word' id='word_1_260' title='bbox 1213 2033 1266 2072; x_wconf 93' lang='lat' dir='ltr'><strong>suo</strong></span> <span class='ocrx_word' id='word_1_261' title='bbox 1283 2015 1426 2072; x_wconf 84' lang='lat' dir='ltr'><strong>inritabat</strong></span> <span class='ocrx_word' id='word_1_262' title='bbox 1440 2017 1705 2089; x_wconf 82' lang='lat' dir='ltr'><strong>exemplo,juvenos</strong></span> <span class='ocrx_word' id='word_1_263' title='bbox 1716 2017 1776 2090; x_wconf 76' lang='lat' dir='ltr'><strong>ple</strong></span> 
     </span>
     <span class='ocr_line' id='line_1_21' title="bbox 57 2101 1774 2177; baseline 0 -16"><span class='ocrx_word' id='word_1_264' title='bbox 57 2103 230 2161; x_wconf 69' lang='lat' dir='ltr'><strong>delicabiles</strong></span> <span class='ocrx_word' id='word_1_265' title='bbox 244 2103 390 2161; x_wconf 86' lang='lat' dir='ltr'><strong>ebulliens</strong></span> <span class='ocrx_word' id='word_1_266' title='bbox 401 2119 585 2175; x_wconf 69' lang='lat' dir='ltr'><strong>aquasquas</strong></span> <span class='ocrx_word' id='word_1_267' title='bbox 596 2101 823 2175; x_wconf 83' lang='lat' dir='ltr'><strong>virmagnifrcus</strong></span> <span class='ocrx_word' id='word_1_268' title='bbox 834 2101 892 2156; x_wconf 88' lang='lat' dir='ltr'><strong>lle·</strong></span> <span class='ocrx_word' id='word_1_269' title='bbox 945 2103 1020 2170; x_wconf 91' lang='lat' dir='ltr'><strong>cido,</strong></span> <span class='ocrx_word' id='word_1_270' title='bbox 1032 2118 1068 2159; x_wconf 90' lang='lat' dir='ltr'><strong>ne</strong></span> <span class='ocrx_word' id='word_1_271' title='bbox 1082 2103 1261 2175; x_wconf 88' lang='lat' dir='ltr'><strong>desiperent,</strong></span> <span class='ocrx_word' id='word_1_272' title='bbox 1277 2103 1440 2177; x_wconf 87' lang='lat' dir='ltr'><strong>corrigebat</strong></span> <span class='ocrx_word' id='word_1_273' title='bbox 1462 2104 1589 2176; x_wconf 88' lang='lat' dir='ltr'><strong>cloquio,</strong></span> <span class='ocrx_word' id='word_1_274' title='bbox 1605 2105 1774 2161; x_wconf 88' lang='lat' dir='ltr'><strong>adolescen-</strong></span> 
     </span>
     <span class='ocr_line' id='line_1_22' title="bbox 58 2190 1774 2266; baseline -0.001 -15"><span class='ocrx_word' id='word_1_275' title='bbox 58 2194 181 2251; x_wconf 82' lang='lat' dir='ltr'><strong>rifridnr</strong></span> <span class='ocrx_word' id='word_1_276' title='bbox 197 2192 354 2266; x_wconf 88' lang='lat' dir='ltr'><strong>episcopus</strong></span> <span class='ocrx_word' id='word_1_277' title='bbox 368 2191 487 2249; x_wconf 90' lang='lat' dir='ltr'><strong>intuens</strong></span> <span class='ocrx_word' id='word_1_278' title='bbox 502 2190 638 2264; x_wconf 89' lang='lat' dir='ltr'><strong>lagenam</strong></span> <span class='ocrx_word' id='word_1_279' title='bbox 653 2190 773 2247; x_wconf 89' lang='lat' dir='ltr'><strong>fictilem</strong></span> <span class='ocrx_word' id='word_1_280' title='bbox 789 2191 891 2246; x_wconf 85' lang='lat' dir='ltr'><strong>eadem</strong></span> <span class='ocrx_word' id='word_1_281' title='bbox 945 2196 989 2248; x_wconf 86' lang='lat' dir='ltr'><strong>tus</strong></span> <span class='ocrx_word' id='word_1_282' title='bbox 1004 2191 1122 2265; x_wconf 89' lang='lat' dir='ltr'><strong>pietatis</strong></span> <span class='ocrx_word' id='word_1_283' title='bbox 1134 2209 1256 2248; x_wconf 81' lang='lat' dir='ltr'><strong>summa</strong></span> <span class='ocrx_word' id='word_1_284' title='bbox 1271 2193 1459 2250; x_wconf 87' lang='lat' dir='ltr'><strong>sustentabat</strong></span> <span class='ocrx_word' id='word_1_285' title='bbox 1482 2193 1605 2266; x_wconf 87' lang='lat' dir='ltr'><strong>gremio,</strong></span> <span class='ocrx_word' id='word_1_286' title='bbox 1621 2192 1725 2249; x_wconf 86' lang='lat' dir='ltr'><strong>divites</strong></span> <span class='ocrx_word' id='word_1_287' title='bbox 1740 2196 1774 2250; x_wconf 90' lang='lat' dir='ltr'><strong>ut</strong></span> 
     </span>
     <span class='ocr_line' id='line_1_23' title="bbox 59 2278 1773 2356; baseline -0.001 -17"><span class='ocrx_word' id='word_1_288' title='bbox 59 2282 182 2356; x_wconf 75' lang='lat' dir='ltr'><strong>lympha</strong></span> <span class='ocrx_word' id='word_1_289' title='bbox 197 2280 315 2355; x_wconf 89' lang='lat' dir='ltr'><strong>plenam</strong></span> <span class='ocrx_word' id='word_1_290' title='bbox 333 2280 438 2338; x_wconf 85' lang='lat' dir='ltr'><strong>deferri</strong></span> <span class='ocrx_word' id='word_1_291' title='bbox 449 2279 553 2352; x_wconf 85' lang='lat' dir='ltr'><strong>jussit,</strong></span> <span class='ocrx_word' id='word_1_292' title='bbox 565 2296 699 2352; x_wconf 86' lang='lat' dir='ltr'><strong>equoque</strong></span> <span class='ocrx_word' id='word_1_293' title='bbox 714 2278 856 2344; x_wconf 90' lang='lat' dir='ltr'><strong>insidens,</strong></span> <span class='ocrx_word' id='word_1_294' title='bbox 864 2281 893 2333; x_wconf 90' lang='lat' dir='ltr'><strong>et</strong></span> <span class='ocrx_word' id='word_1_295' title='bbox 945 2297 1000 2336; x_wconf 88' lang='lat' dir='ltr'><strong>sua</strong></span> <span class='ocrx_word' id='word_1_296' title='bbox 1016 2280 1134 2336; x_wconf 92' lang='lat' dir='ltr'><strong>domino</strong></span> <span class='ocrx_word' id='word_1_297' title='bbox 1145 2280 1331 2353; x_wconf 86' lang='lat' dir='ltr'><strong>largirentur,</strong></span> <span class='ocrx_word' id='word_1_298' title='bbox 1340 2298 1429 2353; x_wconf 88' lang='lat' dir='ltr'><strong>seque</strong></span> <span class='ocrx_word' id='word_1_299' title='bbox 1439 2281 1607 2338; x_wconf 85' lang='lat' dir='ltr'><strong>divitiarum</strong></span> <span class='ocrx_word' id='word_1_300' title='bbox 1619 2281 1773 2354; x_wconf 90' lang='lat' dir='ltr'><strong>dispensa·</strong></span> 
     </span>
     <span class='ocr_line' id='line_1_24' title="bbox 60 2368 1773 2444; baseline -0.002 -15"><span class='ocrx_word' id='word_1_301' title='bbox 60 2371 137 2429; x_wconf 84' lang='lat' dir='ltr'><strong>facto</strong></span> <span class='ocrx_word' id='word_1_302' title='bbox 151 2372 282 2444; x_wconf 79' lang='lat' dir='ltr'><strong>desuper</strong></span> <span class='ocrx_word' id='word_1_303' title='bbox 302 2370 398 2428; x_wconf 90' lang='lat' dir='ltr'><strong>crucis</strong></span> <span class='ocrx_word' id='word_1_304' title='bbox 419 2369 503 2443; x_wconf 91' lang='lat' dir='ltr'><strong>signo</strong></span> <span class='ocrx_word' id='word_1_305' title='bbox 528 2385 581 2425; x_wconf 82' lang='lat' dir='ltr'><strong>vas</strong></span> <span class='ocrx_word' id='word_1_306' title='bbox 597 2368 717 2441; x_wconf 88' lang='lat' dir='ltr'><strong>accepit.</strong></span> <span class='ocrx_word' id='word_1_307' title='bbox 732 2369 784 2424; x_wconf 80' lang='lat' dir='ltr'><strong>Ast</strong></span> <span class='ocrx_word' id='word_1_308' title='bbox 798 2384 892 2439; x_wconf 81' lang='lat' dir='ltr'><strong>equus</strong></span> <span class='ocrx_word' id='word_1_309' title='bbox 946 2372 1024 2425; x_wconf 90' lang='lat' dir='ltr'><strong>tores</strong></span> <span class='ocrx_word' id='word_1_310' title='bbox 1035 2370 1237 2425; x_wconf 89' lang='lat' dir='ltr'><strong>nondominos</strong></span> <span class='ocrx_word' id='word_1_311' title='bbox 1248 2370 1423 2426; x_wconf 82' lang='lat' dir='ltr'><strong>constitutos</strong></span> <span class='ocrx_word' id='word_1_312' title='bbox 1434 2370 1773 2438; x_wconf 77' lang='lat' dir='ltr'><strong>essereminiscerentur,</strong></span> 
     </span>
     <span class='ocr_line' id='line_1_25' title="bbox 60 2456 1776 2532; baseline -0.002 -14"><span class='ocrx_word' id='word_1_313' title='bbox 60 2461 268 2518; x_wconf 86' lang='lat' dir='ltr'><strong>ferocissimus</strong></span> <span class='ocrx_word' id='word_1_314' title='bbox 279 2458 416 2532; x_wconf 82' lang='lat' dir='ltr'><strong>lagenam</strong></span> <span class='ocrx_word' id='word_1_315' title='bbox 430 2458 581 2516; x_wconf 82' lang='lat' dir='ltr'><strong>insolitem</strong></span> <span class='ocrx_word' id='word_1_316' title='bbox 596 2474 686 2530; x_wconf 87' lang='lat' dir='ltr'><strong>super</strong></span> <span class='ocrx_word' id='word_1_317' title='bbox 709 2473 741 2513; x_wconf 88' lang='lat' dir='ltr'><strong>se</strong></span> <span class='ocrx_word' id='word_1_318' title='bbox 763 2456 892 2513; x_wconf 84' lang='lat' dir='ltr'><strong>sentiens</strong></span> <span class='ocrx_word' id='word_1_319' title='bbox 942 2458 1007 2530; x_wconf 86' lang='lat' dir='ltr'><strong>jugi</strong></span> <span class='ocrx_word' id='word_1_320' title='bbox 1017 2457 1315 2529; x_wconf 90' lang='lat' dir='ltr'><strong>studioinformabat;</strong></span> <span class='ocrx_word' id='word_1_321' title='bbox 1327 2459 1507 2532; x_wconf 90' lang='lat' dir='ltr'><strong>pauperibus</strong></span> <span class='ocrx_word' id='word_1_322' title='bbox 1517 2459 1605 2515; x_wconf 90' lang='lat' dir='ltr'><strong>etiam</strong></span> <span class='ocrx_word' id='word_1_323' title='bbox 1615 2458 1776 2515; x_wconf 87' lang='lat' dir='ltr'><strong>veluthile·</strong></span> 
     </span>
     <span class='ocr_line' id='line_1_26' title="bbox 58 2544 1774 2622; baseline -0.003 -14"><span class='ocrx_word' id='word_1_324' title='bbox 58 2549 198 2619; x_wconf 80' lang='lat' dir='ltr'><strong>exsilivit,</strong></span> <span class='ocrx_word' id='word_1_325' title='bbox 214 2549 317 2622; x_wconf 87' lang='lat' dir='ltr'><strong>sicque</strong></span> <span class='ocrx_word' id='word_1_326' title='bbox 341 2566 394 2605; x_wconf 86' lang='lat' dir='ltr'><strong>vas</strong></span> <span class='ocrx_word' id='word_1_327' title='bbox 417 2551 450 2603; x_wconf 91' lang='lat' dir='ltr'><strong>nt</strong></span> <span class='ocrx_word' id='word_1_328' title='bbox 464 2547 585 2620; x_wconf 89' lang='lat' dir='ltr'><strong>plenum</strong></span> <span class='ocrx_word' id='word_1_329' title='bbox 610 2547 706 2604; x_wconf 88' lang='lat' dir='ltr'><strong>fuerat</strong></span> <span class='ocrx_word' id='word_1_330' title='bbox 729 2544 791 2602; x_wconf 94' lang='lat' dir='ltr'><strong>solo</strong></span> <span class='ocrx_word' id='word_1_331' title='bbox 806 2549 893 2602; x_wconf 87' lang='lat' dir='ltr'><strong>tenus</strong></span> <span class='ocrx_word' id='word_1_332' title='bbox 947 2547 988 2602; x_wconf 90' lang='lat' dir='ltr'><strong>ris</strong></span> <span class='ocrx_word' id='word_1_333' title='bbox 998 2546 1084 2602; x_wconf 88' lang='lat' dir='ltr'><strong>dator</strong></span> <span class='ocrx_word' id='word_1_334' title='bbox 1094 2564 1148 2603; x_wconf 91' lang='lat' dir='ltr'><strong>sua</strong></span> <span class='ocrx_word' id='word_1_335' title='bbox 1159 2546 1281 2603; x_wconf 89' lang='lat' dir='ltr'><strong>minime</strong></span> <span class='ocrx_word' id='word_1_336' title='bbox 1293 2548 1435 2621; x_wconf 88' lang='lat' dir='ltr'><strong>negabat:</strong></span> <span class='ocrx_word' id='word_1_337' title='bbox 1449 2564 1518 2603; x_wconf 88' lang='lat' dir='ltr'><strong>nam</strong></span> <span class='ocrx_word' id='word_1_338' title='bbox 1528 2547 1649 2604; x_wconf 89' lang='lat' dir='ltr'><strong>clericos</strong></span> <span class='ocrx_word' id='word_1_339' title='bbox 1660 2547 1735 2620; x_wconf 85' lang='lat' dir='ltr'><strong>stipe</strong></span> <span class='ocrx_word' id='word_1_340' title='bbox 1745 2551 1774 2605; x_wconf 89' lang='lat' dir='ltr'><strong>et</strong></span> 
     </span>
     <span class='ocr_line' id='line_1_27' title="bbox 61 2634 1777 2714; baseline -0.002 -17"><span class='ocrx_word' id='word_1_341' title='bbox 61 2639 203 2714; x_wconf 78' lang='lat' dir='ltr'><strong>projecit:</strong></span> <span class='ocrx_word' id='word_1_342' title='bbox 221 2638 298 2695; x_wconf 89' lang='lat' dir='ltr'><strong>mira</strong></span> <span class='ocrx_word' id='word_1_343' title='bbox 313 2655 360 2695; x_wconf 89' lang='lat' dir='ltr'><strong>res</strong></span> <span class='ocrx_word' id='word_1_344' title='bbox 376 2655 383 2692; x_wconf 76' lang='grc' dir='ltr'>ε</span> <span class='ocrx_word' id='word_1_345' title='bbox 399 2654 449 2692; x_wconf 90' lang='lat' dir='ltr'><strong>vas</strong></span> <span class='ocrx_word' id='word_1_346' title='bbox 465 2636 544 2693; x_wconf 91' lang='lat' dir='ltr'><strong>enim</strong></span> <span class='ocrx_word' id='word_1_347' title='bbox 560 2640 593 2692; x_wconf 89' lang='lat' dir='ltr'><strong>ut</strong></span> <span class='ocrx_word' id='word_1_348' title='bbox 606 2634 726 2709; x_wconf 89' lang='lat' dir='ltr'><strong>plenum</strong></span> <span class='ocrx_word' id='word_1_349' title='bbox 742 2635 847 2702; x_wconf 86' lang='lat' dir='ltr'><strong>fuerat,</strong></span> <span class='ocrx_word' id='word_1_350' title='bbox 859 2648 892 2689; x_wconf 83' lang='lat' dir='ltr'><strong>eo</strong></span> <span class='ocrx_word' id='word_1_351' title='bbox 946 2635 1076 2691; x_wconf 90' lang='lat' dir='ltr'><strong>vestibus</strong></span> <span class='ocrx_word' id='word_1_352' title='bbox 1088 2635 1263 2708; x_wconf 80' lang='lat' dir='ltr'><strong>indigentes,</strong></span> <span class='ocrx_word' id='word_1_353' title='bbox 1276 2636 1406 2708; x_wconf 91' lang='lat' dir='ltr'><strong>quandiu</strong></span> <span class='ocrx_word' id='word_1_354' title='bbox 1423 2638 1644 2705; x_wconf 73' lang='lat' dir='ltr'><strong>aderat,.secum</strong></span> <span class='ocrx_word' id='word_1_355' title='bbox 1657 2641 1690 2692; x_wconf 92' lang='lat' dir='ltr'><strong>ut</strong></span> <span class='ocrx_word' id='word_1_356' title='bbox 1700 2635 1777 2693; x_wconf 87' lang='lat' dir='ltr'><strong>lilios</strong></span> 
     </span>
     <span class='ocr_line' id='line_1_28' title="bbox 60 2723 1773 2798; baseline -0.002 -12"><span class='ocrx_word' id='word_1_357' title='bbox 60 2730 86 2786; x_wconf 80' lang='lat' dir='ltr'><strong>ci</strong></span> <span class='ocrx_word' id='word_1_358' title='bbox 112 2728 257 2786; x_wconf 84' lang='lat' dir='ltr'><strong>manibus</strong></span> <span class='ocrx_word' id='word_1_359' title='bbox 281 2726 387 2784; x_wconf 90' lang='lat' dir='ltr'><strong>leniter</strong></span> <span class='ocrx_word' id='word_1_360' title='bbox 414 2727 618 2798; x_wconf 87' lang='lat' dir='ltr'><strong>deponeretur,</strong></span> <span class='ocrx_word' id='word_1_361' title='bbox 640 2740 730 2796; x_wconf 88' lang='lat' dir='ltr'><strong>super</strong></span> <span class='ocrx_word' id='word_1_362' title='bbox 755 2723 891 2780; x_wconf 86' lang='lat' dir='ltr'><strong>tellurem</strong></span> <span class='ocrx_word' id='word_1_363' title='bbox 947 2724 1107 2791; x_wconf 87' lang='lat' dir='ltr'><strong>reficiebat,</strong></span> <span class='ocrx_word' id='word_1_364' title='bbox 1136 2729 1298 2797; x_wconf 87' lang='lat' dir='ltr'><strong>cunctaque</strong></span> <span class='ocrx_word' id='word_1_365' title='bbox 1325 2725 1490 2781; x_wconf 86' lang='lat' dir='ltr'><strong>necessaria</strong></span> <span class='ocrx_word' id='word_1_366' title='bbox 1519 2724 1773 2782; x_wconf 74' lang='lat' dir='ltr'><strong>subministrabat.</strong></span> 
     </span>
     <span class='ocr_line' id='line_1_29' title="bbox 60 2811 1842 2889; baseline -0.003 -14"><span class='ocrx_word' id='word_1_367' title='bbox 60 2817 182 2885; x_wconf 85' lang='lat' dir='ltr'><strong>resedit,</strong></span> <span class='ocrx_word' id='word_1_368' title='bbox 198 2814 381 2889; x_wconf 89' lang='lat' dir='ltr'><strong>etaqoasin</strong></span> <span class='ocrx_word' id='word_1_369' title='bbox 397 2831 470 2882; x_wconf 90' lang='lat' dir='ltr'><strong>sese,</strong></span> <span class='ocrx_word' id='word_1_370' title='bbox 486 2829 523 2871; x_wconf 87' lang='lat' dir='ltr'><strong>ns</strong></span> <span class='ocrx_word' id='word_1_371' title='bbox 545 2816 742 2887; x_wconf 85' lang='lat' dir='ltr'><strong>vergerentur,</strong></span> <span class='ocrx_word' id='word_1_372' title='bbox 760 2811 891 2869; x_wconf 86' lang='lat' dir='ltr'><strong>retinuit.</strong></span> <span class='ocrx_word' id='word_1_373' title='bbox 947 2812 1059 2870; x_wconf 69' lang='lat' dir='ltr'><strong>alicubi</strong></span> <span class='ocrx_word' id='word_1_374' title='bbox 1083 2830 1201 2886; x_wconf 88' lang='lat' dir='ltr'><strong>quoque</strong></span> <span class='ocrx_word' id='word_1_375' title='bbox 1225 2814 1414 2886; x_wconf 87' lang='lat' dir='ltr'><strong>proficiscens</strong></span> <span class='ocrx_word' id='word_1_376' title='bbox 1429 2813 1604 2871; x_wconf 88' lang='lat' dir='ltr'><strong>nominatim</strong></span> <span class='ocrx_word' id='word_1_377' title='bbox 1629 2813 1773 2887; x_wconf 88' lang='lat' dir='ltr'><strong>singulos,</strong></span> <span class='ocrx_word' id='word_1_378' title='bbox 1839 2826 1842 2830; x_wconf 82' lang='lat'>·</span> 
     </span>
     <span class='ocr_line' id='line_1_30' title="bbox 63 2900 1777 2977; baseline -0.002 -14"><span class='ocrx_word' id='word_1_379' title='bbox 63 2906 158 2963; x_wconf 75' lang='lat' dir='ltr'><strong>ffirati</strong></span> <span class='ocrx_word' id='word_1_380' title='bbox 170 2909 246 2963; x_wconf 85' lang='lat' dir='ltr'><strong>sunt</strong></span> <span class='ocrx_word' id='word_1_381' title='bbox 259 2904 423 2977; x_wconf 87' lang='lat' dir='ltr'><strong>omnesqui</strong></span> <span class='ocrx_word' id='word_1_382' title='bbox 439 2905 571 2960; x_wconf 88' lang='lat' dir='ltr'><strong>aderant.</strong></span> <span class='ocrx_word' id='word_1_383' title='bbox 584 2903 665 2959; x_wconf 85' lang='lat' dir='ltr'><strong>Idem</strong></span> <span class='ocrx_word' id='word_1_384' title='bbox 680 2918 798 2975; x_wconf 90' lang='lat' dir='ltr'><strong>quoque</strong></span> <span class='ocrx_word' id='word_1_385' title='bbox 813 2900 891 2974; x_wconf 80' lang='lat' dir='ltr'><strong>lym·</strong></span> <span class='ocrx_word' id='word_1_386' title='bbox 948 2917 1022 2974; x_wconf 90' lang='lat' dir='ltr'><strong>quos</strong></span> <span class='ocrx_word' id='word_1_387' title='bbox 1034 2902 1209 2959; x_wconf 87' lang='lat' dir='ltr'><strong>neccessitas</strong></span> <span class='ocrx_word' id='word_1_388' title='bbox 1215 2904 1349 2976; x_wconf 86' lang='lat' dir='ltr'><strong>urgebat,</strong></span> <span class='ocrx_word' id='word_1_389' title='bbox 1356 2907 1475 2976; x_wconf 88' lang='lat' dir='ltr'><strong>proptor</strong></span> <span class='ocrx_word' id='word_1_390' title='bbox 1482 2903 1656 2960; x_wconf 89' lang='lat' dir='ltr'><strong>canonicum</strong></span> <span class='ocrx_word' id='word_1_391' title='bbox 1667 2902 1777 2959; x_wconf 85' lang='lat' dir='ltr'><strong>victum</strong></span> 
     </span>
     <span class='ocr_line' id='line_1_31' title="bbox 63 2990 1774 3068; baseline -0.002 -17"><span class='ocrx_word' id='word_1_392' title='bbox 63 2995 152 3068; x_wconf 81' lang='lat' dir='ltr'><strong>phem</strong></span> <span class='ocrx_word' id='word_1_393' title='bbox 167 2994 207 3052; x_wconf 86' lang='lat' dir='ltr'><strong>ad</strong></span> <span class='ocrx_word' id='word_1_394' title='bbox 222 3009 255 3050; x_wconf 88' lang='lat' dir='ltr'><strong>se</strong></span> <span class='ocrx_word' id='word_1_395' title='bbox 269 2994 391 3050; x_wconf 89' lang='lat' dir='ltr'><strong>demum</strong></span> <span class='ocrx_word' id='word_1_396' title='bbox 406 2992 546 3065; x_wconf 90' lang='lat' dir='ltr'><strong>reportari</strong></span> <span class='ocrx_word' id='word_1_397' title='bbox 558 2991 662 3063; x_wconf 72' lang='lat' dir='ltr'><strong>iussit,</strong></span> <span class='ocrx_word' id='word_1_398' title='bbox 676 2994 706 3046; x_wconf 89' lang='lat' dir='ltr'><strong>et</strong></span> <span class='ocrx_word' id='word_1_399' title='bbox 719 3007 827 3046; x_wconf 89' lang='lat' dir='ltr'><strong>nomen</strong></span> <span class='ocrx_word' id='word_1_400' title='bbox 838 2990 892 3045; x_wconf 94' lang='lat' dir='ltr'><strong>Do·</strong></span> <span class='ocrx_word' id='word_1_401' title='bbox 943 2991 1055 3064; x_wconf 89' lang='lat' dir='ltr'><strong>jugiter</strong></span> <span class='ocrx_word' id='word_1_402' title='bbox 1070 2990 1172 3060; x_wconf 88' lang='lat' dir='ltr'><strong>diario,</strong></span> <span class='ocrx_word' id='word_1_403' title='bbox 1185 2992 1277 3048; x_wconf 89' lang='lat' dir='ltr'><strong>donec</strong></span> <span class='ocrx_word' id='word_1_404' title='bbox 1289 2993 1408 3061; x_wconf 86' lang='lat' dir='ltr'><strong>rediret,</strong></span> <span class='ocrx_word' id='word_1_405' title='bbox 1425 2992 1569 3049; x_wconf 89' lang='lat' dir='ltr'><strong>ministris</strong></span> <span class='ocrx_word' id='word_1_406' title='bbox 1582 2991 1659 3049; x_wconf 85' lang='lat' dir='ltr'><strong>alere</strong></span> <span class='ocrx_word' id='word_1_407' title='bbox 1674 2992 1774 3065; x_wconf 85' lang='lat' dir='ltr'><strong>praci-</strong></span> 
     </span>
     <span class='ocr_line' id='line_1_32' title="bbox 63 3078 1776 3153; baseline -0.002 -12"><span class='ocrx_word' id='word_1_408' title='bbox 63 3083 136 3141; x_wconf 87' lang='lat' dir='ltr'><strong>mini</strong></span> <span class='ocrx_word' id='word_1_409' title='bbox 164 3082 345 3139; x_wconf 86' lang='lat' dir='ltr'><strong>benedicens</strong></span> <span class='ocrx_word' id='word_1_410' title='bbox 371 3080 621 3138; x_wconf 88' lang='lat' dir='ltr'><strong>sufficientissime</strong></span> <span class='ocrx_word' id='word_1_411' title='bbox 648 3078 757 3146; x_wconf 88' lang='lat' dir='ltr'><strong>hausit,</strong></span> <span class='ocrx_word' id='word_1_412' title='bbox 781 3094 894 3151; x_wconf 88' lang='lat' dir='ltr'><strong>suoque</strong></span> <span class='ocrx_word' id='word_1_413' title='bbox 948 3080 1055 3153; x_wconf 85' lang='lat' dir='ltr'><strong>piebat.</strong></span> <span class='ocrx_word' id='word_1_414' title='bbox 1073 3080 1167 3153; x_wconf 88' lang='lat' dir='ltr'><strong>Hujus</strong></span> <span class='ocrx_word' id='word_1_415' title='bbox 1182 3086 1244 3136; x_wconf 90' lang='lat' dir='ltr'><strong>erat</strong></span> <span class='ocrx_word' id='word_1_416' title='bbox 1259 3080 1459 3153; x_wconf 86' lang='lat' dir='ltr'><strong>studii,hujus</strong></span> <span class='ocrx_word' id='word_1_417' title='bbox 1474 3081 1682 3138; x_wconf 89' lang='lat' dir='ltr'><strong>sollicitudinis</strong></span> <span class='ocrx_word' id='word_1_418' title='bbox 1698 3081 1776 3138; x_wconf 83' lang='lat' dir='ltr'><strong>uide</strong></span> 
     </span>
     <span class='ocr_line' id='line_1_33' title="bbox 61 3154 1777 3247; baseline -0.003 -16"><span class='ocrx_word' id='word_1_419' title='bbox 61 3173 238 3247; x_wconf 74' lang='lat' dir='ltr'><strong>coepiscopo</strong></span> <span class='ocrx_word' id='word_1_420' title='bbox 251 3175 281 3229; x_wconf 89' lang='lat' dir='ltr'><strong>el</strong></span> <span class='ocrx_word' id='word_1_421' title='bbox 291 3170 411 3244; x_wconf 85' lang='lat' dir='ltr'><strong>reliquis</strong></span> <span class='ocrx_word' id='word_1_422' title='bbox 426 3169 480 3227; x_wconf 88' lang='lat' dir='ltr'><strong>hoe</strong></span> <span class='ocrx_word' id='word_1_423' title='bbox 493 3169 710 3226; x_wconf 79' lang='lat' dir='ltr'><strong>admirantibus</strong></span> <span class='ocrx_word' id='word_1_424' title='bbox 734 3167 893 3225; x_wconf 87' lang='lat' dir='ltr'><strong>bibendam</strong></span> <span class='ocrx_word' id='word_1_425' title='bbox 909 3154 931 3221; x_wconf 85' lang='lat' dir='ltr'>C</span> <span class='ocrx_word' id='word_1_426' title='bbox 949 3167 1015 3225; x_wconf 89' lang='lat' dir='ltr'><strong>ovili</strong></span> <span class='ocrx_word' id='word_1_427' title='bbox 1033 3169 1184 3225; x_wconf 91' lang='lat' dir='ltr'><strong>Dominioo</strong></span> <span class='ocrx_word' id='word_1_428' title='bbox 1196 3169 1307 3226; x_wconf 87' lang='lat' dir='ltr'><strong>nullam</strong></span> <span class='ocrx_word' id='word_1_429' title='bbox 1319 3187 1401 3227; x_wconf 88' lang='lat' dir='ltr'><strong>ovem</strong></span> <span class='ocrx_word' id='word_1_430' title='bbox 1412 3168 1473 3243; x_wconf 93' lang='lat' dir='ltr'><strong>lupi</strong></span> <span class='ocrx_word' id='word_1_431' title='bbox 1486 3169 1777 3244; x_wconf 87' lang='lat' dir='ltr'><strong>jugiterinsidiantis</strong></span> 
     </span>
     <span class='ocr_line' id='line_1_34' title="bbox 64 3253 1777 3333; baseline -0.002 -15"><span class='ocrx_word' id='word_1_432' title='bbox 64 3261 155 3318; x_wconf 87' lang='lat' dir='ltr'><strong>dedit.</strong></span> <span class='ocrx_word' id='word_1_433' title='bbox 169 3261 230 3318; x_wconf 87' lang='lat' dir='ltr'><strong>lloc</strong></span> <span class='ocrx_word' id='word_1_434' title='bbox 250 3259 391 3317; x_wconf 88' lang='lat' dir='ltr'><strong>meritum</strong></span> <span class='ocrx_word' id='word_1_435' title='bbox 414 3257 505 3314; x_wconf 88' lang='lat' dir='ltr'><strong>fuisse</strong></span> <span class='ocrx_word' id='word_1_436' title='bbox 529 3256 677 3330; x_wconf 83' lang='lat' dir='ltr'><strong>pontificis</strong></span> <span class='ocrx_word' id='word_1_437' title='bbox 701 3253 849 3320; x_wconf 88' lang='lat' dir='ltr'><strong>Herifridi,</strong></span> <span class='ocrx_word' id='word_1_438' title='bbox 865 3257 896 3310; x_wconf 89' lang='lat' dir='ltr'><strong>et</strong></span> <span class='ocrx_word' id='word_1_439' title='bbox 947 3274 1065 3314; x_wconf 90' lang='lat' dir='ltr'><strong>morsus</strong></span> <span class='ocrx_word' id='word_1_440' title='bbox 1078 3257 1228 3324; x_wconf 85' lang='lat' dir='ltr'><strong>laceraret,</strong></span> <span class='ocrx_word' id='word_1_441' title='bbox 1244 3259 1295 3315; x_wconf 87' lang='lat' dir='ltr'><strong>sed</strong></span> <span class='ocrx_word' id='word_1_442' title='bbox 1311 3263 1345 3314; x_wconf 92' lang='lat' dir='ltr'><strong>ut</strong></span> <span class='ocrx_word' id='word_1_443' title='bbox 1359 3260 1455 3316; x_wconf 90' lang='lat' dir='ltr'><strong>bonus</strong></span> <span class='ocrx_word' id='word_1_444' title='bbox 1470 3263 1571 3332; x_wconf 89' lang='lat' dir='ltr'><strong>pastor</strong></span> <span class='ocrx_word' id='word_1_445' title='bbox 1580 3276 1699 3333; x_wconf 87' lang='lat' dir='ltr'><strong>gregem</strong></span> <span class='ocrx_word' id='word_1_446' title='bbox 1720 3258 1777 3315; x_wconf 88' lang='lat' dir='ltr'><strong>sibl</strong></span> 
     </span>
     <span class='ocr_line' id='line_1_35' title="bbox 63 3343 1779 3421; baseline -0.003 -15"><span class='ocrx_word' id='word_1_447' title='bbox 63 3349 178 3408; x_wconf 89' lang='lat' dir='ltr'><strong>domini</strong></span> <span class='ocrx_word' id='word_1_448' title='bbox 193 3348 312 3407; x_wconf 80' lang='lat' dir='ltr'><strong>Rithnei</strong></span> <span class='ocrx_word' id='word_1_449' title='bbox 328 3364 414 3407; x_wconf 90' lang='lat' dir='ltr'><strong>nemo</strong></span> <span class='ocrx_word' id='word_1_450' title='bbox 429 3362 535 3403; x_wconf 89' lang='lat' dir='ltr'><strong>sanum</strong></span> <span class='ocrx_word' id='word_1_451' title='bbox 550 3346 668 3418; x_wconf 89' lang='lat' dir='ltr'><strong>sapiens</strong></span> <span class='ocrx_word' id='word_1_452' title='bbox 692 3343 814 3400; x_wconf 84' lang='lat' dir='ltr'><strong>dubitet.</strong></span> <span class='ocrx_word' id='word_1_453' title='bbox 831 3343 893 3401; x_wconf 80' lang='lat' dir='ltr'><strong>Ge·</strong></span> <span class='ocrx_word' id='word_1_454' title='bbox 948 3347 1092 3404; x_wconf 88' lang='lat' dir='ltr'><strong>creditum</strong></span> <span class='ocrx_word' id='word_1_455' title='bbox 1113 3347 1286 3421; x_wconf 87' lang='lat' dir='ltr'><strong>jejunando,</strong></span> <span class='ocrx_word' id='word_1_456' title='bbox 1303 3349 1511 3421; x_wconf 87' lang='lat' dir='ltr'><strong>pernoctando,</strong></span> <span class='ocrx_word' id='word_1_457' title='bbox 1535 3349 1645 3404; x_wconf 87' lang='lat' dir='ltr'><strong>orando</strong></span> <span class='ocrx_word' id='word_1_458' title='bbox 1666 3347 1779 3420; x_wconf 85' lang='lat' dir='ltr'><strong>jugiter</strong></span> 
     </span>
     <span class='ocr_line' id='line_1_36' title="bbox 64 3431 1135 3513; baseline -0.005 -17"><span class='ocrx_word' id='word_1_459' title='bbox 64 3443 160 3496; x_wconf 84' lang='lat' dir='ltr'><strong>feram</strong></span> <span class='ocrx_word' id='word_1_460' title='bbox 170 3442 240 3513; x_wconf 84' lang='lat' dir='ltr'><strong>post</strong></span> <span class='ocrx_word' id='word_1_461' title='bbox 252 3437 341 3511; x_wconf 88' lang='lat' dir='ltr'><strong>longa</strong></span> <span class='ocrx_word' id='word_1_462' title='bbox 353 3435 431 3492; x_wconf 87' lang='lat' dir='ltr'><strong>inter</strong></span> <span class='ocrx_word' id='word_1_463' title='bbox 444 3450 477 3492; x_wconf 90' lang='lat' dir='ltr'><strong>se</strong></span> <span class='ocrx_word' id='word_1_464' title='bbox 497 3433 636 3492; x_wconf 88' lang='lat' dir='ltr'><strong>affamina</strong></span> <span class='ocrx_word' id='word_1_465' title='bbox 655 3435 683 3491; x_wconf 89' lang='lat' dir='ltr'><strong>et</strong></span> <span class='ocrx_word' id='word_1_466' title='bbox 708 3431 806 3489; x_wconf 90' lang='lat' dir='ltr'><strong>dulcia</strong></span> <span class='ocrx_word' id='word_1_467' title='bbox 820 3432 896 3488; x_wconf 89' lang='lat' dir='ltr'><strong>inter</strong></span> <span class='ocrx_word' id='word_1_468' title='bbox 949 3436 1135 3493; x_wconf 83' lang='lat' dir='ltr'><strong>defendebat.</strong></span> 
     </span>
     <span class='ocr_line' id='line_1_37' title="bbox 64 3522 1780 3599; baseline -0.004 -13"><span class='ocrx_word' id='word_1_469' title='bbox 64 3531 185 3586; x_wconf 67' lang='lat' dir='ltr'><strong>unctos</strong></span> <span class='ocrx_word' id='word_1_470' title='bbox 199 3524 312 3594; x_wconf 86' lang='lat' dir='ltr'><strong>oscula,</strong></span> <span class='ocrx_word' id='word_1_471' title='bbox 329 3523 438 3598; x_wconf 86' lang='lat' dir='ltr'><strong>quique</strong></span> <span class='ocrx_word' id='word_1_472' title='bbox 454 3523 603 3581; x_wconf 90' lang='lat' dir='ltr'><strong>redierunt</strong></span> <span class='ocrx_word' id='word_1_473' title='bbox 617 3522 647 3579; x_wconf 93' lang='lat' dir='ltr'><strong>in</strong></span> <span class='ocrx_word' id='word_1_474' title='bbox 663 3539 727 3578; x_wconf 88' lang='lat' dir='ltr'><strong>sua.</strong></span> <span class='ocrx_word' id='word_1_475' title='bbox 984 3524 1060 3581; x_wconf 92' lang='lat' dir='ltr'><strong>Dum</strong></span> <span class='ocrx_word' id='word_1_476' title='bbox 1075 3524 1146 3581; x_wconf 86' lang='lat' dir='ltr'><strong>tolia</strong></span> <span class='ocrx_word' id='word_1_477' title='bbox 1161 3525 1595 3599; x_wconf 87' lang='lat' dir='ltr'><strong>aguntur,omnipotentissima</strong></span> <span class='ocrx_word' id='word_1_478' title='bbox 1610 3523 1780 3597; x_wconf 83' lang='lat' dir='ltr'><strong>dispositrix</strong></span> 
     </span>
     <span class='ocr_line' id='line_1_38' title="bbox 98 3610 1781 3690; baseline -0.005 -16"><span class='ocrx_word' id='word_1_479' title='bbox 98 3616 235 3690; x_wconf 59' lang='lat' dir='ltr'><strong>&amp;mque</strong></span> <span class='ocrx_word' id='word_1_480' title='bbox 249 3615 286 3671; x_wconf 86' lang='lat' dir='ltr'><strong>ad</strong></span> <span class='ocrx_word' id='word_1_481' title='bbox 302 3614 428 3671; x_wconf 88' lang='lat' dir='ltr'><strong>civitatis</strong></span> <span class='ocrx_word' id='word_1_482' title='bbox 444 3612 552 3669; x_wconf 90' lang='lat' dir='ltr'><strong>moenia</strong></span> <span class='ocrx_word' id='word_1_483' title='bbox 566 3612 705 3668; x_wconf 91' lang='lat' dir='ltr'><strong>dominus</strong></span> <span class='ocrx_word' id='word_1_484' title='bbox 729 3610 895 3667; x_wconf 88' lang='lat' dir='ltr'><strong>llerifridus</strong></span> <span class='ocrx_word' id='word_1_485' title='bbox 949 3618 979 3670; x_wconf 87' lang='lat' dir='ltr'><strong>et</strong></span> <span class='ocrx_word' id='word_1_486' title='bbox 989 3613 1166 3669; x_wconf 83' lang='lat' dir='ltr'><strong>moderatrix</strong></span> <span class='ocrx_word' id='word_1_487' title='bbox 1177 3613 1348 3685; x_wconf 77' lang='lat' dir='ltr'><strong>equissimo</strong></span> <span class='ocrx_word' id='word_1_488' title='bbox 1358 3615 1509 3671; x_wconf 82' lang='lat' dir='ltr'><strong>Deivirtus</strong></span> <span class='ocrx_word' id='word_1_489' title='bbox 1518 3614 1625 3685; x_wconf 88' lang='lat' dir='ltr'><strong>Deique</strong></span> <span class='ocrx_word' id='word_1_490' title='bbox 1636 3612 1781 3686; x_wconf 86' lang='lat' dir='ltr'><strong>sapientia</strong></span> 
     </span>
     <span class='ocr_line' id='line_1_39' title="bbox 65 3699 1778 3777; baseline -0.005 -13"><span class='ocrx_word' id='word_1_491' title='bbox 65 3705 159 3764; x_wconf 86' lang='lat' dir='ltr'><strong>redire</strong></span> <span class='ocrx_word' id='word_1_492' title='bbox 173 3703 353 3777; x_wconf 87' lang='lat' dir='ltr'><strong>disponeret,</strong></span> <span class='ocrx_word' id='word_1_493' title='bbox 370 3703 543 3774; x_wconf 87' lang='lat' dir='ltr'><strong>deprecatus</strong></span> <span class='ocrx_word' id='word_1_494' title='bbox 557 3704 602 3757; x_wconf 87' lang='lat' dir='ltr'><strong>est</strong></span> <span class='ocrx_word' id='word_1_495' title='bbox 616 3702 680 3772; x_wconf 87' lang='lat' dir='ltr'><strong>ejus</strong></span> <span class='ocrx_word' id='word_1_496' title='bbox 704 3699 895 3771; x_wconf 88' lang='lat' dir='ltr'><strong>magnificen·</strong></span> <span class='ocrx_word' id='word_1_497' title='bbox 949 3701 1053 3758; x_wconf 87' lang='lat' dir='ltr'><strong>famuli</strong></span> <span class='ocrx_word' id='word_1_498' title='bbox 1070 3702 1114 3759; x_wconf 90' lang='lat' dir='ltr'><strong>sui</strong></span> <span class='ocrx_word' id='word_1_499' title='bbox 1128 3703 1265 3758; x_wconf 89' lang='lat' dir='ltr'><strong>moritum</strong></span> <span class='ocrx_word' id='word_1_500' title='bbox 1281 3703 1405 3775; x_wconf 87' lang='lat' dir='ltr'><strong>probare</strong></span> <span class='ocrx_word' id='word_1_501' title='bbox 1417 3719 1475 3758; x_wconf 91' lang='lat' dir='ltr'><strong>non</strong></span> <span class='ocrx_word' id='word_1_502' title='bbox 1491 3701 1624 3758; x_wconf 88' lang='lat' dir='ltr'><strong>distulit:</strong></span> <span class='ocrx_word' id='word_1_503' title='bbox 1638 3718 1704 3757; x_wconf 89' lang='lat' dir='ltr'><strong>nam</strong></span> <span class='ocrx_word' id='word_1_504' title='bbox 1717 3717 1778 3773; x_wconf 81' lang='lat' dir='ltr'><strong>pro</strong></span> 
     </span>
     <span class='ocr_line' id='line_1_40' title="bbox 65 3787 1828 3864; baseline -0.003 -13"><span class='ocrx_word' id='word_1_505' title='bbox 65 3795 138 3851; x_wconf 86' lang='lat' dir='ltr'><strong>tiam</strong></span> <span class='ocrx_word' id='word_1_506' title='bbox 153 3792 396 3851; x_wconf 74' lang='lat' dir='ltr'><strong>Hermembertus</strong></span> <span class='ocrx_word' id='word_1_507' title='bbox 411 3790 453 3847; x_wconf 93' lang='lat' dir='ltr'><strong>illi</strong></span> <span class='ocrx_word' id='word_1_508' title='bbox 469 3789 740 3861; x_wconf 68' lang='lat' dir='ltr'><strong>fidelissimaeque</strong></span> <span class='ocrx_word' id='word_1_509' title='bbox 755 3788 785 3844; x_wconf 91' lang='lat' dir='ltr'><strong>in</strong></span> <span class='ocrx_word' id='word_1_510' title='bbox 806 3787 897 3844; x_wconf 91' lang='lat' dir='ltr'><strong>eccle·</strong></span> <span class='ocrx_word' id='word_1_511' title='bbox 950 3788 1781 3864; x_wconf 80' lang='lat' dir='ltr'><strong>linuslanguorcompagemcorporisgraviterdissolvere</strong></span> <span class='ocrx_word' id='word_1_512' title='bbox 1822 3789 1828 3796; x_wconf 82' lang='lat'><em>&#39;</em></span> 
     </span>
     <span class='ocr_line' id='line_1_41' title="bbox 65 3863 1781 3952; baseline -0.004 -12"><span class='ocrx_word' id='word_1_513' title='bbox 65 3883 141 3940; x_wconf 74' lang='grc' dir='ltr'><strong>οἰιω</strong></span> <span class='ocrx_word' id='word_1_514' title='bbox 156 3880 253 3941; x_wconf 83' lang='lat' dir='ltr'><strong>sancti</strong></span> <span class='ocrx_word' id='word_1_515' title='bbox 267 3881 390 3938; x_wconf 75' lang='lat' dir='ltr'><strong>Andr-em</strong></span> <span class='ocrx_word' id='word_1_516' title='bbox 405 3896 468 3952; x_wconf 80' lang='lat' dir='ltr'><strong>qua</strong></span> <span class='ocrx_word' id='word_1_517' title='bbox 483 3883 528 3936; x_wconf 88' lang='lat' dir='ltr'><strong>est</strong></span> <span class='ocrx_word' id='word_1_518' title='bbox 543 3879 572 3934; x_wconf 92' lang='lat' dir='ltr'><strong>in</strong></span> <span class='ocrx_word' id='word_1_519' title='bbox 588 3877 731 3951; x_wconf 86' lang='lat' dir='ltr'><strong>Gurgiaco</strong></span> <span class='ocrx_word' id='word_1_520' title='bbox 757 3894 791 3934; x_wconf 90' lang='lat' dir='ltr'><strong>ea</strong></span> <span class='ocrx_word' id='word_1_521' title='bbox 814 3879 898 3933; x_wconf 87' lang='lat' dir='ltr'><strong>nocte</strong></span> <span class='ocrx_word' id='word_1_522' title='bbox 950 3878 1049 3952; x_wconf 73' lang='lat' dir='ltr'><strong>erepit,</strong></span> <span class='ocrx_word' id='word_1_523' title='bbox 1064 3879 1106 3934; x_wconf 87' lang='lat' dir='ltr'><strong>ita</strong></span> <span class='ocrx_word' id='word_1_524' title='bbox 1121 3883 1153 3933; x_wconf 91' lang='lat' dir='ltr'><strong>ut</strong></span> <span class='ocrx_word' id='word_1_525' title='bbox 1168 3877 1283 3935; x_wconf 88' lang='lat' dir='ltr'><strong>nullum</strong></span> <span class='ocrx_word' id='word_1_526' title='bbox 1298 3880 1465 3934; x_wconf 89' lang='lat' dir='ltr'><strong>membrum</strong></span> <span class='ocrx_word' id='word_1_527' title='bbox 1490 3895 1543 3934; x_wconf 93' lang='lat' dir='ltr'><strong>suo</strong></span> <span class='ocrx_word' id='word_1_528' title='bbox 1567 3863 1683 3935; x_wconf 82' lang='lat' dir='ltr'><strong>valeret</strong></span> <span class='ocrx_word' id='word_1_529' title='bbox 1693 3876 1781 3950; x_wconf 84' lang='lat' dir='ltr'><strong>jungi</strong></span> 
     </span>
     <span class='ocr_line' id='line_1_42' title="bbox 67 3965 1779 4042; baseline -0.005 -11"><span class='ocrx_word' id='word_1_530' title='bbox 67 3975 239 4031; x_wconf 72' lang='lat' dir='ltr'><strong>moutam</strong></span> <span class='ocrx_word' id='word_1_531' title='bbox 253 3969 463 4036; x_wconf 83' lang='lat' dir='ltr'><strong>accederat,cui</strong></span> <span class='ocrx_word' id='word_1_532' title='bbox 478 3968 508 4024; x_wconf 93' lang='lat' dir='ltr'><strong>id</strong></span> <span class='ocrx_word' id='word_1_533' title='bbox 523 3969 602 4042; x_wconf 91' lang='lat' dir='ltr'><strong>quod</strong></span> <span class='ocrx_word' id='word_1_534' title='bbox 614 3967 731 4040; x_wconf 90' lang='lat' dir='ltr'><strong>petebat</strong></span> <span class='ocrx_word' id='word_1_535' title='bbox 741 3965 896 4023; x_wconf 87' lang='lat' dir='ltr'><strong>concessit.</strong></span> <span class='ocrx_word' id='word_1_536' title='bbox 952 3967 1060 4024; x_wconf 84' lang='lat' dir='ltr'><strong>officio.</strong></span> <span class='ocrx_word' id='word_1_537' title='bbox 1077 3967 1133 4023; x_wconf 90' lang='lat' dir='ltr'><strong>Nec</strong></span> <span class='ocrx_word' id='word_1_538' title='bbox 1144 3971 1247 4023; x_wconf 89' lang='lat' dir='ltr'><strong>tumen</strong></span> <span class='ocrx_word' id='word_1_539' title='bbox 1262 3967 1305 4024; x_wconf 93' lang='lat' dir='ltr'><strong>sic</strong></span> <span class='ocrx_word' id='word_1_540' title='bbox 1320 3984 1337 4022; x_wconf 92' lang='lat' dir='ltr'><strong>a</strong></span> <span class='ocrx_word' id='word_1_541' title='bbox 1353 3967 1403 4024; x_wconf 92' lang='lat' dir='ltr'><strong>Dei</strong></span> <span class='ocrx_word' id='word_1_542' title='bbox 1414 3967 1459 4023; x_wconf 91' lang='lat' dir='ltr'><strong>sui</strong></span> <span class='ocrx_word' id='word_1_543' title='bbox 1471 3967 1605 4023; x_wconf 90' lang='lat' dir='ltr'><strong>cessabat</strong></span> <span class='ocrx_word' id='word_1_544' title='bbox 1619 3966 1779 4040; x_wconf 87' lang='lat' dir='ltr'><strong>obsequio:</strong></span> 
     </span>
     <span class='ocr_line' id='line_1_43' title="bbox 66 4054 1783 4130; baseline -0.003 -12"><span class='ocrx_word' id='word_1_545' title='bbox 66 4060 118 4118; x_wconf 84' lang='lat' dir='ltr'><strong>libi</strong></span> <span class='ocrx_word' id='word_1_546' title='bbox 131 4077 169 4118; x_wconf 85' lang='lat' dir='ltr'><strong>ea</strong></span> <span class='ocrx_word' id='word_1_547' title='bbox 182 4060 232 4117; x_wconf 88' lang='lat' dir='ltr'><strong>dio</strong></span> <span class='ocrx_word' id='word_1_548' title='bbox 246 4062 380 4116; x_wconf 88' lang='lat' dir='ltr'><strong>moratus</strong></span> <span class='ocrx_word' id='word_1_549' title='bbox 395 4062 454 4125; x_wconf 83' lang='lat' dir='ltr'><strong>ert;</strong></span> <span class='ocrx_word' id='word_1_550' title='bbox 467 4073 594 4130; x_wconf 91' lang='lat' dir='ltr'><strong>cumque</strong></span> <span class='ocrx_word' id='word_1_551' title='bbox 607 4073 641 4114; x_wconf 89' lang='lat' dir='ltr'><strong>es</strong></span> <span class='ocrx_word' id='word_1_552' title='bbox 655 4072 719 4128; x_wconf 80' lang='lat' dir='ltr'><strong>que</strong></span> <span class='ocrx_word' id='word_1_553' title='bbox 729 4055 898 4129; x_wconf 87' lang='lat' dir='ltr'><strong>pontificem</strong></span> <span class='ocrx_word' id='word_1_554' title='bbox 951 4055 1140 4130; x_wconf 84' lang='lat' dir='ltr'><strong>linguaenim</strong></span> <span class='ocrx_word' id='word_1_555' title='bbox 1152 4054 1433 4113; x_wconf 86' lang='lat' dir='ltr'><strong>tantumincolumis</strong></span> <span class='ocrx_word' id='word_1_556' title='bbox 1444 4055 1546 4113; x_wconf 87' lang='lat' dir='ltr'><strong>laudes</strong></span> <span class='ocrx_word' id='word_1_557' title='bbox 1557 4055 1672 4113; x_wconf 89' lang='lat' dir='ltr'><strong>Domini</strong></span> <span class='ocrx_word' id='word_1_558' title='bbox 1685 4070 1783 4129; x_wconf 84' lang='lat' dir='ltr'><strong>perso-</strong></span> 
     </span>
     <span class='ocr_line' id='line_1_44' title="bbox 67 4145 1781 4221; baseline -0.004 -15"><span class='ocrx_word' id='word_1_559' title='bbox 67 4150 200 4217; x_wconf 86' lang='lat' dir='ltr'><strong>decebat,</strong></span> <span class='ocrx_word' id='word_1_560' title='bbox 215 4147 355 4221; x_wconf 82' lang='lat' dir='ltr'><strong>prefatus</strong></span> <span class='ocrx_word' id='word_1_561' title='bbox 384 4147 624 4204; x_wconf 85' lang='lat' dir='ltr'><strong>ldermembertus</strong></span> <span class='ocrx_word' id='word_1_562' title='bbox 650 4147 836 4219; x_wconf 80' lang='lat' dir='ltr'><strong>prepararet,</strong></span> <span class='ocrx_word' id='word_1_563' title='bbox 852 4160 897 4200; x_wconf 91' lang='lat' dir='ltr'><strong>re·</strong></span> <span class='ocrx_word' id='word_1_564' title='bbox 952 4146 1052 4213; x_wconf 85' lang='lat' dir='ltr'><strong>nabat,</strong></span> <span class='ocrx_word' id='word_1_565' title='bbox 1069 4145 1193 4218; x_wconf 88' lang='lat' dir='ltr'><strong>ejusque</strong></span> <span class='ocrx_word' id='word_1_566' title='bbox 1216 4149 1344 4202; x_wconf 67' lang='lat' dir='ltr'><strong>monmm</strong></span> <span class='ocrx_word' id='word_1_567' title='bbox 1369 4145 1536 4202; x_wconf 89' lang='lat' dir='ltr'><strong>divinarum</strong></span> <span class='ocrx_word' id='word_1_568' title='bbox 1561 4145 1781 4218; x_wconf 87' lang='lat' dir='ltr'><strong>Scripturarum</strong></span> 
     </span>
     <span class='ocr_line' id='line_1_45' title="bbox 70 4232 1783 4313; baseline -0.002 -19"><span class='ocrx_word' id='word_1_569' title='bbox 70 4243 154 4313; x_wconf 79' lang='lat' dir='ltr'><strong>pcata</strong></span> <span class='ocrx_word' id='word_1_570' title='bbox 171 4237 298 4297; x_wconf 86' lang='lat' dir='ltr'><strong>febrium</strong></span> <span class='ocrx_word' id='word_1_571' title='bbox 313 4252 420 4310; x_wconf 86' lang='lat' dir='ltr'><strong>rapere</strong></span> <span class='ocrx_word' id='word_1_572' title='bbox 433 4235 476 4293; x_wconf 88' lang='lat' dir='ltr'><strong>sio</strong></span> <span class='ocrx_word' id='word_1_573' title='bbox 491 4252 633 4292; x_wconf 86' lang='lat' dir='ltr'><strong>accensus</strong></span> <span class='ocrx_word' id='word_1_574' title='bbox 647 4237 744 4306; x_wconf 88' lang='lat' dir='ltr'><strong>cst,ut</strong></span> <span class='ocrx_word' id='word_1_575' title='bbox 758 4232 831 4290; x_wconf 91' lang='lat' dir='ltr'><strong>nihil</strong></span> <span class='ocrx_word' id='word_1_576' title='bbox 841 4232 899 4289; x_wconf 86' lang='lat' dir='ltr'><strong>nisi</strong></span> <span class='ocrx_word' id='word_1_577' title='bbox 953 4233 1105 4292; x_wconf 89' lang='lat' dir='ltr'><strong>meditatio</strong></span> <span class='ocrx_word' id='word_1_578' title='bbox 1120 4234 1302 4301; x_wconf 79' lang='lat' dir='ltr'><strong>confovebat,</strong></span> <span class='ocrx_word' id='word_1_579' title='bbox 1318 4237 1410 4307; x_wconf 89' lang='lat' dir='ltr'><strong>utque</strong></span> <span class='ocrx_word' id='word_1_580' title='bbox 1424 4234 1455 4290; x_wconf 93' lang='lat' dir='ltr'><strong>in</strong></span> <span class='ocrx_word' id='word_1_581' title='bbox 1469 4235 1567 4291; x_wconf 86' lang='lat' dir='ltr'><strong>futuro</strong></span> <span class='ocrx_word' id='word_1_582' title='bbox 1583 4232 1705 4290; x_wconf 90' lang='lat' dir='ltr'><strong>solutari</strong></span> <span class='ocrx_word' id='word_1_583' title='bbox 1728 4232 1783 4290; x_wconf 91' lang='lat' dir='ltr'><strong>ho·</strong></span> 
     </span>
     <span class='ocr_line' id='line_1_46' title="bbox 71 4321 1781 4396; baseline -0.005 -12"><span class='ocrx_word' id='word_1_584' title='bbox 71 4326 215 4384; x_wconf 76' lang='lat' dir='ltr'><strong>fervorem</strong></span> <span class='ocrx_word' id='word_1_585' title='bbox 226 4324 358 4383; x_wconf 76' lang='lat' dir='ltr'><strong>mutiret.</strong></span> <span class='ocrx_word' id='word_1_586' title='bbox 375 4325 456 4392; x_wconf 87' lang='lat' dir='ltr'><strong>Quod</strong></span> <span class='ocrx_word' id='word_1_587' title='bbox 481 4323 644 4381; x_wconf 88' lang='lat' dir='ltr'><strong>Herifridus</strong></span> <span class='ocrx_word' id='word_1_588' title='bbox 657 4321 803 4396; x_wconf 86' lang='lat' dir='ltr'><strong>gloriosus</strong></span> <span class='ocrx_word' id='word_1_589' title='bbox 821 4321 899 4393; x_wconf 89' lang='lat' dir='ltr'><strong>espi-</strong></span> <span class='ocrx_word' id='word_1_590' title='bbox 954 4323 1088 4396; x_wconf 74' lang='lat' dir='ltr'><strong>aliaque</strong></span> <span class='ocrx_word' id='word_1_591' title='bbox 1103 4323 1304 4392; x_wconf 88' lang='lat' dir='ltr'><strong>Christusest,</strong></span> <span class='ocrx_word' id='word_1_592' title='bbox 1320 4341 1379 4380; x_wconf 92' lang='lat' dir='ltr'><strong>non</strong></span> <span class='ocrx_word' id='word_1_593' title='bbox 1404 4323 1558 4396; x_wconf 84' lang='lat' dir='ltr'><strong>indigeret,</strong></span> <span class='ocrx_word' id='word_1_594' title='bbox 1575 4323 1639 4394; x_wconf 89' lang='lat' dir='ltr'><strong>ipse</strong></span> <span class='ocrx_word' id='word_1_595' title='bbox 1661 4321 1691 4377; x_wconf 90' lang='lat' dir='ltr'><strong>in</strong></span> <span class='ocrx_word' id='word_1_596' title='bbox 1708 4338 1781 4393; x_wconf 83' lang='lat' dir='ltr'><strong>prs·</strong></span> 
     </span>
     <span class='ocr_line' id='line_1_47' title="bbox 71 4408 1782 4483; baseline -0.006 -9"><span class='ocrx_word' id='word_1_597' title='bbox 71 4415 163 4483; x_wconf 85' lang='lat' dir='ltr'><strong>ciens,</strong></span> <span class='ocrx_word' id='word_1_598' title='bbox 178 4414 312 4473; x_wconf 74' lang='lat' dir='ltr'><strong>invocato</strong></span> <span class='ocrx_word' id='word_1_599' title='bbox 326 4412 446 4471; x_wconf 88' lang='lat' dir='ltr'><strong>nomine</strong></span> <span class='ocrx_word' id='word_1_600' title='bbox 469 4411 596 4480; x_wconf 90' lang='lat' dir='ltr'><strong>Domini,</strong></span> <span class='ocrx_word' id='word_1_601' title='bbox 613 4428 649 4468; x_wconf 91' lang='lat' dir='ltr'><strong>ne</strong></span> <span class='ocrx_word' id='word_1_602' title='bbox 671 4409 801 4483; x_wconf 86' lang='lat' dir='ltr'><strong>amplius</strong></span> <span class='ocrx_word' id='word_1_603' title='bbox 824 4410 900 4466; x_wconf 86' lang='lat' dir='ltr'><strong>hanc</strong></span> <span class='ocrx_word' id='word_1_604' title='bbox 955 4413 1031 4469; x_wconf 92' lang='lat' dir='ltr'><strong>senti</strong></span> <span class='ocrx_word' id='word_1_605' title='bbox 1049 4413 1146 4468; x_wconf 88' lang='lat' dir='ltr'><strong>hostin</strong></span> <span class='ocrx_word' id='word_1_606' title='bbox 1160 4412 1226 4468; x_wconf 85' lang='lat' dir='ltr'><strong>viva</strong></span> <span class='ocrx_word' id='word_1_607' title='bbox 1239 4412 1337 4480; x_wconf 86' lang='lat' dir='ltr'><strong>fiebat,</strong></span> <span class='ocrx_word' id='word_1_608' title='bbox 1354 4429 1427 4468; x_wconf 91' lang='lat' dir='ltr'><strong>usus</strong></span> <span class='ocrx_word' id='word_1_609' title='bbox 1450 4410 1560 4483; x_wconf 86' lang='lat' dir='ltr'><strong>egregii</strong></span> <span class='ocrx_word' id='word_1_610' title='bbox 1584 4408 1782 4481; x_wconf 80' lang='lat' dir='ltr'><strong>predicatoris</strong></span> 
     </span>
     <span class='ocr_line' id='line_1_48' title="bbox 74 4495 1829 4589; baseline -0.006 -27"><span class='ocrx_word' id='word_1_611' title='bbox 74 4505 197 4562; x_wconf 82' lang='lat' dir='ltr'><strong>sentiret</strong></span> <span class='ocrx_word' id='word_1_612' title='bbox 209 4502 388 4571; x_wconf 84' lang='lat' dir='ltr'><strong>molestiam,</strong></span> <span class='ocrx_word' id='word_1_613' title='bbox 404 4519 456 4576; x_wconf 90' lang='lat' dir='ltr'><strong>per</strong></span> <span class='ocrx_word' id='word_1_614' title='bbox 469 4502 607 4559; x_wconf 89' lang='lat' dir='ltr'><strong>eumdem</strong></span> <span class='ocrx_word' id='word_1_615' title='bbox 632 4500 791 4559; x_wconf 90' lang='lat' dir='ltr'><strong>Dominum</strong></span> <span class='ocrx_word' id='word_1_616' title='bbox 814 4500 900 4556; x_wconf 82' lang='lat' dir='ltr'><strong>inter</strong></span> <span class='ocrx_word' id='word_1_617' title='bbox 915 4521 939 4589; x_wconf 71' lang='lat' dir='ltr'>D</span> <span class='ocrx_word' id='word_1_618' title='bbox 955 4501 1035 4558; x_wconf 89' lang='lat' dir='ltr'><strong>Pauli</strong></span> <span class='ocrx_word' id='word_1_619' title='bbox 1051 4500 1182 4573; x_wconf 82' lang='lat' dir='ltr'><strong>exemplo</strong></span> <span class='ocrx_word' id='word_1_620' title='bbox 1198 4500 1323 4557; x_wconf 89' lang='lat' dir='ltr'><strong>dicentis</strong></span> <span class='ocrx_word' id='word_1_621' title='bbox 1339 4517 1345 4555; x_wconf 95' lang='lat'><strong>:</strong></span> <span class='ocrx_word' id='word_1_622' title='bbox 1362 4501 1422 4572; x_wconf 81' lang='lat' dir='ltr'><strong>Ego</strong></span> <span class='ocrx_word' id='word_1_623' title='bbox 1433 4501 1496 4570; x_wconf 88' lang='lat' dir='ltr'><strong>jem</strong></span> <span class='ocrx_word' id='word_1_624' title='bbox 1512 4495 1781 4553; x_wconf 89' lang='lat' dir='ltr'><strong>immolorettem-</strong></span> <span class='ocrx_word' id='word_1_625' title='bbox 1824 4569 1829 4577; x_wconf 93' lang='lat'><em>.</em></span> 
     </span>
     <span class='ocr_line' id='line_1_49' title="bbox 72 4585 1779 4666; baseline -0.006 -15"><span class='ocrx_word' id='word_1_626' title='bbox 72 4593 154 4661; x_wconf 83' lang='lat' dir='ltr'><strong>dixit,</strong></span> <span class='ocrx_word' id='word_1_627' title='bbox 164 4608 293 4666; x_wconf 80' lang='lat' dir='ltr'><strong>moxque</strong></span> <span class='ocrx_word' id='word_1_628' title='bbox 305 4591 392 4650; x_wconf 91' lang='lat' dir='ltr'><strong>dolor</strong></span> <span class='ocrx_word' id='word_1_629' title='bbox 401 4591 497 4649; x_wconf 92' lang='lat' dir='ltr'><strong>omnis</strong></span> <span class='ocrx_word' id='word_1_630' title='bbox 512 4591 543 4648; x_wconf 92' lang='lat' dir='ltr'><strong>in</strong></span> <span class='ocrx_word' id='word_1_631' title='bbox 553 4607 588 4648; x_wconf 92' lang='lat' dir='ltr'><strong>eo</strong></span> <span class='ocrx_word' id='word_1_632' title='bbox 598 4589 765 4662; x_wconf 80' lang='lat' dir='ltr'><strong>conquievit</strong></span> <span class='ocrx_word' id='word_1_633' title='bbox 776 4606 783 4644; x_wconf 73' lang='grc' dir='ltr'>ε</span> <span class='ocrx_word' id='word_1_634' title='bbox 793 4588 899 4645; x_wconf 90' lang='lat' dir='ltr'><strong>deindo</strong></span> <span class='ocrx_word' id='word_1_635' title='bbox 953 4608 1009 4664; x_wconf 92' lang='lat' dir='ltr'><strong>pus</strong></span> <span class='ocrx_word' id='word_1_636' title='bbox 1033 4607 1103 4646; x_wconf 82' lang='lat' dir='ltr'><strong>mea</strong></span> <span class='ocrx_word' id='word_1_637' title='bbox 1127 4587 1315 4645; x_wconf 89' lang='lat' dir='ltr'><strong>resolutionis</strong></span> <span class='ocrx_word' id='word_1_638' title='bbox 1330 4587 1420 4643; x_wconf 91' lang='lat' dir='ltr'><strong>instat</strong></span> <span class='ocrx_word' id='word_1_639' title='bbox 1436 4604 1443 4644; x_wconf 92' lang='lat'><strong>:</strong></span> <span class='ocrx_word' id='word_1_640' title='bbox 1461 4587 1583 4642; x_wconf 87' lang='lat' dir='ltr'><strong>fidenter</strong></span> <span class='ocrx_word' id='word_1_641' title='bbox 1599 4585 1655 4642; x_wconf 90' lang='lat' dir='ltr'><strong>dici</strong></span> <span class='ocrx_word' id='word_1_642' title='bbox 1674 4588 1779 4658; x_wconf 86' lang='lat' dir='ltr'><strong>potest,</strong></span> 
     </span>
     <span class='ocr_line' id='line_1_50' title="bbox 72 4673 1780 4754; baseline -0.006 -14"><span class='ocrx_word' id='word_1_643' title='bbox 72 4682 135 4740; x_wconf 84' lang='lat' dir='ltr'><strong>cibo</strong></span> <span class='ocrx_word' id='word_1_644' title='bbox 149 4685 270 4754; x_wconf 78' lang='lat' dir='ltr'><strong>compto</strong></span> <span class='ocrx_word' id='word_1_645' title='bbox 285 4697 343 4738; x_wconf 87' lang='lat' dir='ltr'><strong>nox</strong></span> <span class='ocrx_word' id='word_1_646' title='bbox 356 4679 426 4750; x_wconf 90' lang='lat' dir='ltr'><strong>ruit,</strong></span> <span class='ocrx_word' id='word_1_647' title='bbox 440 4684 469 4737; x_wconf 91' lang='lat' dir='ltr'><strong>et</strong></span> <span class='ocrx_word' id='word_1_648' title='bbox 482 4679 671 4753; x_wconf 69' lang='lat' dir='ltr'><strong>praescriptus</strong></span> <span class='ocrx_word' id='word_1_649' title='bbox 686 4677 794 4751; x_wconf 84' lang='lat' dir='ltr'><strong>presul</strong></span> <span class='ocrx_word' id='word_1_650' title='bbox 814 4676 900 4734; x_wconf 92' lang='lat' dir='ltr'><strong>dubi·</strong></span> <span class='ocrx_word' id='word_1_651' title='bbox 954 4679 1025 4751; x_wconf 90' lang='lat' dir='ltr'><strong>quia</strong></span> <span class='ocrx_word' id='word_1_652' title='bbox 1035 4679 1072 4734; x_wconf 88' lang='lat' dir='ltr'><strong>ad</strong></span> <span class='ocrx_word' id='word_1_653' title='bbox 1083 4693 1171 4733; x_wconf 90' lang='lat' dir='ltr'><strong>suum</strong></span> <span class='ocrx_word' id='word_1_654' title='bbox 1182 4675 1451 4749; x_wconf 88' lang='lat' dir='ltr'><strong>omnipotensDeus</strong></span> <span class='ocrx_word' id='word_1_655' title='bbox 1460 4675 1602 4732; x_wconf 88' lang='lat' dir='ltr'><strong>invitabat</strong></span> <span class='ocrx_word' id='word_1_656' title='bbox 1612 4673 1780 4748; x_wconf 89' lang='lat' dir='ltr'><strong>collegium,</strong></span> 
     </span>
     <span class='ocr_line' id='line_1_51' title="bbox 73 4763 1782 4845; baseline -0.006 -17"><span class='ocrx_word' id='word_1_657' title='bbox 73 4775 134 4828; x_wconf 89' lang='lat' dir='ltr'><strong>tum</strong></span> <span class='ocrx_word' id='word_1_658' title='bbox 149 4769 288 4845; x_wconf 83' lang='lat' dir='ltr'><strong>perrexit.</strong></span> <span class='ocrx_word' id='word_1_659' title='bbox 304 4769 397 4844; x_wconf 88' lang='lat' dir='ltr'><strong>Igitur</strong></span> <span class='ocrx_word' id='word_1_660' title='bbox 410 4769 595 4842; x_wconf 85' lang='lat' dir='ltr'><strong>omnipotens</strong></span> <span class='ocrx_word' id='word_1_661' title='bbox 610 4768 688 4824; x_wconf 89' lang='lat' dir='ltr'><strong>Deus</strong></span> <span class='ocrx_word' id='word_1_662' title='bbox 708 4765 786 4822; x_wconf 87' lang='lat' dir='ltr'><strong>sicut</strong></span> <span class='ocrx_word' id='word_1_663' title='bbox 804 4782 899 4823; x_wconf 84' lang='lat' dir='ltr'><strong>secre—</strong></span> <span class='ocrx_word' id='word_1_664' title='bbox 953 4769 1040 4839; x_wconf 83' lang='lat' dir='ltr'><strong>cujus</strong></span> <span class='ocrx_word' id='word_1_665' title='bbox 1054 4766 1084 4823; x_wconf 94' lang='lat' dir='ltr'><strong>in</strong></span> <span class='ocrx_word' id='word_1_666' title='bbox 1099 4766 1185 4821; x_wconf 86' lang='lat' dir='ltr'><strong>terris</strong></span> <span class='ocrx_word' id='word_1_667' title='bbox 1200 4765 1314 4837; x_wconf 90' lang='lat' dir='ltr'><strong>positus</strong></span> <span class='ocrx_word' id='word_1_668' title='bbox 1329 4765 1497 4823; x_wconf 90' lang='lat' dir='ltr'><strong>sectabatur</strong></span> <span class='ocrx_word' id='word_1_669' title='bbox 1510 4764 1676 4838; x_wconf 87' lang='lat' dir='ltr'><strong>exemplum</strong></span> <span class='ocrx_word' id='word_1_670' title='bbox 1693 4781 1699 4820; x_wconf 92' lang='lat'>:</span> <span class='ocrx_word' id='word_1_671' title='bbox 1715 4763 1782 4819; x_wconf 87' lang='lat' dir='ltr'><strong>tris·</strong></span> 
     </span>
     <span class='ocr_line' id='line_1_52' title="bbox 73 4853 1782 4929; baseline -0.007 -11"><span class='ocrx_word' id='word_1_672' title='bbox 73 4862 169 4918; x_wconf 70' lang='lat' dir='ltr'><strong>mrum</strong></span> <span class='ocrx_word' id='word_1_673' title='bbox 196 4862 346 4917; x_wconf 82' lang='lat' dir='ltr'><strong>scrutator</strong></span> <span class='ocrx_word' id='word_1_674' title='bbox 374 4860 419 4914; x_wconf 89' lang='lat' dir='ltr'><strong>est</strong></span> <span class='ocrx_word' id='word_1_675' title='bbox 442 4856 727 4929; x_wconf 85' lang='lat' dir='ltr'><strong>incircumscriptus,</strong></span> <span class='ocrx_word' id='word_1_676' title='bbox 743 4856 786 4912; x_wconf 91' lang='lat' dir='ltr'><strong>ita</strong></span> <span class='ocrx_word' id='word_1_677' title='bbox 809 4856 899 4911; x_wconf 86' lang='lat' dir='ltr'><strong>ctiam</strong></span> <span class='ocrx_word' id='word_1_678' title='bbox 953 4857 1072 4913; x_wconf 88' lang='lat' dir='ltr'><strong>fabatur</strong></span> <span class='ocrx_word' id='word_1_679' title='bbox 1086 4853 1182 4910; x_wconf 88' lang='lat' dir='ltr'><strong>clerus</strong></span> <span class='ocrx_word' id='word_1_680' title='bbox 1197 4853 1316 4927; x_wconf 79' lang='lat' dir='ltr'><strong>lugubri</strong></span> <span class='ocrx_word' id='word_1_681' title='bbox 1341 4854 1476 4910; x_wconf 80' lang='lat' dir='ltr'><strong>moeroris</strong></span> <span class='ocrx_word' id='word_1_682' title='bbox 1499 4854 1587 4927; x_wconf 93' lang='lat' dir='ltr'><strong>pallio</strong></span> <span class='ocrx_word' id='word_1_683' title='bbox 1612 4853 1782 4920; x_wconf 89' lang='lat' dir='ltr'><strong>obsitus,ae</strong></span> 
     </span>
     <span class='ocr_line' id='line_1_53' title="bbox 74 4939 1781 5018; baseline -0.009 -10"><span class='ocrx_word' id='word_1_684' title='bbox 74 4947 397 5012; x_wconf 71' lang='lat' dir='ltr'><strong>enecanmdirersis</strong></span> <span class='ocrx_word' id='word_1_685' title='bbox 407 4946 519 5005; x_wconf 85' lang='lat' dir='ltr'><strong>occulte</strong></span> <span class='ocrx_word' id='word_1_686' title='bbox 531 4944 709 5003; x_wconf 82' lang='lat' dir='ltr'><strong>examinavit</strong></span> <span class='ocrx_word' id='word_1_687' title='bbox 722 4944 897 5018; x_wconf 87' lang='lat' dir='ltr'><strong>generibus:</strong></span> <span class='ocrx_word' id='word_1_688' title='bbox 953 4944 1081 5017; x_wconf 87' lang='lat' dir='ltr'><strong>pastoris</strong></span> <span class='ocrx_word' id='word_1_689' title='bbox 1110 4943 1315 4999; x_wconf 88' lang='lat' dir='ltr'><strong>benedictione</strong></span> <span class='ocrx_word' id='word_1_690' title='bbox 1342 4943 1489 5017; x_wconf 85' lang='lat' dir='ltr'><strong>indigens,</strong></span> <span class='ocrx_word' id='word_1_691' title='bbox 1511 4958 1638 5015; x_wconf 89' lang='lat' dir='ltr'><strong>sumque</strong></span> <span class='ocrx_word' id='word_1_692' title='bbox 1667 4939 1781 4996; x_wconf 87' lang='lat' dir='ltr'><strong>diutino</strong></span> 
     </span>
    </p>
   </div>
   <div class='ocr_carea' id='block_1_3' title="bbox 10 5025 1784 5651">
    <p class='ocr_par' dir='ltr' id='par_1_3' title="bbox 10 5025 1784 5651">
     <span class='ocr_line' id='line_1_54' title="bbox 72 5025 1781 5112; baseline -0.008 -15"><span class='ocrx_word' id='word_1_693' title='bbox 72 5053 201 5112; x_wconf 73' lang='lat' dir='ltr'><strong>eamque</strong></span> <span class='ocrx_word' id='word_1_694' title='bbox 212 5041 288 5094; x_wconf 86' lang='lat' dir='ltr'><strong>ntae</strong></span> <span class='ocrx_word' id='word_1_695' title='bbox 303 5036 394 5093; x_wconf 89' lang='lat' dir='ltr'><strong>habet</strong></span> <span class='ocrx_word' id='word_1_696' title='bbox 407 5035 538 5092; x_wconf 89' lang='lat' dir='ltr'><strong>bumana</strong></span> <span class='ocrx_word' id='word_1_697' title='bbox 548 5035 898 5108; x_wconf 86' lang='lat' dir='ltr'><strong>fragilitas,propterlan-</strong></span> <span class='ocrx_word' id='word_1_698' title='bbox 953 5033 1093 5106; x_wconf 87' lang='lat' dir='ltr'><strong>languore</strong></span> <span class='ocrx_word' id='word_1_699' title='bbox 1117 5031 1232 5105; x_wconf 88' lang='lat' dir='ltr'><strong>fatigari</strong></span> <span class='ocrx_word' id='word_1_700' title='bbox 1248 5033 1413 5105; x_wconf 90' lang='lat' dir='ltr'><strong>suspirans,</strong></span> <span class='ocrx_word' id='word_1_701' title='bbox 1428 5031 1656 5089; x_wconf 82' lang='lat' dir='ltr'><strong>lamentabatur.</strong></span> <span class='ocrx_word' id='word_1_702' title='bbox 1672 5025 1781 5084; x_wconf 82' lang='lat' dir='ltr'><strong>Preeul</strong></span> 
     </span>
     <span class='ocr_line' id='line_1_55' title="bbox 72 5116 1780 5197; baseline -0.009 -11"><span class='ocrx_word' id='word_1_703' title='bbox 72 5130 134 5186; x_wconf 86' lang='lat' dir='ltr'><strong>lum</strong></span> <span class='ocrx_word' id='word_1_704' title='bbox 149 5126 209 5185; x_wconf 86' lang='lat' dir='ltr'><strong>sibi</strong></span> <span class='ocrx_word' id='word_1_705' title='bbox 224 5124 365 5183; x_wconf 88' lang='lat' dir='ltr'><strong>collatum</strong></span> <span class='ocrx_word' id='word_1_706' title='bbox 386 5141 495 5182; x_wconf 89' lang='lat' dir='ltr'><strong>munus</strong></span> <span class='ocrx_word' id='word_1_707' title='bbox 510 5141 547 5180; x_wconf 91' lang='lat' dir='ltr'><strong>ne</strong></span> <span class='ocrx_word' id='word_1_708' title='bbox 562 5140 594 5180; x_wconf 90' lang='lat' dir='ltr'><strong>se</strong></span> <span class='ocrx_word' id='word_1_709' title='bbox 618 5122 725 5197; x_wconf 80' lang='lat' dir='ltr'><strong>presul</strong></span> <span class='ocrx_word' id='word_1_710' title='bbox 739 5121 898 5192; x_wconf 87' lang='lat' dir='ltr'><strong>extolleret,</strong></span> <span class='ocrx_word' id='word_1_711' title='bbox 954 5125 1052 5178; x_wconf 90' lang='lat' dir='ltr'><strong>autem</strong></span> <span class='ocrx_word' id='word_1_712' title='bbox 1079 5124 1112 5176; x_wconf 92' lang='lat' dir='ltr'><strong>ut</strong></span> <span class='ocrx_word' id='word_1_713' title='bbox 1135 5119 1263 5177; x_wconf 87' lang='lat' dir='ltr'><strong>vicinum</strong></span> <span class='ocrx_word' id='word_1_714' title='bbox 1287 5122 1382 5177; x_wconf 88' lang='lat' dir='ltr'><strong>sensit</strong></span> <span class='ocrx_word' id='word_1_715' title='bbox 1403 5120 1636 5192; x_wconf 87' lang='lat' dir='ltr'><strong>appropinquare</strong></span> <span class='ocrx_word' id='word_1_716' title='bbox 1659 5116 1780 5183; x_wconf 82' lang='lat' dir='ltr'><strong>exitum,</strong></span> 
     </span>
     <span class='ocr_line' id='line_1_56' title="bbox 73 5206 1781 5289; baseline -0.009 -15"><span class='ocrx_word' id='word_1_717' title='bbox 73 5220 170 5285; x_wconf 71' lang='lat' dir='ltr'><strong>ms,</strong></span> <span class='ocrx_word' id='word_1_718' title='bbox 180 5230 259 5289; x_wconf 85' lang='lat' dir='ltr'><strong>ques</strong></span> <span class='ocrx_word' id='word_1_719' title='bbox 272 5230 328 5272; x_wconf 87' lang='lat' dir='ltr'><strong>sua</strong></span> <span class='ocrx_word' id='word_1_720' title='bbox 341 5213 535 5271; x_wconf 86' lang='lat' dir='ltr'><strong>obtestatione</strong></span> <span class='ocrx_word' id='word_1_721' title='bbox 549 5216 578 5270; x_wconf 90' lang='lat' dir='ltr'><strong>ct</strong></span> <span class='ocrx_word' id='word_1_722' title='bbox 593 5211 697 5270; x_wconf 87' lang='lat' dir='ltr'><strong>merito</strong></span> <span class='ocrx_word' id='word_1_723' title='bbox 719 5212 755 5267; x_wconf 87' lang='lat' dir='ltr'><strong>ab</strong></span> <span class='ocrx_word' id='word_1_724' title='bbox 779 5210 900 5268; x_wconf 89' lang='lat' dir='ltr'><strong>alterius</strong></span> <span class='ocrx_word' id='word_1_725' title='bbox 955 5210 1052 5268; x_wconf 88' lang='lat' dir='ltr'><strong>sciens</strong></span> <span class='ocrx_word' id='word_1_726' title='bbox 1066 5227 1124 5267; x_wconf 91' lang='lat' dir='ltr'><strong>non</strong></span> <span class='ocrx_word' id='word_1_727' title='bbox 1140 5225 1226 5283; x_wconf 90' lang='lat' dir='ltr'><strong>posse</strong></span> <span class='ocrx_word' id='word_1_728' title='bbox 1242 5211 1319 5282; x_wconf 93' lang='lat' dir='ltr'><strong>quod</strong></span> <span class='ocrx_word' id='word_1_729' title='bbox 1332 5209 1542 5267; x_wconf 83' lang='lat' dir='ltr'><strong>deliberaverat</strong></span> <span class='ocrx_word' id='word_1_730' title='bbox 1550 5206 1781 5279; x_wconf 71' lang='lat' dir='ltr'><strong>proficeremus·</strong></span> 
     </span>
     <span class='ocr_line' id='line_1_57' title="bbox 10 5291 1781 5380; baseline -0.01 -16"><span class='ocrx_word' id='word_1_731' title='bbox 10 5324 12 5329; x_wconf 78' lang='grc'><strong>’</strong></span> <span class='ocrx_word' id='word_1_732' title='bbox 70 5303 367 5380; x_wconf 76' lang='lat' dir='ltr'><strong>mrporerubmovit,</strong></span> <span class='ocrx_word' id='word_1_733' title='bbox 382 5303 419 5360; x_wconf 88' lang='lat' dir='ltr'><strong>ad</strong></span> <span class='ocrx_word' id='word_1_734' title='bbox 435 5301 568 5376; x_wconf 88' lang='lat' dir='ltr'><strong>propriae</strong></span> <span class='ocrx_word' id='word_1_735' title='bbox 583 5300 752 5373; x_wconf 85' lang='lat' dir='ltr'><strong>vircsjusta</strong></span> <span class='ocrx_word' id='word_1_736' title='bbox 767 5300 817 5357; x_wconf 90' lang='lat' dir='ltr'><strong>Dei</strong></span> <span class='ocrx_word' id='word_1_737' title='bbox 834 5315 901 5356; x_wconf 89' lang='lat' dir='ltr'><strong>sen·</strong></span> <span class='ocrx_word' id='word_1_738' title='bbox 955 5317 1034 5357; x_wconf 90' lang='lat' dir='ltr'><strong>mam</strong></span> <span class='ocrx_word' id='word_1_739' title='bbox 1051 5298 1395 5371; x_wconf 87' lang='lat' dir='ltr'><strong>denariorum,quamad</strong></span> <span class='ocrx_word' id='word_1_740' title='bbox 1410 5291 1781 5368; x_wconf 77' lang='lat' dir='ltr'><strong>hoccollegerat,disperti</strong></span> 
     </span>
     <span class='ocr_line' id='line_1_58' title="bbox 71 5380 1782 5466; baseline -0.007 -11"><span class='ocrx_word' id='word_1_741' title='bbox 71 5396 163 5455; x_wconf 71' lang='lat' dir='ltr'><strong>tutia</strong></span> <span class='ocrx_word' id='word_1_742' title='bbox 176 5393 309 5463; x_wconf 81' lang='lat' dir='ltr'><strong>retersit,</strong></span> <span class='ocrx_word' id='word_1_743' title='bbox 323 5390 495 5466; x_wconf 82' lang='lat' dir='ltr'><strong>quippequi</strong></span> <span class='ocrx_word' id='word_1_744' title='bbox 510 5389 595 5447; x_wconf 84' lang='lat' dir='ltr'><strong>latus</strong></span> <span class='ocrx_word' id='word_1_745' title='bbox 618 5392 647 5447; x_wconf 92' lang='lat' dir='ltr'><strong>et</strong></span> <span class='ocrx_word' id='word_1_746' title='bbox 667 5387 825 5446; x_wconf 90' lang='lat' dir='ltr'><strong>incolumis</strong></span> <span class='ocrx_word' id='word_1_747' title='bbox 837 5393 901 5445; x_wconf 91' lang='lat' dir='ltr'><strong>toro</strong></span> <span class='ocrx_word' id='word_1_748' title='bbox 954 5390 1006 5458; x_wconf 83' lang='lat' dir='ltr'><strong>uit,</strong></span> <span class='ocrx_word' id='word_1_749' title='bbox 1021 5388 1143 5462; x_wconf 86' lang='lat' dir='ltr'><strong>triginta</strong></span> <span class='ocrx_word' id='word_1_750' title='bbox 1154 5386 1264 5444; x_wconf 85' lang='lat' dir='ltr'><strong>scilicet</strong></span> <span class='ocrx_word' id='word_1_751' title='bbox 1277 5386 1368 5444; x_wconf 86' lang='lat' dir='ltr'><strong>libras</strong></span> <span class='ocrx_word' id='word_1_752' title='bbox 1381 5385 1418 5441; x_wconf 86' lang='lat' dir='ltr'><strong>od</strong></span> <span class='ocrx_word' id='word_1_753' title='bbox 1431 5383 1593 5440; x_wconf 84' lang='lat' dir='ltr'><strong>faciendam</strong></span> <span class='ocrx_word' id='word_1_754' title='bbox 1603 5387 1671 5439; x_wconf 89' lang='lat' dir='ltr'><strong>ante</strong></span> <span class='ocrx_word' id='word_1_755' title='bbox 1690 5380 1782 5443; x_wconf 73' lang='lat' dir='ltr'><strong>altere</strong></span> 
     </span>
     <span class='ocr_line' id='line_1_59' title="bbox 71 5470 1784 5557; baseline -0.009 -12"><span class='ocrx_word' id='word_1_756' title='bbox 71 5485 207 5544; x_wconf 75' lang='lat' dir='ltr'><strong>nembra</strong></span> <span class='ocrx_word' id='word_1_757' title='bbox 235 5483 422 5557; x_wconf 76' lang='lat' dir='ltr'><strong>intempesta</strong></span> <span class='ocrx_word' id='word_1_758' title='bbox 448 5479 545 5538; x_wconf 87' lang='lat' dir='ltr'><strong>noctis</strong></span> <span class='ocrx_word' id='word_1_759' title='bbox 573 5476 689 5536; x_wconf 91' lang='lat' dir='ltr'><strong>silentio</strong></span> <span class='ocrx_word' id='word_1_760' title='bbox 714 5477 902 5546; x_wconf 78' lang='lat' dir='ltr'><strong>locaverata</strong></span> <span class='ocrx_word' id='word_1_761' title='bbox 954 5470 1784 5550; x_wconf 82' lang='lat' dir='ltr'><strong>sanctiStephsnitehulsm3vigintiquoqueadornande</strong></span> 
     </span>
     <span class='ocr_line' id='line_1_60' title="bbox 69 5559 1782 5651; baseline -0.009 -11"><span class='ocrx_word' id='word_1_762' title='bbox 69 5590 173 5640; x_wconf 70' lang='lat' dir='ltr'><strong>arnan</strong></span> <span class='ocrx_word' id='word_1_763' title='bbox 184 5574 335 5636; x_wconf 78' lang='lat' dir='ltr'><strong>mcitatm</strong></span> <span class='ocrx_word' id='word_1_764' title='bbox 348 5573 498 5651; x_wconf 85' lang='lat' dir='ltr'><strong>ingentem</strong></span> <span class='ocrx_word' id='word_1_765' title='bbox 514 5565 639 5631; x_wconf 84' lang='lat' dir='ltr'><strong>febrium</strong></span> <span class='ocrx_word' id='word_1_766' title='bbox 655 5565 784 5627; x_wconf 88' lang='lat' dir='ltr'><strong>dolorem</strong></span> <span class='ocrx_word' id='word_1_767' title='bbox 800 5568 830 5628; x_wconf 91' lang='lat' dir='ltr'><strong>in</strong></span> <span class='ocrx_word' id='word_1_768' title='bbox 841 5572 901 5631; x_wconf 86' lang='lat' dir='ltr'><strong>toto</strong></span> <span class='ocrx_word' id='word_1_769' title='bbox 956 5569 1047 5629; x_wconf 83' lang='lat' dir='ltr'><strong>beate</strong></span> <span class='ocrx_word' id='word_1_770' title='bbox 1059 5566 1157 5626; x_wconf 83' lang='lat' dir='ltr'><strong>Maris</strong></span> <span class='ocrx_word' id='word_1_771' title='bbox 1170 5564 1307 5645; x_wconf 85' lang='lat' dir='ltr'><strong>beatique</strong></span> <span class='ocrx_word' id='word_1_772' title='bbox 1320 5559 1444 5622; x_wconf 84' lang='lat' dir='ltr'><strong>loannis</strong></span> <span class='ocrx_word' id='word_1_773' title='bbox 1454 5559 1577 5624; x_wconf 75' lang='lat' dir='ltr'><strong>dass:</strong></span> <span class='ocrx_word' id='word_1_774' title='bbox 1590 5561 1782 5625; x_wconf 81' lang='lat' dir='ltr'><strong>reminiscens</strong></span> 
     </span>
    </p>
   </div>
   <div class='ocr_carea' id='block_1_4' title="bbox 0 0 1966 6098">
    <p class='ocr_par' dir='ltr' id='par_1_4' title="bbox 0 0 1966 6098">
     <span class='ocr_line' id='line_1_61' title="bbox 0 0 1966 6098; baseline 0 0"><span class='ocrx_word' id='word_1_775' title='bbox 0 0 1966 6098; x_wconf 95' lang='lat' dir='ltr'><strong> </strong></span> 
     </span>
    </p>
   </div>
  </div>
 </body>
</html>
