3878 6098
114 283 174 348 ste
449 286 615 349 APPEND.
639 289 689 351 ab
713 289 807 350 SAEC.
831 290 866 349 X.
885 323 922 331 -
938 287 1188 351 Metuainum
1209 289 1482 351 Dll‘LOllA'llCA.
1761 282 1821 343 aab

114 419 216 477 lumus
230 436 282 477 vos
296 419 381 488 scire,
397 423 538 494 quoniam
552 423 588 479 ad
605 421 715 480 nullius
740 422 940 494 deceptionem
955 424 982 491 Α
997 421 1084 489 bona,
1100 425 1128 478 et
1151 421 1209 478 fide
1234 440 1291 479 non
1318 423 1394 491 ficta,
1417 421 1513 478 fidelis
1534 418 1657 478 oonsilio
1672 419 1701 475 et
1715 416 1824 475 auxilio

115 508 159 568 vel
176 509 461 582 condemnationem,
476 528 569 585 neque
586 529 637 584 pro
653 509 713 568 ulla
740 511 871 568 indebita
892 529 939 569 cn·
995 510 1081 568 nobis
1105 510 1216 566 sintin
1242 511 1380 568 omnibus
1403 512 1563 583 adjutores.
1590 511 1625 565 bt
1649 507 1675 564 si
1703 506 1822 580 aliquis,

114 596 239 673 piditate
258 599 379 656 insimul
404 602 602 658 convenimus.
620 602 739 674 Propter
754 619 817 674 quae
831 605 939 669 autem,
994 600 1072 673 qued
1088 601 1175 669 absit,
1191 602 1227 656 ab
1244 601 1298 656 boe
1323 602 1436 658 deviare
1457 599 1622 668 tantaverit,
1641 596 1822 655 unanimiter

114 691 233 762 excepto
250 688 346 746 debito
357 706 390 746 ae
401 690 528 747 fraterno
543 691 688 748 desiderio
703 696 736 747 nt
749 709 802 748 nos
816 690 939 748 invicem
995 693 1027 747 ut
1042 691 1078 746 ad
1094 690 1148 746 hoe
1160 691 1258 746 redeat
1282 690 1366 745 illum
1391 695 1557 747 convertere
1577 689 1772 745 decertemus.
1786 686 1822 741 Et

114 776 269 835 dilectione
283 782 385 834 mutua
399 778 574 848 videremus,
591 784 691 837 noster
714 784 872 837 cenventus
893 781 940 836 lu·
995 780 1019 835 si
1036 781 1071 835 ad
1088 779 1142 835 hoc
1157 780 1256 835 reduci
1273 797 1331 835 non
1348 780 1483 853 potuerit,
1510 779 1690 835 unanimiter
1704 776 1821 833 studea·

117 867 181 938 erit,
196 867 280 923 vobis
296 871 364 924 neta
379 856 473 925 lacere
488 869 633 935 volumus,
654 874 682 925 et
706 887 768 943 qna
795 870 853 926 Deo
878 868 939 943 pla·
994 885 1072 936 mus,
1097 873 1128 924 ut
1152 869 1195 925 vel
1219 869 1275 924 sibi
1298 869 1352 925 seli
1378 875 1495 934 noeeot3
1512 873 1540 926 et
1554 872 1656 924 eontra
1673 867 1728 922 boc
1744 865 1822 939 quod

117 954 176 1013 oita
199 959 228 1012 ct
249 950 334 1012 nobis
358 972 392 1013 ac
416 957 553 1015 fidelibus
577 958 686 1015 uostris
715 958 845 1015 salubria
874 977 939 1032 pre·
995 957 1153 1014 salubriter
1174 975 1345 1015 conservare
1370 960 1522 1026 debemus,
1539 975 1597 1014 uon
1622 956 1716 1029 possit
1740 955 1822 1012 dam·

117 1047 286 1111 tieuasunt,
303 1062 444 1101 unacum
459 1047 509 1102 Dei
526 1048 670 1120 adjutorio
690 1052 719 1104 et
736 1053 940 1105 vestreaeee-
995 1046 1131 1103 nabiliter
1169 1063 1263 1120 agere.
1295 1048 1329 1103 bt
1363 1064 1476 1114 ornnes,
1505 1051 1566 1104 tum
1600 1044 1685 1102 nobis
1725 1045 1822 1110 amici,

116 1137 245 1190 tererem
261 1134 464 1192 communium
479 1134 609 1193 fidelium
632 1140 800 1195 nostrerum
820 1138 967 1195 consilio'
996 1152 1084 1207 quam
1115 1140 1143 1192 et
1176 1137 1325 1204 contrarii,
1357 1136 1556 1194 certissimum
1581 1138 1710 1202 teneant,
1750 1151 1823 1206 quo·

116 1221 278 1290 etaumlio,
293 1227 391 1281 tenere
406 1224 631 1283 immutabiliter
655 1231 683 1282 et
707 1244 813 1301 augore
828 1227 942 1284 utiliter
996 1225 1076 1281 niam
1110 1226 1158 1298 qui
1193 1230 1294 1282 eontra
1322 1227 1482 1299 queurlibet
1511 1232 1644 1282 nostrum
1679 1224 1821 1297 quiddam

114 1312 262 1379 volumus,
996 1314 1108 1370 adversi
1119 1315 1303 1372 machinatus
1319 1315 1361 1372 vel
1378 1315 1498 1372 molitus
1517 1314 1614 1382 suerit,
1630 1314 1709 1387 apud
1732 1313 1823 1369 alium

152 1403 176 1461 1.
194 1401 291 1458 Primo
307 1406 424 1460 nostras
438 1408 468 1460 et
482 1408 588 1460 sanetae
613 1405 662 1461 bei
688 1405 822 1462 Ecclesiae
845 1423 878 1462 ae
892 1423 938 1460 re·
995 1403 1092 1458 lecum
1108 1403 1316 1460 familiaritatis
1331 1410 1360 1460 et
1374 1403 1508 1461 amicitiae
1523 1421 1581 1460 nen
1597 1403 1725 1459 habebit.

116 1490 167 1565 gni
183 1491 267 1549 nobis
282 1491 431 1549 commissi
448 1494 646 1563 necessitates,
664 1496 789 1550 t'raterne
806 1499 834 1551 et
849 1495 942 1550 since·
1030 1492 1057 1547 e.
1082 1491 1137 1547 Vos
1162 1492 1244 1549 scitis
1266 1492 1393 1566 qualiter
1417 1510 1508 1566 nepos
1530 1498 1631 1549 noster
1653 1491 1824 1548 Hletbavius

117 1597 150 1638 re
165 1585 263 1638 mente
278 1582 313 1637 ad
330 1581 452 1639 invicem
469 1583 670 1656 exposuimus,
996 1597 1048 1654 per
1062 1598 1146 1637 snam
1157 1581 1386 1651 juventutem,et
1399 1599 1450 1656 per
1463 1582 1571 1637 levium
1587 1581 1742 1636 bominum
1758 1597 1824 1636 con·

151 1673 180 1727 2.
196 1670 251 1727 llla
265 1687 329 1742 qua
344 1689 439 1745 nuper
452 1689 519 1728 cum
535 1672 665 1729 lidelium
691 1678 858 1731 nostrorum
873 1692 938 1731 con·
996 1687 1116 1727 sensum
1131 1676 1159 1726 et
1174 1671 1405 1740 hortamentum,
1425 1677 1452 1727 et
1475 1672 1563 1728 etiam
1588 1688 1640 1744 per
1662 1660 1824 1726 eorum'la·

63 1810 67 1815 .
117 1760 183 1818 silio
193 1761 271 1834 apud
282 1761 615 1820 Confluentesintornos
630 1764 802 1820 confirmata
812 1765 940 1832 luerunt,
995 1776 1093 1816 vorem
1119 1761 1168 1832 qni
1193 1760 1277 1816 illum
1302 1760 1414 1818 salvare
1438 1760 1693 1826 debuerant,iecit
1711 1758 1825 1816 etfacit

119 1849 273 1924 diligenter
287 1851 623 1925 rememoravimus,qurc
638 1853 843 1910 inviolabiliter
858 1854 943 1926 adju·
997 1852 1098 1904 contra
1112 1848 1193 1905 illam
1209 1847 1406 1923 legem,quam
1423 1855 1499 1905 Deus
1523 1850 1618 1922 primo
1637 1849 1668 1905 in
1688 1848 1824 1922 paradiso

118 1943 204 1998 vante
218 1940 467 1997 conservabimus.
996 1937 1100 2010 primis
1116 1937 1286 1995 bominibus
1301 1939 1391 2008 dedit,
1408 1944 1437 1995 et
1450 1956 1540 2012 quam
1557 1939 1586 1995 in
1599 1938 1751 2012 evangelio
1775 1954 1826 2012 per

153 2029 280 2087 3.·Sient
304 2030 382 2087 Deus
405 2030 460 2087 hee
484 2029 513 2087 in
538 2032 624 2088 eorde
649 2037 748 2090 nostre
776 2032 863 2100 videt,
893 2050 943 2090 ve·
997 2026 1182 2101 praesentiam
1198 2029 1376 2085 carniacum
1392 2027 1561 2085 bominibus
1577 2028 1716 2085 babitans
1740 2045 1824 2085 reno·

118 2118 219 2176 lamus
247 2122 276 2176 et
300 2137 351 2176 ves
377 2121 462 2188 seire,
480 2121 619 2192 quoniam
645 2123 681 2178 de
704 2123 790 2178 eorde
806 2139 888 2194 puro,
914 2126 943 2178 et
997 2116 1073 2173 vovit
1088 2121 1115 2172 ct
1130 2118 1322 2186 confirmavit,
1340 2135 1404 2191 quus
1425 2119 1461 2174 ad
1486 2134 1589 2174 omncs
1608 2117 1824 2192 hominesper·

15 2208 23 2215 '
115 2207 295 2265 conscientia
322 2209 409 2276 bena,
432 2215 461 2265 et
483 2211 540 2265 fide
565 2227 623 2266 non
656 2212 725 2266 licta
753 2211 884 2275 astuanti,
912 2211 941 2267 id
997 2206 1823 2280 tinelquiseeundumDeumlcgitimoutanturconjugio.

117 2301 161 2354 est
176 2298 331 2354 unanimos
347 2298 439 2353 ellocti
456 2315 569 2366 saurus,
586 2303 729 2370 quantum
747 2300 808 2372 ipse
831 2301 944 2355 dederit
997 2295 1079 2351 Unde
1094 2301 1122 2352 ct
1136 2295 1308 2352 universalis
1333 2296 1460 2352 Ecclesia
1485 2295 1536 2352 Dei
1562 2296 1709 2369 pulsatur,
1729 2301 1759 2352 ct
1781 2314 1824 2352 sa·

118 2403 206 2458 aquo
221 2391 265 2441 est
280 2403 366 2442 omne
381 2387 642 2459 datumoptimum
669 2393 697 2444 ct
721 2407 807 2445 omne
832 2391 941 2445 denum
997 2385 1127 2441 cerdotes
1152 2391 1223 2441 sunt
1248 2386 1429 2452 dehonorati,
1445 2389 1474 2441 et
1497 2386 1624 2458 populus
1639 2385 1824 2442 Christianus

79 2512 84 2521 .
117 2474 289 2546 perrectum,
316 2475 351 2530 ad
378 2476 428 2531 Dei
452 2474 644 2545 amusement,
658 2482 687 2532 et
711 2482 845 2534 nostrum
862 2496 943 2534 eom·
997 2474 1074 2529 sicut
1089 2474 1123 2529 de
1140 2474 1208 2529 niati
1230 2475 1322 2530 morbi
1339 2474 1472 2547 contagio
1496 2479 1540 2530 est
1562 2472 1739 2530 maculatus.
1756 2475 1825 2531 Pro·

118 2579 239 2620 munem
261 2563 399 2621 bonorem
425 2568 454 2620 et
478 2564 702 2634 salvamentum,
730 2572 758 2623 et
781 2568 815 2622 ad
837 2573 943 2624 sarreia
997 2568 1095 2636 pterea
1111 2564 1188 2634 qued
1208 2563 1369 2619 benedixit
1385 2565 1824 2636 :vilicosproaimamtuumsie·

118 2650 169 2708 Dei
184 2652 319 2709 Ecclesia
334 2656 455 2721 statum,
472 2657 501 2709 et
525 2655 709 2711 sacerdotum
735 2673 768 2711 ac
792 2672 943 2713 servorum
997 2660 1027 2707 ut
1042 2654 1166 2724 teipsam,
1192 2657 1220 2707 et
1245 2654 1321 2708 sieut
1343 2654 1568 2726 scriptumest:
1585 2656 1642 2727 lpse
1655 2671 1684 2710 es
1698 2664 1824 2711 uestram

118 2742 182 2815 ejus
196 2742 328 2799 debitum
343 2741 483 2800 honorem
508 2748 536 2799 et
558 2743 697 2817 vigorem,
715 2762 748 2800 ae
763 2745 845 2819 regni
858 2745 943 2802 nobis
996 2749 1206 2797 etcerouostru
1235 2750 1281 2809 est,
1311 2746 1339 2797 et
1367 2741 1489 2799 ecelesia
1518 2743 1604 2799 nobis
1633 2748 1662 2799 ot
1685 2743 1726 2798 illi
1747 2761 1823 2800 com·

118 2831 208 2888 sDeo
223 2831 373 2888 commissi
389 2831 566 2888 soliditatem
586 2829 797 2891 restituendam
823 2838 851 2891 et
875 2852 942 2891 eon·
997 2831 1089 2886 missa
1104 2835 1133 2886 et
1150 2846 1273 2903 regnum
1299 2848 1391 2887 unum
1415 2836 1469 2898 est,
1487 2837 1515 2889 et
1539 2832 1665 2904 populus
1688 2849 1722 2888 ae
1747 2833 1824 2889 ebri-

118 2920 307 2989 servandam;
324 2924 357 2976 ut
371 2919 500 2977 Ecclesia
514 2926 544 2977 et
559 2937 694 2995 rognum,
710 2926 788 2996 quod
813 2923 889 2980 Deus
913 2924 943 2981 in
998 2919 1132 2976 stianitas
1149 2937 1208 2975 una
1218 2921 1592 2990 est,considsraveimus,ut
1606 2922 1643 2977 ad
1659 2921 1745 2978 illum
1757 2924 1825 2979 mis·

118 3026 225 3066 manus
240 3008 459 3083 progenitorum
475 3014 642 3067 nostrerum
659 3013 806 3082 adunavit,
821 3018 848 3069 et
859 3013 944 3070 nobis
998 3026 1046 3065 sos
1062 3014 1178 3065 nostres
1195 3008 1357 3077 mittamus,
1375 3016 1405 3066 et
1429 3010 1455 3066 ei
1479 3007 1537 3066 tale
1560 3010 1716 3067 consilium
1741 3029 1825 3068 man·

117 3097 318 3155 misericordia
331 3114 386 3155 ena
401 3099 559 3157 commisit.
574 3100 603 3155 in
621 3104 719 3157 nestro
742 3105 872 3174 tempere
897 3119 944 3159 ne·
998 3098 1102 3154 demus
1117 3097 1244 3170 qualiter
1257 3103 1285 3155 ct
1299 3099 1361 3172 ipse
1377 3115 1475 3155 eoram
1491 3099 1548 3156 Deo
1564 3099 1662 3157 salvus
1682 3105 1711 3158 et
1725 3118 1824 3159 ceram
1862 3130 1876 3135 -

116 3187 274 3245 cessariam
298 3186 496 3253 defensionem
522 3193 550 3244 et
573 3187 737 3260 tuitionem,
754 3195 783 3246 et
800 3173 979 3249 honoremG
999 3187 1096 3244 seculo
1124 3186 1285 3245 honoratus
1314 3205 1377 3245 osse
1408 3188 1513 3257 valeat,
1535 3193 1563 3245 et
1581 3190 1706 3246 eeclesia
1727 3197 1757 3248 et
1782 3208 1825 3248 re·

115 3279 204 3349 atque
218 3275 397 3334 soliditatem
411 3276 528 3334 babeat.
998 3279 1190 3350 guun1,qnod
1215 3276 1257 3332 illi
1283 3277 1317 3333 ad
1343 3276 1533 3333 salvationem
1559 3279 1753 3337 cornmissum
1771 3286 1824 3351 est,

151 3366 176 3422 l.
194 3365 349 3434 Quoniam,
375 3365 452 3423 sicut
476 3365 546 3423 dicit
575 3371 676 3423 sancta
705 3368 865 3442 Scriptura,
892 3371 943 3443 qui
998 3366 1324 3439 solidumessepossit,
1342 3366 1513 3440 etpopulus
1539 3369 1588 3424 Dei
1613 3369 1713 3426 salvus
1729 3371 1780 3438 sit,
1799 3376 1827 3429 et

116 3470 238 3513 suorum
247 3458 275 3512 et
284 3455 410 3512 maxime
420 3456 650 3513 domesticorum
661 3474 762 3514 euram
775 3476 833 3515 neu
844 3458 942 3529 habet,
998 3455 1091 3529 legem
1108 3473 1141 3512 ac
1153 3456 1300 3529 justitiam
1316 3461 1345 3513 ct
1362 3474 1463 3530 pacem
1475 3473 1507 3513 ac
1518 3457 1765 3529 tranquillitatem
1780 3460 1876 3516 hn—

116 3544 205 3601 lldem
226 3543 350 3619 negavit,
367 3548 396 3601 et
420 3548 464 3601 est
489 3545 599 3602 infideli
625 3546 759 3617 deterior,
776 3548 942 3605 considera·
998 3546 1075 3602 boat,
1669 3620 1674 3627 Ι

115 3632 212 3697 vimus
227 3637 255 3690 et
269 3634 508 3691 confirmavimus
532 3622 562 3690 i'n
587 3635 644 3692 tide
667 3638 768 3692 nostra
791 3636 867 3694 inter
889 3655 943 3695 nos
1032 3633 1136 3702 7.Qnia
1150 3635 1237 3692 ctiam
1253 3635 1315 3709 ipse
1329 3652 1398 3691 suos
1414 3635 1521 3692 misses
1536 3637 1572 3692 ad
1589 3653 1643 3693 nos
1659 3638 1876 3696 transmisit

116 3723 152 3779 de
167 3723 308 3780 uxoribus
323 3735 348 3779 et
366 3722 435 3779 filiis
450 3723 569 3793 nostris,
587 3724 637 3796 qui
654 3724 694 3780 itu
708 3725 834 3782 fideliter
857 3728 943 3784 nobis
997 3724 1080 3798 quasi
1096 3724 1252 3782 consilium
1268 3741 1411 3798 quaerens,
1429 3743 1480 3798 per
1495 3730 1610 3782 nostros
1624 3727 1735 3785 missos
1750 3734 1780 3785 et
1793 3729 1876 3786 ὐε

109 3800 229 3870 ‘subditi
243 3817 272 3870 et
286 3813 454 3870 obedientes
470 3813 579 3870 suerint
593 3813 670 3870 sicut
686 3812 739 3869 filii
758 3816 892 3888 patribus
915 3822 944 3874 et
997 3813 1043 3870 bis
1059 3814 1136 3869 unde
1153 3813 1237 3870 nobis
1252 3814 1412 3881 mandavit,
1424 3818 1568 3886 quantum
1580 3815 1667 3871 nobis
1683 3816 1876 3874 Dominus

116 3900 351 3959 euissenioribus
361 3918 425 3959 esse
435 3902 798 3977 debent,utunusquisque
808 3910 941 3963 nostrum
997 3901 1114 3967 dedit,ei
1128 3902 1420 3958 verumetsincerum
1436 3902 1592 3959 concilium
1605 3906 1866 3979 reruandainuS,

116 3988 237 4046 alterius
252 3988 327 4047 lilios
343 3989 419 4046 sieut
438 3991 571 4064 proprios
586 3991 616 4048 in
629 4009 698 4049 vera
720 3993 875 4052 dilectione
889 3996 941 4053 ba·
996 3994 1024 4047 el
1038 3990 1127 4047 lolem
1136 3990 1315 4048 voluntatem
1330 3996 1460 4048 nostrum
1485 4009 1549 4048 esee
1575 4009 1646 4065 ergo
1669 4010 1740 4050 eum
1769 3994 1852 4050 sie·

115 4078 197 4147 beat;
211 4082 241 4135 et
254 4078 305 4151 qui
321 4082 470 4152 superstes
485 4080 520 4136 de
533 4081 617 4138 nobis
639 4081 722 4139 alteri
748 4083 845 4155 luerit,
861 4084 941 4142 illius
995 4085 1028 4137 nt
1042 4080 1124 4137 vobis
1140 4080 1277 4151 dicimus,
1297 4080 1339 4137 illi
1365 4098 1418 4155 por
1441 4083 1558 4139 eosdem
1583 4083 1693 4140 missos
1710 4089 1841 4142 nestros

115 4167 166 4241 qui
179 4167 338 4225 decesserit
351 4167 435 4225 uxori
447 4171 476 4224 et
490 4169 569 4238 liliis,
596 4169 672 4227 sient
696 4171 772 4228 inter
795 4191 848 4231 nes
872 4192 941 4231 con·
995 4172 1181 4227 mandamus.

113 4256 192 4314 venit
206 4256 338 4314 debitum
354 4262 383 4315 et
407 4258 604 4315 necessarium
621 4260 800 4331 adjutorium
823 4267 940 4336 prestet
1169 4277 1270 4316 sancei
1290 4278 1428 4318 capranna
1447 4278 1542 4317 iussis
1563 4279 1646 4319 cars.

115 4350 144 4404 et
158 4348 245 4405 fidem
261 4351 421 4405 conservet.
1275 4351 1356 4423 tlara.
1371 4352 1434 4406 865.
1451 4351 1540 4423 Febr.)

149 4438 177 4494 5.
197 4436 453 4494 Consideravimus
476 4441 506 4494 et
530 4437 690 4496 statuimus
713 4442 745 4496 ut
768 4457 940 4501 communes
1029 4440 1178 4512 Excipiuut
1200 4448 1310 4512 pactum
1333 4442 1459 4512 superias
1484 4443 1513 4497 ia
1528 4441 1618 4497 codice
1635 4442 1812 4514 marianensi,

114 4526 216 4584 lidelcs
231 4526 335 4594 nostri,
347 4543 473 4600 querum
489 4525 612 4584 consilio
636 4533 665 4584 et
684 4529 792 4586 auxilie
807 4536 939 4590 sanctam
954 4548 979 4614 Ι)
995 4512 1066 4567 “mle
1080 4529 1112 4567 (Ἢ
1126 4512 1494 4584 Sll‘1'20‘l2‘l2‘5inllllffl'lm'l5
1507 4514 1763 4583 l⁰⁶l²03⁰l²⁴2l¹⁴³⁸⁰
1776 4532 1814 4588 Ψ

113 4615 164 4673 bei
178 4614 337 4672 Ecclesiam
352 4620 380 4672 ct
395 4632 518 4689 regnum
535 4616 619 4673 nobis
635 4617 826 4674 commissum
838 4620 941 4692 guber·
993 4583 1116 4712 mm
1130 4601 1149 4710 ᾖ
1161 4585 1338 4712 ”ggffiff
1352 4583 1539 4711 ζαὴὲῗέξὲωῆἶ
1550 4585 1816 4716 ἑξέὲἑείζῖθέᾟ·

113 4721 184 4762 aare
199 4703 350 4772 debemus,
367 4704 500 4762 debitum
516 4705 658 4762 honorem
681 4711 710 4762 et
725 4706 940 4766 salvamentum
992 4726 1113 4799 ejusdem
1126 4697 1160 4782 „J
1172 4727 1252 4795 4761,
1268 4697 1336 4783 opp,
1352 4666 1741 4796 divionfflsgsffmmdavpl
1775 4677 1814 4717 l'

113 4793 250 4851 babeant.
278 4791 451 4866 elipsim
475 4794 525 4850 Dei
549 4792 744 4863 voluntatum,
779 4800 808 4852 et

282 4881 288 4894 ⁸
588 4881 594 4894 ι
834 4800 866 4851 Ul
890 4813 937 4854 ¹¹⁰·
991 4833 1055 4889 llaec
1069 4846 1132 4903 qrtoe
1145 4840 1297 4903 sequar-atur
1314 4831 1436 4904 capitulo
1449 4835 1526 4889 misit
1538 4833 1654 4890 demutas
1669 4849 1722 4890 rex
1736 4837 1820 4895 liure·

112 4888 207 4941 strum
224 4882 355 4938 debitum
369 4881 510 4940 honorem
526 4885 555 4939 et
569 4900 697 4957 vigorem
721 4889 751 4940 et
775 4884 938 4942 salvamcn-
1027 4904 1070 4960 ιω
1087 4905 1116 4958 m
1136 4903 1328 4972 seruandae-m
1343 4903 1501 4975 ecepteeade
1523 4921 1574 4977 per
1597 4905 1765 4963 Gratuleuuar
1780 4910 1819 4948 ¹²³⁸

111 4977 187 5042 tum,
210 4975 239 5029 et
261 4972 297 5028 ed
328 4975 435 5027 saneta
462 4970 513 5027 Dei
540 4971 675 5027 Ecclesia
704 4977 825 5042 statum,
849 4979 877 5031 et
901 4976 938 5032 ad
1027 4984 1053 5031 et
1067 4975 1211 5031 Falconem
1225 4983 1251 5031 et
1262 4990 1311 5047 per
1327 4974 1490 5031 ll'ultorieru
1505 4984 1531 5032 et
1544 4976 1722 5034 lantwinum
1737 4980 1822 5054 ¹²⁸¹,de

111 5061 194 5136 regni
205 5060 383 5119 soliditatem
400 5065 429 5117 et
444 5060 653 5130 defensionem,
671 5061 797 5134 qualiter
812 5063 938 5136 populus
1029 5047 1149 5115 Tutiam,
1165 5062 1237 5102 ssmw
1252 5047 1454 5104 lucarnam&
1466 5048 1620 5113 Dmlnlcae
1634 5048 1691 5106 ¹¹⁸¹·

110 5150 140 5207 in
157 5167 247 5224 regno
263 5154 363 5206 nostre
392 5149 487 5223 legem
512 5154 540 5205 et
559 5149 707 5222 justitiam
733 5155 761 5206 et
787 5168 888 5224 pacem
905 5170 938 5210 ac
1028 5155 1059 5210 ln
1074 5152 1193 5210 nemine
1209 5153 1522 5210 sanctuetindividuee
1536 5154 1817 5219 trinitatisltarolus

110 5230 353 5314 tranquillitatem
370 5239 938 5312 babeat,decordepuro,etconscientia
991 5243 1087 5317 gratia
1115 5242 1166 5299 bei
1195 5258 1255 5314 rex,
1289 5242 1427 5299 omnibus
1464 5242 1621 5318 episeopis,
1652 5244 1818 5316 abbatibus,

785 5382 905 5440 VAlllAE
925 5385 1135 5443 anamotus.

145 5512 190 5548 ¹¹³⁸
204 5511 375 5584 sirmondus,
390 5515 563 5573 Gauslinum
581 5533 587 5570 :
605 5524 633 5572 et
646 5522 742 5572 ananau
757 5519 846 5587 posuit
859 5521 1055 5578 Gausscnium
1071 5521 1138 5579 Bar..
1186 5519 1230 5557 ¹²³⁷
1245 5518 1417 5594 Sir-tuendus,
1446 5519 1622 5578 Lantvinum
1649 5537 1657 5579 z
1684 5530 1715 5579 at
1739 5538 1817 5579 meaa

105 5585 228 5643 correxit
240 5584 436 5645 Lantuvinum
453 5588 518 5646 Bia.
559 5588 602 5624 ¹²³⁸
617 5588 676 5646 lucr
689 5604 743 5645 acu
758 5589 858 5647 lacteat
874 5591 899 5647 i.
916 5593 942 5648 5.
