3878 6098
114 295 192 362 tort
364 262 373 279 .
505 293 673 356 APPEND.
696 292 749 354 su
772 288 865 354 SAEG.
888 286 925 350 Χ.
942 319 980 332 -
995 286 1247 352 hasnoniense
1267 288 1427 355 Ll'ruuu.
1740 285 1821 352 loeo

380 442 483 487 ossrto
501 445 537 484 un
557 442 673 484 srrsssu.
950 419 978 488 Α
1282 439 1415 498 ΙΝΟΙΡΙΤ
1433 425 1529 500 OR'do

147 525 223 579 Deus
238 517 289 595 qui
304 519 513 577 sacrandorum
528 516 581 572 tibi
595 521 696 573 auctor
719 532 749 571 es
769 530 937 585 munerum,
1040 545 1178 592 0003000
1191 547 1220 586 ,N
1234 547 1339 588 sm,
1355 548 1472 589 nomm
1487 549 1617 590 mmm,
1633 547 1778 598 mmm

112 611 229 669 aliunde
241 608 412 683 superbene
423 605 562 663 orationis
573 606 694 661 domurn
705 603 938 660 benedictionem
1311 620 1496 661 ooauuurua.

112 705 206 771 tuam,
222 704 255 755 ut
269 698 305 755 ab
332 696 470 753 omnibns
496 694 700 750 invocantibus
724 709 830 749 nomen
853 697 938 748 tuum
1028 693 1156 747 Primum
1170 691 1245 748 vadit
1258 693 1403 765 Episcopus
1417 695 1448 749 in
1460 694 1612 764 secusiam,
1627 694 1679 750 udi
1691 694 1823 767 reliquie

111 777 290 847 defensionis
305 785 446 843 auxilium
464 784 618 848 sentiatur,
635 800 687 855 por
710 787 795 837 Dnm.
809 783 940 854 Sequitur
992 788 1057 836 sunt
1070 782 1176 853 posits,
1188 789 1214 837 et
1226 782 1295 852 [iecit
1310 782 1452 849 letaniam,
1463 791 1489 839 et
1503 782 1714 840 datorationem
1730 784 1822 838 hanc:

113 879 199 935 lectio.
226 877 306 934 Grcd.
336 876 428 931 Locus
451 874 506 928 iste
532 889 548 928 a
573 876 630 927 Deo
655 873 750 928 lactus
773 875 827 927 est.
845 869 937 936 asli.
1028 869 1117 925 Aular
1140 887 1158 925 a
1181 870 1266 926 nobis
1289 874 1349 927 Dne
1371 869 1543 944 iniquitates
1570 876 1698 941 nostras,
1723 875 1758 927 ut
1785 872 1821 927 ad

110 967 244 1024 Adorabc
272 965 308 1020 ad
342 961 484 1035 ternplum
514 965 650 1016 sunctum
686 966 781 1016 tuum.
811 959 940 1032 Sequitur
992 957 1285 1015 Sanctasanctorum
1310 960 1393 1032 puris
1416 977 1583 1017 mereamur
1606 960 1758 1017 mentibus
1780 960 1823 1016 in·

110 1058 212 1127 Eucuq.
228 1053 389 1110 secundum.
406 1052 498 1124 Ostert.
517 1056 577 1106 line
600 1054 676 1106 Deus
692 1050 722 1105 in
739 1049 937 1122 simplicitate.
994 1046 1092 1104 troire.
1110 1048 1172 1104 Per.
1188 1049 1285 1104 Postea
1297 1051 1376 1120 pouit
1389 1051 1523 1123 reliquias
1538 1053 1569 1106 in
1579 1058 1691 1123 pateus,
1705 1058 1732 1107 et
1756 1067 1821 1124 pcr-

111 1147 136 1207 i.
153 1145 247 1216 Super
263 1141 401 1198 oblatam.
993 1136 1061 1206 ripis
1074 1153 1120 1193 eas
1141 1137 1297 1209 presbytero
1314 1139 1344 1194 in
1369 1139 1450 1195 utone
1472 1157 1538 1196 suus
1560 1156 1645 1212 super
1665 1139 1821 1206 sindonem,

146 1232 337 1305 Omnipotens
349 1229 526 1302 sempiterne
543 1229 747 1295 Deus,ellunde
763 1228 939 1300 superhunc
992 1241 1076 1298 quum
1089 1227 1169 1282 hobel
1183 1226 1212 1281 in
1223 1226 1292 1283 celto
1306 1227 1460 1297 tiqutum,et
1472 1230 1711 1301 cooperitipsus.et
1719 1234 1821 1284 ereum

109 1321 206 1378 locum
222 1320 347 1395 gratiam
357 1323 450 1383 tuam,
459 1324 488 1375 et
499 1319 535 1374 ab
548 1318 686 1374 omnibus
695 1320 723 1372 te
733 1317 938 1373 invocantibus
989 1315 1131 1386 psallendo
1145 1317 1251 1387 antiph.
1269 1335 1279 1372 .·
1293 1316 1365 1372 Cum
1375 1317 1560 1389 jocunditate
1573 1317 1700 1374 exibitis.
1712 1318 1746 1373 Et
1758 1334 1821 1390 per·

109 1409 209 1467 auxilii
226 1409 267 1465 tui
285 1425 393 1464 suanus
410 1407 540 1472 ostende,
558 1410 590 1461 ut
607 1406 711 1462 borum
737 1406 939 1461 Sacramenta·
992 1406 1032 1474 pit
1048 1407 1195 1476 Episcopus
1210 1406 1241 1460 in
1255 1406 1368 1462 secusia
1382 1421 1453 1463 noua
1466 1408 1516 1463 udi
1530 1407 1636 1464 recludi
1649 1407 1748 1463 dehent
1759 1408 1822 1463 reli-

110 1517 176 1556 rum
189 1500 281 1554 virtus
296 1497 429 1554 omnium
446 1494 578 1551 bdelium
594 1495 684 1551 corda
698 1495 861 1550 confirmet.
991 1494 1076 1567 quise,
1091 1502 1117 1550 et
1132 1495 1238 1550 intrant
1253 1496 1284 1550 in
1299 1495 1441 1551 ecetesiam
1454 1511 1518 1551 cum
1531 1511 1560 1552 eo
1571 1496 1698 1552 ministri
1712 1494 1767 1552 duo
1779 1495 1822 1550 cet

146 1588 291 1658 Praetctic.
308 1586 367 1640 VD.
385 1585 438 1641 Per
453 1584 603 1640 Christum
628 1588 703 1639 Dnm
725 1588 871 1649 nostrum,
888 1600 938 1656 per
992 1590 1055 1651 tros,
1071 1590 1096 1638 et
1110 1581 1217 1639 claudet
1229 1583 1348 1640 hostium
1362 1584 1494 1649 ecclesis,
1509 1586 1617 1657 etfacit
1630 1601 1732 1656 wuum
1746 1599 1823 1640 esor-

109 1694 198 1751 quem
213 1687 242 1732 to
253 1673 401 1748 supplices
412 1671 749 1746 deprecamur,utaltare
763 1672 817 1728 boc
827 1673 937 1730 sanctis
991 1674 1118 1738 ciuium,
1134 1679 1160 1728 et
1172 1671 1239 1728 dicit
1253 1673 1407 1729 orationem
1421 1674 1492 1730 hunc
1507 1692 1517 1729 .·

79 1804 88 1817 .
110 1765 213 1822 usibus
226 1768 421 1837 praeparatum
437 1762 547 1818 coelesti
563 1761 746 1818 dedicatione
760 1761 935 1828 sanctifices,
952 1795 975 1860 Β
1346 1761 1469 1819 Oremus.

109 1860 138 1913 et
153 1855 229 1912 siout
242 1852 456 1910 Melchisedech
471 1851 631 1908 sacerdotis
648 1851 792 1924 precipue
812 1850 934 1907 oblatio·
1025 1855 1102 1907 Deus
1118 1850 1168 1923 qui
1193 1850 1229 1907 ad
1256 1850 1380 1908 salutem
1405 1851 1528 1908 humani
1552 1852 1670 1926 generis
1694 1851 1822 1909 maxims

110 1938 936 2016 nemdignationemirabilisuscepisti‚itaimpositancva
990 1956 1114 2012 quaque
1129 1941 1319 1997 Sacramenta
1333 1939 1363 1996 in
1379 1958 1523 2014 aquarum
1539 1941 1709 1999 substantia
1724 1941 1822 1999 condi·

109 2033 178 2090 huic
191 2030 275 2088 altari
286 2047 409 2086 munera
424 2046 512 2102 super
523 2033 641 2101 accepta
656 2029 731 2086 forre
747 2029 891 2103 dignoris;
904 2033 936 2085 ut
990 2029 1071 2099 disti,
1088 2033 1142 2087 etc.
1155 2030 1188 2086 Et
1200 2031 1286 2086 mittit
1309 2031 1341 2086 in
1360 2046 1393 2086 eu
1414 2031 1545 2099 curuum,
1558 2039 1584 2088 et
1597 2031 1692 2088 condit
1712 2049 1747 2088 es
1761 2032 1821 2104 ipsu

108 2119 235 2196 populus
251 2123 321 2175 tuus
336 2118 366 2174 in
382 2118 437 2175 hac
450 2117 579 2175 ecclesia
589 2121 645 2173 tus
661 2117 748 2174 domo
759 2122 936 2175 sanctacon·
988 2135 1062 2192 aqua
1088 2121 1170 2188 eune,
1187 2126 1211 2174 et
1233 2121 1301 2191 tecit
1321 2119 1453 2190 midam,
1469 2120 1541 2176 unde
1564 2119 1723 2178 reclaudere
1745 2121 1822 2178 debet

108 2214 224 2267 vertens
240 2225 291 2281 per
305 2208 366 2264 bec
382 2224 455 2279 pura
477 2206 620 2263 libamina
640 2205 749 2263 coelesti
771 2207 935 2263 sanctifica·
990 2209 1065 2281 ipsos
1080 2209 1228 2281 reliquics;
1243 2216 1269 2263 et
1284 2210 1405 2280 buptiaut
1419 2210 1507 2281 ipsum
1522 2210 1614 2266 uitare
1627 2209 1660 2266 de
1672 2212 1736 2283 ipso
1748 2226 1820 2284 aquo

109 2297 187 2357 tione
200 2297 340 2365 salvatus,
356 2296 523 2353 animarum
540 2312 658 2368 quoque
671 2312 793 2352 suarum
811 2295 935 2353 salntem
989 2314 1052 2353 cum
1065 2299 1181 2370 sponqia
1206 2313 1263 2353 unu
1286 2298 1360 2365 vice,·
1374 2297 1473 2355 deinde
1486 2298 1554 2354 dicit
1574 2300 1648 2355 scoto
1672 2299 1819 2369 bunum,-

110 2391 280 2463 perpetusm
295 2384 420 2459 gratiam
435 2389 662 2457 consequantur.
679 2385 732 2441 Per
747 2401 846 2458 quem.
990 2389 1052 2460 ipsc
1065 2387 1196 2459 ccrnptetu
1218 2387 1359 2457 epreditur
1383 2388 1533 2460 Episcopus,
1548 2395 1575 2445 et
1596 2387 1643 2445 dat
1667 2390 1818 2447 ermonem

397 2491 483 2530 turns
502 2491 654 2530 scurouanr.
990 2485 1054 2534 onte
1068 2478 1196 2535 hostium.

146 2564 227 2623 Hanc
237 2563 327 2638 igitur
338 2563 515 2621 oblationem
527 2562 630 2620 famuli
641 2562 684 2619 vel
701 2562 817 2620 lamule
828 2567 883 2619 tua
892 2562 935 2619 ill.
1026 2571 1103 2624 Deus
1114 2565 1203 2638 quiin
1215 2564 1295 2621 omni
1307 2565 1370 2622 loco
1381 2570 1437 2622 tuse
1449 2564 1659 2623 dominationis
1670 2566 1817 2623 dedicator

110 2655 154 2713 vel
169 2654 358 2727 illiusquam
372 2652 426 2711 tibi
442 2654 472 2709 in
488 2653 578 2725 hujus
594 2651 696 2727 templi
707 2653 937 2710 sanctificatione
991 2655 1127 2725 adsistis;
1139 2654 1306 2712 exaudinos
1317 2653 1720 2728 quesumus,utinviolabilis
1730 2655 1817 2727 hujus

112 2746 238 2802 ollerunt
261 2741 483 2812 immolandam,
500 2759 671 2816 quaesumus
695 2748 765 2810 Due,
783 2743 938 2817 dignanter
991 2750 1163 2819 permaneat
1186 2744 1426 2812 consecrationi
1454 2744 1595 2801 beneficia
1621 2745 1664 2800 tui
1688 2743 1815 2801 muneris

112 2833 241 2905 intende,
258 2837 291 2890 ut
305 2832 414 2900 aulam,
430 2849 520 2904 quarn
536 2832 613 2889 beati
630 2832 767 2906 martyris
789 2831 833 2889 tui
855 2831 936 2889 illius
990 2835 1256 2907 universitasque
1272 2833 1427 2906 subplicat,
1444 2838 1606 2903 mereatur3
1626 2851 1680 2906 per
1688 2835 1773 2905 (163).

114 2923 227 2980 meritis
236 2921 309 2995 aqui
313 2938 415 2996 parare
426 2939 483 2977 non
497 2922 601 2995 potuit,
610 2925 665 2978 tua
676 2921 828 2979 charitatis
838 2921 936 2978 vultus
1026 2927 1088 2997 lpse
1101 2926 1182 2996 pinita
1196 2925 1310 2995 suscipit
1324 2925 1398 2996 ipsus
1413 2922 1545 2996 reliquias
1567 2940 1585 2978 u
1607 2923 1774 2996 presbytero,
1789 2931 1815 2979 et

112 3013 258 3081 inlustret,
271 3011 380 3083 llatquo
395 3015 447 3067 tua
460 3010 665 3084 propitiatione
690 3011 733 3067 tui
757 3011 849 3068 sacris
867 3028 935 3067 san·
987 3021 1078 3088 portui
1090 3030 1137 3070 eus
1152 3029 1214 3069 eum
1229 3013 1332 3070 utonis
1344 3012 1381 3068 nd
1400 3013 1488 3069 ultore
1506 3013 1580 3068 intus
1603 3013 1632 3068 in
1652 3013 1815 3080 scriniari

112 3101 226 3175 otiaque
242 3100 331 3173 digna
344 3099 508 3172 mysteriis3
520 3099 559 3156 sit
569 3105 682 3156 aeternae
697 3098 771 3157 lucis
782 3100 934 3156 hahitaou-
989 3104 1067 3177 ponit
1079 3120 1161 3175 super
1175 3103 1386 3170 attarenouo;et
1395 3110 1542 3175 eritequam
1551 3101 1816 3176 recluduntur,pcnit

112 3190 175 3248 lum
190 3186 360 3262 temporale,
377 3186 449 3244 nihil
462 3187 509 3244 hic
524 3189 680 3245 mundunae
691 3190 792 3245 sordes
806 3188 935 3246 obscuri·
950 3167 971 3234 C
990 3194 1117 3267 chrysma
1131 3194 1205 3248 tutus
1220 3193 1251 3247 in
1264 3193 1428 3263 consessione
1440 3208 1491 3265 per
1505 3192 1621 3261 pupulos
1646 3201 1765 3264 quotuor
1788 3194 1816 3248 is

113 3285 248 3352 totosque
253 3277 595 3352 possideant,utveniens
603 3277 651 3333 hic
662 3276 788 3351 populus
798 3284 868 3335 tuns
879 3296 937 3336 suo
992 3299 1072 3340 cruce
1086 3284 1125 3338 itu
1139 3280 1260 3338 diceudo.
1274 3281 1306 3337 lu
1323 3280 1441 3336 nomine
1457 3279 1550 3337 Patris
1564 3284 1593 3336 et
1603 3279 1668 3336 Filii
1684 3286 1714 3338 ot
1728 3280 1814 3355 Spiri·

113 3373 312 3443 consequetur
324 3367 465 3426 orationis
481 3369 628 3438 ellectum,
641 3368 824 3442 dignumque
841 3368 938 3426 locum
993 3375 1041 3428 tus
1057 3369 1149 3428 sancti
1163 3387 1220 3443 pax
1238 3369 1303 3426 tibi.
1318 3375 1344 3437 ἡ.
1362 3371 1398 3426 Et
1418 3385 1485 3425 cum
1511 3369 1615 3441 spiritu
1641 3373 1703 3426 tuo.
1719 3369 1817 3427 urimo

112 3461 191 3518 hunc
207 3462 262 3514 tuse
277 3458 384 3515 sentiat
395 3457 631 3529 majestati,dum
642 3462 709 3514 ante
719 3458 865 3531 postulata
876 3460 938 3515 lua·
991 3463 1070 3536 ponit
1083 3470 1137 3518 tres
1145 3461 1282 3533 portiones
1294 3466 1413 3531 corporis
1427 3459 1482 3515 lini
1500 3460 1574 3514 intus
1589 3460 1620 3515 in
1643 3461 1813 3532 eratenim,

113 3550 152 3608 rit
166 3552 351 3619 consecutus,
367 3545 464 3620 sitque
478 3545 691 3602 aedificantibus
707 3547 859 3620 imperatio
871 3547 940 3604 deli·
992 3559 1018 3608 et
1033 3557 1086 3607 tres
1099 3550 1132 3606 de
1155 3551 1275 3620 incercsc,
1291 3556 1317 3605 et
1341 3548 1522 3604 recluduntur
1542 3548 1674 3621 reliquiae
1692 3550 1768 3605 inuis
1789 3548 1816 3602 is

113 3638 317 3705 sturmium
329 3654 346 3693 a
359 3640 388 3692 te
403 3653 462 3692 non
475 3652 528 3708 pro
543 3635 589 3692 sui
601 3636 696 3708 operis
712 3635 938 3709 quantitate,sed
993 3640 1171 3711 consessione,
1187 3646 1213 3695 et
1225 3638 1290 3694 dura
1302 3637 1490 3707 recluduntur,
1505 3645 1608 3694 cocunt
1623 3637 1722 3711 antiph
1736 3655 1746 3693 .·
1761 3636 1815 3694 Sub

114 3745 166 3802 pro
181 3728 354 3784 offerentum
370 3725 459 3782 luerit
483 3724 635 3781 devotione
651 3728 797 3798 suscepta.
815 3725 940 3799 Diesque
995 3728 1085 3785 altare
1102 3726 1214 3784 Domini
1231 3728 1316 3783 sedes
1330 3726 1499 3801 accepistis,
1514 3726 1687 3783 intercedite
1701 3743 1755 3800 pro
1770 3742 1814 3782 no-

115 3821 242 3875 nostros.
995 3817 1051 3885 his,
1067 3834 1119 3890 par
1142 3833 1230 3890 quem
1254 3815 1415 3873 meruistis.
1430 3816 1463 3871 Et
1486 3816 1566 3888 ponit
1588 3816 1723 3883 tabulam,
1739 3822 1765 3872 et
1775 3814 1815 3871 dut

398 3920 434 3959 sn
453 3920 660 3961 cousmunuu.
676 3970 685 3985 ·
995 3910 1146 3964 orationem
1160 3908 1254 3962 hunc:

150 3993 275 4067 Copiosa
301 3991 453 4058 beneficia,
470 4008 641 4064 quesumus
670 3998 739 4061 Due,
761 3993 941 4052 christianus
1032 3996 1248 4052 Oremns.Deus
1259 3994 1308 4067 qui
1320 4010 1355 4050 ex
1365 3992 1445 4050 omni
1455 3993 1639 4067 coaptatione
1648 3994 1812 4051 Sanctorum

116 4081 242 4158 populus
258 4081 448 4153 adsequatur,
465 4080 563 4154 utqui
583 4082 613 4137 in
637 4081 748 4139 honore
772 4087 941 4141 sanctorum
996 4090 1135 4142 eternum
1152 4084 1203 4140 tibi
1219 4083 1322 4140 condis
1337 4082 1549 4151 habitaculum,
1566 4084 1604 4139 da
1618 4080 1812 4139 aedificationis

116 4169 268 4230 sacrandis
282 4165 336 4224 tibi
360 4166 513 4225 liminibus
532 4169 653 4226 devotus
677 4170 812 4240 occurrit,
830 4176 858 4228 et
876 4174 941 4230 vitro
996 4178 1054 4231 tua
1068 4173 1247 4229 incrementa
1262 4171 1398 4241 coelestia,
1415 4176 1448 4228 ut
1460 4188 1587 4245 quorum
1614 4171 1662 4228 hic
1684 4170 1811 4244 reliquias

52 4328 55 4332 ,
116 4259 249 4319 subsidia
264 4253 416 4332 presentis
432 4255 565 4331 accipiat,
575 4261 604 4314 et
617 4257 743 4332 gratiam
759 4261 942 4334 sempiternas
997 4263 1044 4337 pio
1069 4278 1168 4318 amore
1193 4260 1425 4334 complectimur,
1441 4277 1542 4317 eorum
1568 4276 1687 4333 semper
1711 4256 1812 4316 meritis

116 4347 326 4423 redemptionis
341 4345 480 4414 inveniat,
497 4363 559 4419 per.
997 4352 1179 4425 adjuvemur,
1195 4367 1256 4423 per.

403 4453 655 4510 ῡΕΝυΝΤιΑΤΙΟ,
1034 4440 1136 4498 Deinde
1160 4440 1225 4495 linit
1247 4456 1308 4496 eam
1330 4439 1414 4508 cetea
1428 4453 1491 4512 quse
1514 4445 1595 4495 anuo
1612 4440 1811 4511 suerctpraepu·

117 4547 177 4586 cunr
194 4543 333 4590 aemonis
348 4542 518 4584 SANGTORUM
533 4542 695 4582 unsarans
706 4543 844 4584 rosanus
856 4545 939 4586 suun.
956 4547 979 4612 [J
994 4537 1103 4597 ratc3et
1112 4537 1254 4602 postquam
1261 4530 1348 4600 suerit
1357 4528 1519 4600 linitusocit
1526 4527 1641 4599 desuper
1654 4543 1718 4583 eum
1733 4526 1812 4597 cirpe-

154 4614 341 4674 Dilectissimi
364 4614 486 4672 iratres!
503 4618 583 4671 inter
597 4619 701 4672 catera
723 4615 866 4674 virtutum
884 4617 942 4675 sol·
997 4637 1043 4676 mo
1057 4619 1169 4677 dicendo
1184 4626 1214 4673 ut
1237 4634 1333 4691 supro,
1350 4626 1376 4674 et
1397 4618 1465 4689 fucit
1484 4633 1591 4673 crucem
1608 4616 1740 4673 similiter
1761 4627 1811 4672 cus

117 4705 257 4779 lompnia,
274 4721 338 4777 qne
365 4704 401 4761 ad
431 4702 555 4777 gloriam
582 4703 730 4777 pertinent
757 4705 864 4763 Christi
888 4707 943 4764 Dni
997 4711 1136 4783 chrysma,
1152 4716 1177 4764 et
1189 4723 1240 4780 per
1253 4714 1371 4780 quatuor
1385 4706 1500 4776 anputos
1524 4705 1623 4762 utura
1646 4704 1758 4777 desuper
1774 4701 1810 4757 di·

118 4793 221 4862 nostri,
237 4792 292 4849 hoc
308 4808 425 4865 quoque
449 4791 512 4847 suis
538 4792 673 4865 prestitit
689 4792 876 4868 lilartyribus,
892 4796 944 4869 qui
998 4799 1081 4856 cerdo
1096 4806 1126 4855 ut
1139 4813 1240 4870 supra·
1250 4806 1276 4855 et
1290 4804 1354 4853 tuuc
1367 4797 1438 4852 vetut
1451 4795 1549 4864 attere,
1562 4803 1588 4851 et
1605 4794 1654 4852 du
1675 4794 1811 4852 uuam

118 4901 171 4958 pro
186 4881 314 4939 nominis
329 4881 394 4953 ejus
409 4880 593 4938 consessione
609 4886 702 4939 morte
725 4888 863 4958 suscepta
886 4903 943 4943 coe·
998 4890 1094 4946 hunc:

118 4973 205 5031 lestis
219 4971 340 5045 praemia
354 4973 533 5039 meruerunt,
551 4974 584 5026 ut
599 4970 730 5027 fidelium
744 4974 820 5030 solis
842 4990 944 5033 eorum
1352 4973 1475 5029 Oremus.

120 5060 266 5137 preclaris
282 5058 412 5133 reliquiis
423 5058 581 5116 conlocatis
603 5060 757 5134 integritas
772 5063 865 5119 sancti
882 5080 945 5121 ccr-
1036 5064 1204 5130 Doscendnt‚
1221 5079 1391 5136 qnaesumus
1407 5066 1466 5119 Due
1477 5065 1553 5118 Deus
1568 5064 1681 5127 noster,
1696 5055 1809 5133 Spiritus

120 5150 199 5225 poris
215 5166 279 5206 esse
292 5149 444 5218 credatur;
461 5151 489 5204 et
504 5146 569 5204 ideo
585 5164 741 5205 monemus
760 5149 945 5211 dilectionem
1000 5157 1199 5212 sanctustuus
1209 5152 1362 5226 superhoc
1374 5150 1532 5225 altare,qui
1542 5149 1682 5224 elpopuli
1693 5147 1737 5206 tui
1749 5146 1814 5202 dona

120 5236 473 5312 vestramquoniam‘illa
487 5235 626 5308 ieria‚illo
640 5236 702 5294 loco
713 5238 945 5312 reliquiasancti
1001 5243 1172 5311 sanctificat,
1188 5245 1217 5299 et
1239 5241 1420 5299 sumentium
1435 5240 1524 5296 corda
1536 5239 1689 5296 emundet.
1712 5238 1771 5295 Par.
1787 5233 1815 5289 nt

121 5329 202 5385 illius
216 5326 354 5402 martyris
368 5325 553 5384 conlocanda
570 5329 648 5395 sunt,
660 5343 841 5399 quesumus,
856 5335 888 5388 ut
902 5349 948 5389 va·
1001 5342 1066 5390 tunc
1080 5334 1237 5405 couspcrqit
1250 5347 1351 5403 uquam
1361 5347 1422 5386 curn
1438 5331 1553 5403 hyssopo
1564 5345 1616 5401 per
1639 5336 1724 5386 utam
1743 5322 1815 5383 eccu-

122 5420 215 5473 stram
230 5416 414 5490 presentiam
431 5416 515 5473 nohis
531 5416 718 5472 mouentibus
739 5434 796 5474 non
821 5421 945 5494 negetis.
1001 5425 1087 5492 siom;
1099 5425 1188 5496 ipsum
1209 5436 1327 5494 nomque
1342 5420 1476 5489 udaium,
1491 5435 1575 5492 quam
1600 5434 1685 5492 super
1699 5412 1817 5489 retum

162 5591 235 5664 (163)
249 5593 411 5666 sequentes
438 5594 583 5652 orationes
612 5594 701 5651 etiam
725 5595 756 5652 in
773 5597 936 5656 pontificali
964 5600 1040 5659 Reor.
1057 5600 1205 5675 leguntur.
