3878 6098
144 331 210 393 673
258 340 264 345 '

657 329 899 395 relucebunt
924 332 1058 398 ltEGUM
1082 333 1356 400 caelx‘tibattll.

1797 318 1857 403 erl

146 468 317 523 nostrorum
329 463 366 520 de
375 467 484 521 sancta
495 461 624 520 ecclesia
635 462 745 520 honore
757 468 785 520 et
794 463 981 522 immunitate
995 466 1022 533 Α
1036 467 1106 524 velit
1122 467 1193 524 nolit
1208 468 1256 526 ille
1271 469 1320 542 qui
1344 469 1443 526 divino
1469 469 1590 527 consilio
1612 473 1640 526 et
1655 471 1769 528 decreto
1784 471 1818 508 Μ
1832 477 1862 530 et

147 571 182 612 ac
197 553 429 622 conservatione,
444 557 473 609 et
486 553 523 609 de
543 551 621 626 regio
645 552 734 609 etiam
759 554 869 611 honore
892 559 979 627 atque

145 643 305 718 vigorem,
315 645 344 698 et
354 640 454 715 populi
465 634 552 698 nohis
565 641 716 698 commissi
732 640 795 716 lege
806 659 838 698 uc
850 643 977 716 justitia,

145 732 178 788 in
194 731 335 789 omnibus
349 734 378 787 et
394 731 430 786 ah
445 729 584 787 omnihus
601 733 817 787 conserventur.

184 821 230 877 te.
246 819 284 876 Ut
298 817 392 876 nostri
404 817 730 892 fidelespunusquisque
738 819 767 874 in
776 837 829 876 sno
841 820 980 877 ordiueet

147 912 241 975 statu,
251 907 393 965 veraciter
402 907 461 965 sini
472 908 507 964 de
518 907 604 964 nohis
615 908 722 977 securi,
730 909 800 980 qnia
810 908 981 967 nullumab·

149 1000 220 1056 hinc
234 998 353 1055 inantea
377 1001 479 1054 contra
495 995 588 1071 legem
601 998 635 1033 ⁸⁹³
650 1002 680 1053 et
690 997 850 1068 justitiam,
867 998 909 1055 vel
926 1017 980 1056 au·

149 1087 315 1144 ctoritatem
332 1103 365 1143 ac
375 1086 490 1159 justam
506 1087 661 1154 rationem,
679 1090 730 1142 aut
751 1087 980 1160 dampnabimus

149 1163 203 1234 aut
216 1177 252 1213 ⁸⁹⁸
263 1175 521 1245 dehonorabimus,
529 1179 580 1231 ant
594 1174 796 1248 opprimemus
811 1177 855 1232 vel
871 1177 980 1234 indebi-

148 1267 190 1323 tis
208 1264 478 1322 machinationibus
492 1265 677 1337 adfligemus,
687 1264 737 1320 sed
749 1265 782 1300 ”⁷
797 1264 914 1322 illorum
926 1266 981 1322 sci·

1034 555 1103 613 huic
1118 558 1324 614 convenientiae
1341 559 1522 615 resistens⁹³⁸
1537 565 1565 616 et
1581 560 1783 616 contradicens
1801 563 1861 618 iue-

1033 645 1070 701 rit
1085 652 1266 719 exequantur
1280 649 1323 703 ⁰³⁹.
1340 649 1375 704 Et
1397 648 1420 704 si
1444 647 1553 721 aliquis
1577 649 1612 705 de
1637 648 1803 705 senioribus
1826 651 1862 711 de

1033 734 1087 791 hac
1113 735 1314 793 convenientia
1338 736 1441 793 exierit
1456 739 1490 774 ⁰⁸⁰
1505 742 1556 795 eut
1582 754 1613 794 se
1639 738 1800 806 retraxerit,
1817 737 1861 793 vel

1033 822 1101 879 huic
1116 825 1266 881 communi
1292 826 1417 894 decreto,
1435 827 1514 899 qnod
1538 827 1625 897 absit,
1643 826 1861 893 contradixerit,

1033 929 1100 969 curu
1115 913 1215 986 plures
1230 914 1381 971 seniorum
1391 915 1422 950 ⁹⁸¹
1435 920 1603 971 nostrorum
1621 915 1720 972 fideles
1731 915 1766 950 Μ
1781 921 1809 972 et
1821 932 1863 973 re·
1887 938 1890 942 ’

1033 1017 1157 1074 gnorum
1174 1003 1317 1075 primores
1332 1003 1362 1058 in
1383 1022 1475 1059 unum
1500 1004 1688 1061 convenerint
1702 1005 1746 1071 ⁹⁸⁸,
1760 1021 1861 1060 eorum

1034 1090 1083 1163 qui
1106 1090 1166 1146 hac
1180 1093 1215 1127 ⁹⁸⁸
1229 1092 1446 1149 observaverint
1468 1093 1618 1150 seniorum
1634 1095 1669 1128 ⁹⁸⁵
1686 1092 1817 1161 consilio,
1834 1097 1863 1149 et

1033 1181 1067 1216 Μ
1082 1181 1287 1253 episcoporum
1294 1182 1405 1254 judicio
1418 1199 1450 1238 ac
1462 1183 1611 1238 communi
1623 1199 1778 1250 consensu,
1794 1199 1864 1256 qua·

1033 1268 1100 1325 liter
1113 1269 1148 1324 de
1164 1286 1197 1325 eo
1213 1271 1262 1342 qui
1279 1271 1375 1327 debite
1391 1271 1561 1327 admonitus
1576 1269 1784 1345 incorrigibilis
1799 1286 1862 1342 per-

149 1356 220 1424 licet
234 1353 414 1410 veraciter⁸⁹⁸
431 1353 517 1410 nobis
532 1353 663 1409 fidelium
679 1353 828 1409 communi
846 1355 980 1424 consilio,
1034 1359 1207 1414 severaverit
1223 1359 1368 1431 agendum
1384 1359 1432 1432 sit,
1447 1359 1568 1416 iaciente
1578 1359 1611 1395 ⁹⁸⁷
1622 1359 1746 1415 Domino
1762 1359 1860 1415 decer·

149 1443 315 1501 secuudum
328 1443 377 1499 Dei
393 1441 573 1499 voluntatem
582 1442 981 1500 et⁸⁰⁹rommunosalvamcm
1035 1450 1131 1501 natur.
1144 1447 1178 1502 at
1189 1451 1220 1501 ut
1231 1446 1366 1503 obnixius
1377 1449 1409 1482 ⁹⁸⁸
1421 1447 1621 1520 suprascripta
1638 1447 1793 1520 capitulae
1808 1464 1862 1503 no-

148 1540 228 1600 tum,
246 1534 280 1589 ad
302 1532 516 1589 restitutionem
542 1536 649 1588 sancta
674 1531 724 1587 Dei
750 1532 877 1589 ecclesiae
903 1537 932 1590 et
947 1535 981 1570 ⁹⁰⁰
1035 1532 1386 1591 hisauxilianteDomino
1400 1534 1817 1602 inviolabiliterobserventur,
1835 1540 1864 1592 et

150 1627 263 1677 statum
279 1619 372 1694 regni,
387 1624 415 1676 et
430 1620 465 1676 ad
483 1619 622 1676 honorem
646 1620 759 1693 regium
776 1624 864 1694 atque
878 1639 980 1695 pacem
1035 1639 1088 1678 nos
1104 1622 1153 1678 illa
1168 1623 1373 1680 observaturos
1388 1623 1497 1680 certius
1513 1625 1546 1659 ⁹⁸⁹
1562 1624 1708 1690 credatur,
1725 1622 1864 1680 manibus

149 1711 253 1785 populi
264 1709 414 1767 commissi
427 1709 511 1765 nobie
521 1711 554 1744 ⁹⁰¹
563 1709 731 1781 pertinenti,
744 1711 901 1767 adsensum
912 1729 982 1785 prta·
1035 1712 1161 1785 propriis
1180 1712 1214 1748 ⁸¹⁵⁰
1236 1713 1338 1768 subter
1361 1712 1543 1769 firmavimus
1559 1713 1602 1767 ⁹⁸¹.
1617 1711 1864 1768 denuntiationes

150 1801 309 1867 bebimus3
325 1799 354 1855 iu
369 1801 403 1835 ⁰⁰¹
418 1798 483 1867 hoc,
502 1802 534 1854 ut
552 1797 595 1853 illi
614 1815 670 1854 non
687 1800 721 1834 ⁹⁰³
735 1798 832 1855 solum
848 1818 905 1856 uon
922 1800 981 1856 sint
1034 1802 1068 1837 ⁹³²
1081 1800 1193 1857 domini
1209 1800 1373 1858 Hlndovtici
1398 1802 1474 1874 regis
1500 1803 1576 1874 apud
1603 1800 1804 1857 Confluentem
1817 1801 1863 1871 ⁰⁸³,

149 1890 239 1946 n'obis
254 1888 487 1946 contradicentes
507 1889 541 1923 ω*
560 1891 589 1943 et
607 1888 775 1945 resistentes
791 1890 826 1944 ad
843 1889 899 1945 ista
914 1907 980 1946 exc·
1035 1889 1137 1962 lingna
1152 1889 1328 1946 'theothisca
1340 1890 1384 1946 ⁹⁵⁴.

150 1979 281 2051 quenda,
296 1993 398 2034 rerum
415 1977 503 2033 ctiam
516 1977 558 2033 sic
573 1979 633 2033 sint
647 1977 731 2033 nohis
746 1979 780 2013 ⁹⁰⁵
796 1978 895 2035 fideles
910 1980 981 2034 ct⁰⁰⁸
1072 1981 1097 2034 1.
1113 1978 1173 2035 Vos
1188 1979 1280 2045 scitis,
1295 1979 1364 2051 quid
1391 1980 1419 2034 in
1445 1979 1501 2034 isto
1527 1995 1615 2052 regno
1631 1980 1735 2035 evenit.
1752 1980 1787 2035 Et
1800 1980 1865 2035 ideo

150 2069 334 2132 obedientes,
351 2082 385 2123 ac
405 2065 462 2122 veri
489 2067 638 2139 adjutores
663 2071 750 2140 atque
765 2068 798 2104 ⁹⁰⁷
813 2072 981 2140 cooperato·
1035 2067 1093 2123 hnc
1109 2067 1309 2134 centenimus,
1326 2071 1358 2122 ut
1373 2067 1407 2123 de
1424 2067 1474 2123 llei
1489 2066 1638 2122 voluntate
1654 2071 1681 2122 et
1697 2071 1804 2123 sonetur
1821 2083 1865 2122 ec·

151 2173 278 2214 resuere
288 2154 411 2212 consilio
421 2159 450 2211 et
461 2155 573 2211 sincero
585 2154 691 2211 auxilio
703 2156 737 2210 ad
750 2157 805 2211 ista
816 2157 982 2228 peragenda

150 2263 219 2320 quc
233 2246 269 2281 ’θ’
283 2243 574 2319 premisimussicut
585 2261 636 2316 per
649 2249 761 2300 rectum
778 2246 982 2318 unusquisque

150 2336 184 2390 in
198 2352 253 2391 suo
268 2334 371 2391 ordine
386 2338 414 2390 et
424 2334 458 2369 ’θ’
473 2336 552 2389 statu
571 2350 624 2390 sue
639 2333 765 2406 principi
781 2339 810 2389 et
821 2335 855 2369 ⁹¹⁰
867 2351 921 2390 suo
936 2351 981 2391 se-

152 2424 230 2479 niori
246 2424 279 2458 '¹¹
295 2439 359 2479 esse
375 2421 470 2478 debet.

191 2514 235 2567 ll.
253 2511 290 2568 Ut
305 2512 347 2568 sic
362 2510 453 2567 simul
468 2510 724 2582 conjuncti,etnos
734 2510 839 2567 iratres
849 2529 881 2567 ac
893 2529 983 2585 nepos

152 2606 257 2658 noster
270 2602 308 2657 ad
325 2600 460 2666 invicem,
476 2603 505 2655 et
521 2617 574 2655 nos
590 2616 657 2656 cum
674 2599 811 2656 fidelihus
827 2603 984 2668 nostriset

152 2692 189 2727 ⁸¹¹
198 2689 302 2745 ildeiee
312 2688 404 2745 nostri
418 2689 582 2755 nobiscum,
595 2694 623 2745 et
634 2706 736 2745 omnes
747 2689 835 2745 simul
846 2707 914 2746 cunr
925 2690 983 2747 lieo

154 2796 209 2836 nos
223 2779 259 2814 '¹⁸
272 2778 531 2851 reconjungamus,
547 2782 576 2833 et
592 2779 625 2813 ⁹¹⁸
641 2781 673 2833 ut
688 2777 772 2833 nobis
787 2777 825 2832 sit
839 2778 984 2852 propitius

154 2868 197 2924 illi
213 2868 248 2904 ⁰¹⁸
262 2884 316 2941 pro
331 2866 433 2923 devoto
447 2882 569 2922 munere
588 2867 756 2923 oderamus.
773 2869 809 2924 at
823 2868 983 2942 unusquis-

155 2974 212 3030 que
220 2956 396 3013 omnium’¹⁶
407 2960 574 3012 nostrorum
586 2955 698 3028 absque
709 2974 763 3012 sua
773 2957 929 3030 propriam
938 2976 984 3014 ex·

159 3044 984 3120 cusationeveljustificatione⁹¹⁸recognoscamus,inqui-

159 3135 211 3190 hus
226 3137 281 3191 aut
305 3132 477 3207 singillatim
498 3137 550 3189 aut
571 3135 769 3190 communiter
786 3139 888 3191 contra
903 3135 983 3193 illius

1037 2156 1130 2213 ciceia
1146 2157 1316 2224 statu,etdo
1331 2160 1430 2212 nostra
1446 2173 1478 2211 ac
1493 2161 1590 2210 vestra
1605 2154 1755 2212 communi
1771 2154 1866 2211 salute

1037 2245 1254 2318 atquchonore‚
1266 2250 1295 2301 et
1310 2246 1345 2301 de
1362 2262 1432 2318 pace
1449 2243 1549 2316 populi
1566 2243 1803 2304 christianicum
1813 2238 1864 2299 Dei

1037 2335 1182 2407 adjutorio
1202 2340 1231 2391 et
1252 2333 1382 2390 fidelium
1411 2339 1580 2390 nostrorum
1610 2332 1731 2388 consilio
1755 2336 1865 2388 tracta-

1037 2440 1146 2479 remus.

1072 2516 1098 2568 2.
1116 2513 1150 2568 Et
1166 2512 1303 2568 misimus
1318 2511 1372 2568 hoc
1388 2527 1476 2585 super
1493 2510 1646 2583 episcopos
1661 2513 1689 2565 et
1702 2513 1814 2565 ceteros
1831 2509 1864 2564 tl·

1038 2602 1117 2660 deles
1132 2608 1258 2667 nostros,
1271 2607 1304 2657 nt
1315 2601 1355 2656 ilii
1368 2601 1421 2657 hoc
1432 2600 1607 2665 invenirent,
1621 2598 1747 2670 qualiter
1759 2615 1812 2654 nos
1827 2597 1864 2654 ad

1038 2691 1098 2747 hec
1110 2708 1173 2764 quae
1185 2692 1314 2747 diximus
1325 2691 1496 2762 exequenda
1511 2689 1720 2744 adunaremus.
1732 2689 1766 2742 Et
1780 2685 1865 2742 volu·
1886 2702 1890 2710 ’

1038 2777 1464 2850 musutscintis,qniueicutilli
1478 2778 1650 2832 invenerunt
1660 2778 1689 2831 et
1700 2775 1867 2847 scriptono·

1038 2867 1083 2924 bis
1094 2868 1335 2936 ostenderunt⁹⁸⁸,
1349 2867 1519 2924 adinvicem
1532 2864 1650 2921 adunati
1664 2880 1780 2932 sumus,
1792 2864 1869 2919 sicut

1039 2956 1144 3013 iratres
1150 2972 1201 3027 per
1213 2960 1322 3012 rectum
1334 2972 1398 3011 esse
1409 2955 1526 3021 debent,
1536 2951 1719 3010 etnossimul
1730 2969 1798 3008 cum
1811 2951 1868 3008 isto

1039 3050 1142 3118 nepote
1153 3051 1251 3101 nostro
1263 3049 1291 3101 et
1302 3044 1350 3101 ille
1359 3044 1525 3101 nobiscum.
1537 3043 1572 3099 Et
1582 3042 1669 3098 etiam
1682 3059 1752 3098 suos
1764 3041 1868 3097 iratres

1039 3135 1082 3201 ⁹³⁶,
1095 3139 1214 3207 nepotes
1225 3137 1351 3204 nostros,
1363 3133 1392 3188 in
1405 3133 1459 3188 hac
1469 3131 1659 3188 adunationis
1672 3131 1809 3186 firmitate
1820 3146 1869 3185 no·

162 3224 299 3280 mandata
312 3224 348 3259 ⁰¹⁰
361 3226 390 3280 et
405 3223 521 3278 decreta
541 3239 661 3279 suorum
679 3227 846 3280 sanctorum
863 3225 986 3282 lecimus
1000 3207 1021 3276 C
1040 3223 1155 3279 hiscum
1172 3222 1345 3296 recepimus,
1359 3222 1401 3278 ita
1417 3227 1526 3288 tamen,
1539 3222 1563 3277 si
1575 3225 1604 3275 et
1614 3222 1647 3255 ⁹⁵⁷
1658 3220 1713 3292 ipsi
1730 3219 1806 3275 hanc
1818 3220 1869 3274 ilr-

162 3320 207 3369 aut
231 3311 440 3369 consensimus
456 3312 490 3347 ⁹¹⁰
514 3311 544 3366 in
567 3312 669 3368 ordine
692 3312 888 3370 ecclesiastico
911 3318 939 3370 et
954 3315 986 3353 tu
1041 3310 1171 3368 mitatem
1188 3328 1257 3385 erga
1272 3329 1325 3368 nos
1341 3309 1461 3367 fecerint
1476 3314 1504 3365 et
1518 3308 1745 3365 observaverint.

163 3408 237 3460 statu
255 3403 387 3476 regebat
397 3419 449 3476 per
460 3400 576 3475 singula
591 3403 621 3457 in
633 3403 762 3458 medinm
777 3402 867 3460 illum
882 3406 987 3477 produ·
1076 3402 1102 3456 3.
1120 3401 1154 3455 Et
1164 3401 1274 3468 sciatis,
1286 3400 1356 3473 qnia
1369 3416 1426 3455 non
1440 3398 1587 3464 volumus,
1599 3401 1632 3452 ut
1642 3395 1720 3451 nllus
1730 3394 1869 3450 internos

162 3506 272 3549 camus.
284 3492 320 3546 ut
334 3507 419 3547 nemo
435 3494 570 3547 nostrum
586 3508 640 3547 suo
655 3495 706 3546 aut
720 3492 754 3527 ⁸²⁸
767 3492 872 3559 amico,
889 3498 940 3550 aut
954 3493 989 3529 θ’*
1041 3489 1147 3546 abhinc
1158 3491 1187 3545 iu
1198 3493 1283 3546 antea
1298 3488 1355 3544 alia
1370 3488 1456 3544 verba
1471 3490 1566 3559 portet
1576 3485 1632 3541 nisi
1644 3483 1714 3540 talia
1729 3500 1793 3555 quae
1809 3482 1868 3539 Deo

161 3581 324 3655 propinquo
337 3578 383 3636 vel
397 3579 431 3615 ”⁸
446 3580 652 3648 conioederato,
669 3579 760 3636 immo
784 3598 837 3637 nec
858 3581 913 3638 sibi
930 3582 988 3655 ipsi
1041 3578 1100 3634 sint
1112 3578 1228 3650 placitu,
1239 3581 1266 3633 ot
1278 3594 1342 3649 qua
1353 3577 1388 3632 ad
1402 3579 1532 3632 nostram
1545 3588 1731 3630 communem
1744 3571 1869 3639 salutem

160 3668 187 3707 ”⁸
202 3668 378 3726 seculariter
392 3673 502 3742 pareat,
516 3670 589 3725 ut⁹¹⁷
606 3668 777 3742 spiritaliter
789 3675 817 3726 et
833 3670 989 3728 salubriter
1040 3672 1068 3724 et
1079 3672 1211 3724 nestrum
1224 3667 1363 3722 honorem
1375 3664 1557 3737 pertineant,
1575 3667 1607 3717 ut
1623 3663 1664 3717 sic
1680 3654 1775 3717 simus
1791 3660 1869 3716 sicut

156 3771 276 3829 parcere
293 3758 401 3831 pessit3
417 3758 501 3831 quin,
518 3758 595 3815 siout
620 3759 820 3831 premisimus
836 3759 866 3814 in
882 3777 988 3832 prece·
1042 3757 1146 3812 iratres
1162 3756 1190 3810 in
1206 3755 1341 3822 invicem,
1358 3760 1386 3809 et
1401 3752 1498 3826 patrui
1513 3769 1579 3808 cum
1597 3749 1764 3823 nepotibus,
1777 3754 1806 3805 et
1819 3765 1867 3804 ne·

154 3846 237 3905 denti
261 3845 402 3920 capitulo,
419 3863 486 3903 vero
510 3846 631 3903 oonsilio
654 3851 682 3903 ct
696 3849 730 3883 ’²⁸
746 3847 860 3904 sincero
879 3848 987 3905 anxilio
1041 3851 1123 3919 potes
1138 3861 1205 3901 cum
1222 3842 1346 3917 patruis,
1356 3860 1421 3899 esse
1437 3842 1555 3898 debent.
1567 3841 1602 3896 lit
1617 3840 1641 3896 si
1658 3838 1764 3911 aliquis
1781 3836 1870 3893 suerit

149 3932 203 3994 t'ila
213 3936 246 3992 in
257 3952 415 3992 commune
434 3936 569 3992 certatim
586 3937 743 3992 emendare
754 3939 788 3972 ⁹²⁹
798 3937 989 4017 totis-viribus
1042 3935 1092 4009 qui
1104 3935 1158 3990 hoc
1175 3934 1266 3989 iacere
1278 3932 1443 3999 tentaverit,
1458 3931 1636 4003 producatur
1648 3928 1677 3983 in
1689 3927 1821 3984 medium
1832 3926 1869 3983 ad

147 4021 184 4063 ’ὓ
200 4041 399 4100 procuremus
414 4025 459 4096 ⁹³¹,
477 4025 654 4096 quantocius
669 4025 883 4082 rationabiliter
892 4027 926 4062 ⁹³¹
940 4043 989 4099 po·
1041 4023 1195 4092 rationem,
1213 4027 1241 4077 et
1255 4021 1352 4077 taliter
1373 4021 1441 4076 inde
1462 4018 1632 4091 castigetur,
1650 4022 1682 4072 ut
1695 4033 1781 4072 nemo
1795 4014 1872 4072 alius

144 4115 291 4172 terimus.
1042 4113 1151 4170 similia
1166 4113 1199 4147 ⁹⁶⁸
1215 4127 1299 4183 agere
1314 4113 1417 4167 tentet.

186 4205 237 4261 l2.
254 4207 290 4258 at
303 4201 329 4258 si
344 4202 453 4275 aliquis
463 4218 498 4258 ex
509 4203 543 4239 ’θ’
553 4202 690 4271 subditis,
703 4204 731 4259 in
744 4221 929 4278 quocumque
945 4222 988 4261 or·
1078 4205 1103 4258 l.
1120 4203 1155 4258 Et
1167 4203 1201 4237 ⁹⁵⁹
1214 4201 1359 4266 volumus,
1376 4197 1553 4255 ut'ecclesie
1568 4202 1596 4254 et
1611 4213 1685 4253 casae
1701 4195 1799 4260 Debet
1814 4192 1874 4267 epi·

139 4290 223 4348 dine
240 4296 269 4348 ct
284 4295 362 4348 statu
376 4292 420 4358 ⁹³⁵,
433 4292 469 4347 de
482 4291 538 4348 hac
553 4293 754 4349 convenientia
773 4294 874 4350 exierit
888 4298 939 4351 aut
954 4296 988 4331 ⁹³⁸
1042 4292 1122 4365 scopi
1137 4297 1167 4348 et
1180 4290 1229 4346 Dei
1244 4286 1496 4356 homines,clerici
1511 4291 1540 4343 et
1555 4284 1692 4342 monachi
1708 4288 1737 4339 et
1752 4298 1871 4348 nonne,

137 4393 184 4437 se
197 4379 364 4451 retraxerit,
376 4379 421 4436 vel
433 4380 502 4436 huic
517 4382 668 4437 communi
681 4382 796 4438 decreto
807 4384 987 4440 contradixe·
1041 4383 1129 4439 talem
1140 4379 1373 4436 mundeburdem
1383 4377 1561 4433 ethonorem
1570 4374 1708 4437 habeant,
1719 4373 1873 4426 sicuttem·

135 4470 204 4535 rit,
216 4469 350 4526 seniores
365 4484 432 4525 cnm
447 4468 632 4526 veraciterm
648 4469 785 4527 fidelihus
800 4470 862 4527 suis
873 4471 986 4528 baecse·
1041 4488 1110 4545 pore
1126 4473 1343 4526 antecessorum
1359 4469 1527 4521 nostrorum
1544 4461 1722 4518 hahuerunt.

127 4552 1026 4645 eunduiniieivoluntatemetlegemacjuetamrationemp
1077 4564 1104 4617 5.
1122 4561 1155 4615 Et
1169 4556 1316 4620 volumus,
1334 4558 1366 4608 ut
1379 4570 1431 4610 voe
1447 4557 1476 4608 et
1502 4550 1589 4608 ceteri
1613 4547 1748 4604 homines
1772 4545 1873 4603 fideles

834 4675 954 4733 VARIAE
977 4676 1184 4737 Lacrloubs.

191 4773 226 4807 ⁸⁹⁸
241 4790 269 4828 s.
286 4789 313 4826 v.
329 4771 428 4828 decant
442 4755 506 4829 Bur.
546 4773 580 4809 ⁸⁹⁸
602 4777 631 4828 et
660 4773 679 4828 i.
709 4791 737 4830 v.
768 4791 794 4829 u.
825 4791 852 4830 a.
884 4774 903 4830 i.
932 4794 959 4833 v.
985 4796 1012 4835 a.
1037 4778 1134 4834 desunt
1148 4775 1175 4829 3.
1213 4768 1485 4825 bicamerata.
1524 4766 1677 4849 ⁸⁹latitet.
1715 4761 1871 4818 ⁸⁹⁸v.n.t.

108 4838 293 4900 desunt&
331 4844 366 4879 ⁸⁰⁰
380 4848 409 4899 et
423 4860 448 4899 c.
463 4862 487 4900 s.
502 4844 600 4901 desunt
615 4845 641 4899 3.
681 4845 763 4900 ⁰⁰⁰et
786 4849 822 4900 st.
847 4863 870 4901 r.
901 4851 931 4901 et
957 4865 983 4904 a.
1007 4849 1037 4905 h.
1061 4866 1085 4903 r.
1108 4845 1205 4901 desunt
1220 4844 1246 4898 3.
1285 4842 1317 4875 ⁹⁰¹
1334 4858 1363 4895 n.
1381 4856 1409 4911 p.
1426 4839 1522 4894 dosunt
1537 4840 1564 4894 3.
1602 4838 1636 4873 ⁹⁰2
1652 4855 1670 4892 1.
1688 4835 1829 4890 haecum
1843 4833 1870 4888 3.

106 4904 435 4972 ⁵‘⁸n.s.destmt3.
473 4917 548 4972 ⁹⁰⁴0.
565 4920 593 4972 et
607 4915 742 4972 morantii.
780 4916 937 4973 ”trecea
976 4921 1095 4977 ⁰⁰⁸eto.
1112 4915 1250 4972 desueta.
1290 4912 1323 4946 ’θ’
1340 4929 1365 4967 a.
1383 4928 1407 4966 c.
1425 4913 1525 4966 desunt
1539 4911 1567 4964 3.
1606 4909 1639 4944 ⁹⁰³
1677 4904 1870 4986 peccanti.

110 4974 236 5042 “”et
251 4985 398 5043 stdcsuot
410 4988 436 5042 3.
476 4989 510 5023 ⁹¹⁰
523 4988 594 5043 deest
608 4988 635 5042 3.
674 4987 707 5022 ⁹¹¹
723 4987 796 5043 deest
809 4988 836 5042 3.
875 4989 909 5024 ⁹¹¹
933 4994 962 5044 et
986 4991 1006 5048 t.
1032 5010 1062 5047 n.
1090 5007 1119 5044 n.
1137 4992 1165 5042 et
1179 5002 1205 5040 o.
1221 4984 1320 5039 desunt
1333 4984 1360 5039 3.
1399 4983 1434 5017 ⁹¹⁸
1449 4983 1524 5038 dccet
1539 4982 1566 5037 3.
1605 4980 1639 5016 ⁹¹⁸
1669 4984 1724 5032 cest
1737 4977 1764 5030 3.
1802 4975 1836 5010 ⁹¹⁵
1849 4991 1870 5029 1.

179 5059 232 5163 ὶ(1.
249 5073 290 5112 m.
306 5074 335 5113 o.
339 5057 445 5165 ⁹diesceret
459 5060 485 5115 3.
524 5058 645 5166 ’iisdem
657 5059 683 5114 3.
723 5059 841 5164 labdeeet
854 5060 881 5113 3.
908 5061 954 5167 ⁹:2⁸
968 5079 994 5118 v.
1020 5063 1047 5146 i..
1064 5062 1162 5117 decant
1182 5058 1209 5112 3.
1248 5056 1285 5162 ὀἱ
1297 5055 1371 5110 ctd.
1389 5053 1568 5160 esmgtesreu
1583 5053 1609 5107 3.
1635 5050 1683 5174 tm
1698 5064 1723 5103 c.
1739 5050 1792 5101 ant
1806 5045 1870 5172 id}

118 5129 339 5257 §cuffiam
368 5129 517 5257 egwgffia.
547 5130 654 5257 dailairerit
668 5131 697 5256 ξ
734 5202 768 5237 ⁰²⁹
784 5129 945 5273 veetlnghdari
956 5129 1245 5262 vhpr..1.8desegnt[3'.v'
1262 5126 1413 5255 dcxiii}
1439 5197 1471 5232 ⁰⁸¹
1487 5128 1633 5250 crilrteriiuse
1638 5133 1828 5245 3·⁸·„l}·d{³3·s,
1842 5188 1869 5242 3.

132 5254 246 5329 q3⁸⁸de
262 5275 293 5327 B.
332 5273 410 5337 ”tet
424 5276 461 5328 st.
475 5272 572 5329 deaut
586 5273 613 5328 3.
652 5272 686 5307 ⁹³¹
712 5289 739 5328 a.
766 5289 791 5327 s.
817 5291 840 5327 r.
862 5272 960 5330 decant
983 5277 1011 5331 3.
1049 5277 1083 5311 ⁹³⁸
1097 5275 1169 5330 deest
1182 5272 1208 5327 3.
1246 5267 1552 5324 ”taratantara
1591 5264 1663 5315 ⁹⁸⁸r.
1681 5263 1709 5314 et
1732 5259 1828 5314 desunt
1841 5259 1869 5314 3·

132 5336 230 5397 Uli.
248 5342 308 5398 hac
323 5348 465 5416 sequatur
479 5344 505 5399 3.
544 5344 577 5380 Μ
594 5360 620 5399 a.
638 5360 662 5399 s.
679 5361 703 5398 r.
719 5361 746 5398 v.
765 5343 793 5398 h.
808 5360 834 5399 c.
855 5345 884 5399 d.
911 5363 939 5417 q.
965 5364 992 5403 a.
1018 5362 1043 5403 c.
1065 5347 1163 5403 desunt
1187 5344 1214 5398 3.
1253 5341 1285 5375 “¹
1311 5357 1334 5395 s.
1366 5356 1395 5394 n.
1426 5337 1524 5394 desum
1551 5336 1577 5389 3.
1609 5332 1759 5388 seniorum
1788 5344 1871 5403 toque

145 5413 312 5470 xeniorum
327 5413 426 5471 desum
438 5418 505 5471 Bor.
544 5415 578 5451 ⁹⁸¹
602 5415 621 5471 i.
648 5415 729 5488 regni
757 5414 850 5470 nostri
876 5415 904 5470 in
927 5417 953 5472 3.
992 5418 1026 5454 ’δ’
1039 5435 1064 5474 c.
1082 5422 1111 5474 et
1125 5433 1149 5472 e.
1166 5415 1193 5469 3.
1232 5412 1266 5449 ⁹⁴⁸
1279 5410 1396 5466 dccctB.
1435 5408 1469 5442 ⁹⁸⁸
1483 5406 1556 5462 deest
1570 5404 1674 5488 ΒΝ
1689 5418 1722 5458 ae
1738 5416 1872 5485 commu·

149 5484 193 5539 xri
204 5501 234 5555 e.
250 5483 277 5540 3.
315 5486 348 5522 “²
364 5486 488 5541 iaciente
499 5486 525 5542 3.
542 5487 571 5542 S.
590 5487 621 5542 B.
639 5486 752 5542 favente
766 5489 833 5541 liar.
872 5487 905 5521 ⁹⁴⁸
919 5487 1034 5545 firmius
1048 5490 1075 5544 3.
1114 5486 1269 5541 “tereste
1307 5478 1442 5535 ⁹³⁰nostri
1459 5478 1485 5534 3.
1524 5477 1555 5559 ⁰⁸}
1568 5476 1677 5549 reteque
1691 5473 1789 5529 desum
1802 5471 1870 5528 ΜΒ.

149 5552 198 5591 ¹³¹
213 5556 396 5614 attrxuntiatio
412 5557 441 5612 S.
460 5558 490 5614 B.
528 5558 563 5593 ⁹⁸³
578 5556 759 5614 continentes
774 5561 802 5612 S.
820 5556 851 5613 B.
890 5558 923 5593 θ’*
947 5559 1097 5617 theodisca
1120 5564 1275 5614 constanter
1299 5553 1328 5609 S.
1353 5551 1381 5607 li.
1420 5549 1454 5584 ⁹⁵⁸
1469 5551 1678 5606 nuntiaverunt
1693 5549 1760 5605 Ber.
1798 5543 1869 5607 ms·

160 5630 280 5688 etan.
296 5629 362 5688 Bor.
401 5629 434 5669 ⁹⁸³
450 5627 521 5688 uisi
538 5634 603 5691 tior.
642 5629 675 5667 ⁹⁸⁸
691 5626 827 5687 similiter
844 5633 909 5690 Bar.
947 5631 982 5669 ’θ’
995 5631 1066 5690 deest
1080 5631 1144 5688 Bur.
