3878 6098
106 319 165 377 66
664 314 854 380 6666666
876 317 1266 382 pmsoacocmorm.
1750 288 1815 387 ’666

144 447 208 503 413.
224 446 262 504 [lt
280 447 405 522 auguria
420 446 463 504 vel
479 446 693 505 incantationes
708 466 766 506 nou
780 450 933 507 observen-
948 451 977 518 Α
1026 452 1071 508 30.
1088 457 1128 508 146
1142 451 1205 509 4666
1220 455 1320 508 666616
1336 452 1520 508 6666146666
1535 455 1690 526 tangendo.

105 540 166 593 tur.
586 567 588 571 ·
1025 541 1070 596 31.
1088 541 1128 598 446
1143 557 1176 596 66
1199 540 1250 612 664
1271 540 1399 597 detrahit
1418 540 1490 598 locis
1516 545 1684 598 sanctorum
1706 549 1817 617 marty·

143 627 208 688 114.
226 625 267 682 146
281 624 524 682 Christianisnon
541 626 936 700 debentibusquareredivi-
990 647 1067 686 rum.

106 715 254 772 nationes.
1025 719 1070 773 32.
1087 718 1127 774 146
1141 717 1213 775 16646
1229 719 1341 775 6666446
1353 718 1493 776 66166616.

144 805 208 860 415.
225 804 265 860 146
280 803 423 861 inanitate
438 804 584 861 bonorum
600 820 722 876 operum
739 807 881 878 quamdiu
897 808 936 863 sit
1025 808 1072 863 33.
1093 809 1174 874 Quod
1190 808 1285 864 carior
1300 807 1421 882 sanguis
1436 813 1556 872 sanctus
1572 826 1661 882 quam
1677 809 1769 866 loeus.

106 892 198 950 homo
215 893 246 948 iu
261 892 315 948 hac
330 893 524 949 observantia.
1026 897 1071 951 34.
1088 896 1223 953 Probatio
1238 913 1291 953 cnr
1302 897 1397 953 carior
1411 901 1532 955 sanctus
1546 899 1669 972 sanguis
1679 916 1768 971 quam
1778 899 1818 954 lo-

145 983 207 1038 416.
226 981 267 1038 146
281 999 368 1055 paena
382 980 572 1038 divinationis
590 981 691 1055 hujus.
991 1002 1054 1042 cus.

146 1072 208 1128 417.
217 1071 258 1128 146
265 1071 438 1144 paenitentia
446 1071 936 1132 Christianorumdivinationesob·
1026 1075 1071 1130 35.
1088 1079 1126 1131 146
1141 1073 1273 1132 ecclesiis
1284 1075 1321 1131 ab
1334 1074 1503 1132 infidelibus
1515 1093 1573 1132 666
1590 1076 1761 1134 fundandis.

110 1161 302 1217 servantium.
1027 1163 1071 1219 36.
1087 1164 1127 1219 146
1143 1164 1255 1220 advena
1269 1165 1386 1238 proprio
1402 1164 1523 1220 arbitrio
1540 1170 1709 1222 construere
1718 1165 1816 1222 locum

144 1249 207 1305 118.
223 1248 264 1304 146
289 1248 422 1322 auguriis
447 1266 505 1305 uon
524 1250 714 1306 observandis
738 1251 853 1308 etiamsi
870 1269 937 1309 vera
991 1269 1050 1308 uon
1066 1256 1193 1325 potente.

110 1339 178 1394 siut.
1027 1341 1072 1394 37.
1089 1340 1129 1396 146
1144 1340 1255 1396 advena
1271 1341 1368 1397 sinon
1384 1342 1522 1413 potuerit,
1538 1346 1567 1397 ct
1582 1341 1705 1399 voluerit
1720 1343 1817 1399 locum

147 1427 259 1484 119146
271 1445 360 1484 causa
370 1444 428 1501 qua
439 1428 586 1486 daemones
601 1427 667 1502 6166
678 1430 871 1504 sciuntquam
883 1431 937 1487 bo·
992 1428 1133 1484 obtinere.

112 1517 217 1572 mines.
1027 1518 1073 1573 38.
1082 1518 1163 1583 Quod
1180 1535 1236 1573 666
1253 1518 1363 1574 6666446
1375 1516 1505 1574 locorum
1522 1520 1721 1576 conditoribus
1732 1521 1819 1577 sacri·

145 1605 256 1662 116146
272 1605 390 1663 14666446
400 1604 690 1680 Christiana(uempe
701 1606 836 1665 libertate
854 1626 870 1664 a
891 1626 937 1666 su·
993 1605 1152 1674 licendum,
1169 1607 1220 1662 sed
1235 1607 1304 1663 Deo.

112 1695 307 1768 perstitione.)
1028 1696 1121 1751 39146
1136 1696 1261 1752 termino
1276 1695 1331 1752 loci
1347 1696 1441 1753 sancti
1457 1697 1566 1771 signati
1577 1698 1792 1770 terminatoque
1803 1717 1821 1754 a

315 1837 490 1894 CAPlTULA
513 1838 610 1895 Lfflffl
630 1838 733 1894 SEXTI
953 1820 976 1885 B
994 1783 1265 1929 tmllbllsDbebsalrllllro
1281 1874 1473 1929 terminorum
1490 1875 1584 1931 666644
1599 1873 1665 1933 1664.

424 1951 460 1990 ⁰⁸
479 1952 616 1992 mms's·
1029 1961 1121 2017 44146
1136 1960 1182 2019 his
1198 1961 1392 2035 6641666666
1408 1966 1538 2034 tempore
1551 1964 1822 2036 retinent,qualiter

150 2051 171 2106 1.
189 2050 515 2108 146666646666616646.
992 2051 1160 2107 recedentes
1176 2050 1305 2122 separari
1322 2051 1458 2107 debeant.

146 2143 172 2194 2.
189 2139 232 2195 146
248 2156 316 2195 vera
330 2137 451 2196 ecclesia
466 2158 524 2197 666
539 2140 664 2198 habente
680 2143 737 2199 nisi
751 2145 816 2200 tria.
1030 2140 1073 2195 42.
1091 2138 1215 2212 Explicit
1230 2140 1267 2195 de
1281 2138 1354 2195 locis
1369 2139 1489 2196 6666146.
1508 2139 1612 2209 incipit
1626 2141 1661 2196 de
1688 2145 1820 2210 tonsura,

148 2229 172 2284 3.
189 2228 232 2284 146
248 2229 345 2285 tribus
358 2229 467 2301 quibus
480 2230 565 2285 debet
579 2230 702 2287 ecclesia
718 2249 775 2288 nou
795 2233 848 2288 uti.
993 2228 1024 2284 in
1041 2229 1143 2298 primis
1158 2228 1194 2285 de
1209 2229 1326 2285 exordio
1343 2233 1470 2284 tonsura
1483 2228 1623 2286 ecclesia.

150 2319 174 2372 1.
190 2318 275 2381 0666
292 2318 440 2390 querendi
454 2323 524 2375 sunt
538 2319 706 2377 defensores
726 2322 762 2377 ad
778 2323 940 2379 delenden·
1030 2318 1073 2372 43·
1090 2317 1131 2373 De
1146 2316 1241 2390 primo
1257 2316 1361 2373 clerico
1377 2321 1472 2374 t0nso·

121 2405 179 2461 dam
195 2406 361 2463 ecelesiam.
1030 2407 1074 2462 44.
1090 2406 1131 2462 146
1147 2405 1277 2479 6646666
1294 2406 1393 2462 666646
1407 2405 1518 2479 quibus
1534 2409 1759 2463 tonsuratusest
1773 2408 1821 2464 Pe·

148 2498 173 2551 5.
190 2495 233 2551 146
249 2495 374 2552 66616646
389 2514 436 2553 666
451 2514 509 2552 666
526 2502 684 2571 666646616.
994 2499 1069 2550 1666.

150 2586 175 2639 6.
193 2585 236 2640 146
252 2585 414 2641 hereditate
426 2585 500 2657 Justi
518 2603 574 2641 non
590 2587 759 2643 auferenda.
1031 2585 1126 2638 44146
1142 2588 1327 2639 sacramento
1344 2583 1463 2639 radendi
1482 2583 1511 2638 in
1527 2584 1626 2639 anima
1640 2583 1785 2640 habendo.

150 2675 176 2728 7.
193 2674 278 2739 0666
294 2673 381 2730 liceat
395 2673 524 2730 ecclesiae
541 2691 657 2732 sumere
673 2676 709 2732 de
724 2676 837 2749 spoliis.
1030 2674 1074 2728 46.
1092 2671 1131 2728 146
1145 2672 1436 2729 excommunicandis
1452 2671 1566 2729 clericis
1582 2672 1632 2744 qui
1649 2688 1707 2728 non
1724 2678 1823 2729 tonsu-

151 2765 175 2819 8.
192 2763 234 2819 146
250 2762 524 2836 blasphemantibus
535 2763 688 2820 ecclesiam
708 2766 921 2824 mundialibus.
994 2766 1101 2817 rantur
1115 2765 1238 2817 tonsura
1253 2777 1384 2816 romana.

151 2854 176 2907 9.
193 2852 232 2909 114
245 2851 400 2908 ecclesiam
414 2852 579 2908 mundiales
595 2853 735 2926 increpet.
1030 2852 1074 2905 47.
1085 2848 1358 2907 [1466116661664666
1368 2848 1589 2906 autmonacbus
1599 2866 1714 2906 comam
1726 2848 1823 2907 laxare
1918 2898 1922 2906 ,

152 2944 193 2997 46.
210 2941 275 2997 1166
290 2933 422 3013 66664666
437 2941 471 2997 66
487 2941 626 3015 religione
648 2941 730 2998 lucra
754 2947 869 3001 terrena
892 2963 941 3003 se·
995 2943 1164 3013 presumat·

126 3031 201 3087 61664.
1031 3027 1188 3101 4111664644
1203 3028 1239 3083 66
1254 3028 1356 3083 ordine
1364 3028 1766 3085 excommunicationis.Cum
1778 3045 1824 3084 ex-

153 3121 194 3176 41.
213 3121 252 3175 146
268 3119 505 3176 discordantibus
520 3121 685 3192 rejiciendis
701 3121 737 3176 ab
753 3122 884 3180 ecclesia.
996 3117 1213 3174 communicato
1229 3133 1286 3173 nou
1303 3116 1546 3186 communicetur,
1563 3123 1592 3174 et
1607 3117 1641 3174 de
1664 3118 1760 3174 modis
1775 3135 1823 3173 ex·

153 3209 195 3264 12.
211 3208 252 3264 146
273 3207 319 3264 his
333 3208 383 3281 qui
395 3213 462 3281 post
475 3209 575 3265 odium
592 3210 627 3266 ad
643 3226 744 3282 pacem
761 3228 819 3268 uon
846 3229 939 3269 rever·
955 3187 977 3254 C
996 3205 1281 3263 communicationis.
1888 3192 1898 3210 ⁶

126 3301 230 3353 466166.
1031 3294 1133 3350 49146
1148 3293 1438 3350 excommunicandis
1455 3294 1552 3351 malis.

153 3387 196 3442 43.
211 3386 249 3442 144
259 3386 423 3443 oblationes
439 3386 562 3443 fratrum
577 3387 808 3445 discordantium
824 3406 881 3446 non
898 3407 941 3447 re·
1031 3385 1076 3439 50·
1092 3383 1132 3438 De
1144 3382 1426 3438 excommunicanda
1441 3399 1543 3439 mensa
1558 3381 1714 3438 malorum·

126 3476 275 3549 cipiantur.
682 3458 685 3465 ¹
765 3525 767 3529 ,
1031 3473 1075 3528 51.
1087 3471 1168 3536 0666
1185 3488 1246 3527 nou
1259 3474 1372 3543 oportet
1387 3487 1404 3526 a
1419 3470 1505 3527 malis
1519 3470 1822 3528 hominibusmunera

154 3567 196 3620 14.
214 3564 254 3621 146
269 3564 382 3620 6641616
395 3581 453 3620 666
468 3564 597 3636 scienda,
613 3570 642 3622 et
663 3567 699 3623 de
723 3569 877 3626 concordia
896 3586 941 3626 ec·
997 3560 1136 3634 accipere·

126 3653 222 3709 clesiae.
1031 3650 1077 3704 52.
1096 3654 1133 3705 146
1148 3666 1207 3704 666
1220 3647 1343 3704 6466666
1360 3665 1411 3704 ave
1426 3649 1628 3721 peccatoribus
1646 3653 1674 3706 et
1693 3665 1750 3705 non
1777 3667 1821 3706 66-

155 3736 196 3790 15.
213 3735 294 3801 Quod
309 3750 366 3790 non
382 3733 538 3790 dividenda
551 3734 589 3790 644
604 3733 738 3792 ecclesia.
997 3737 1141 3811 64646666.

154 3823 248 3879 16146
264 3823 406 3880 divisione
421 3823 564 3895 66666646
581 3823 656 3879 46466
671 3824 746 3880 6666
760 3825 923 3899 664666666.
1031 3827 1077 3882 53.
1094 3825 1175 3892 0666
1187 3841 1245 3881 666
1260 3825 1318 3880 6446
1334 3824 1633 3882 excommunicandus
1650 3826 1697 3892 sit,
1715 3827 1763 3899 qni
1781 3827 1842 3881 iun

154 3913 195 3966 47.
212 3911 292 3976 0666
310 3911 414 3967 melior
427 3910 465 3967 sit
480 3911 583 3967 divisio
599 3928 688 3984 quam
704 3913 860 3969 discordia.
997 3918 1136 3973 66666466
1148 3915 1193 3970 vol
1209 3913 1381 3970 necessitate
1396 3914 1517 3970 conviva
1531 3921 1716 3987 peccatorum
1733 3921 1786 3972 est.

154 4002 196 4056 48.
214 4005 252 4056 146
268 4001 384 4057 duobus
399 4017 487 4074 super
502 4017 561 4056 nno
577 4017 647 4074 agro
666 4002 922 4059 contendentibus.
1031 4005 1166 4070 5t.Qnod
1184 4020 1241 4060 nou
1258 4004 1530 4059 excommunicandi
1541 4009 1611 4061 sunt
1622 4006 1670 4078 qui
1682 4005 1826 4062 inuracel-

152 4089 194 4144 49,
211 4089 266 4154 064
281 4087 409 4145 66616646
421 4088 575 4146 facultates
591 4095 735 4163 usurpant
750 4091 805 4147 sub
821 4091 942 4149 obtentu
996 4094 1059 4151 lum
1074 4092 1206 4149 veniunt.

125 4176 335 4234 misericordia.
1031 4184 1077 4238 55.
1093 4181 1175 4245 0664
1191 4179 1298 4237 melius
1314 4185 1359 4259 664
1374 4181 1507 4239 66666666
1523 4200 1540 4238 6
1555 4183 1651 4253 malis,
1664 4201 1699 4239 66
1717 4184 1824 4240 imma-

152 4267 195 4321 26.
212 4265 252 4322 146
266 4265 387 4323 66146616
401 4266 525 4339 6666646
538 4283 597 4322 666
607 4265 943 4340 vituperandanecessi·
995 4274 1061 4329 ture
1077 4270 1144 4343 quis
1160 4286 1227 4326 cum
1241 4268 1301 4324 illis
1317 4274 1416 4342 666664
1430 4269 1594 4326 carnaliter.

124 4356 175 4411 4646
190 4358 322 4428 cogente.
1030 4362 1076 4417 56.
1091 4359 1172 4425 0666
1188 4376 1246 4415 666
1262 4364 1346 4414 66664
1361 4358 1446 4415 bonis
1461 4358 1638 4431 deprehendi
1650 4375 1716 4414 cum
1726 4357 1822 4414 malis.

150 4446 195 4501 21.
213 4442 250 4500 114
265 4461 373 4512 servos,
385 4443 435 4516 qui
449 4444 484 4500 ad
500 4445 653 4502 ecclesiam
669 4446 864 4520 confugerint,
877 4453 942 4520 post
1031 4451 1077 4504 57.
1092 4448 1174 4516 Quod
1189 4464 1246 4504 nou
1263 4451 1347 4503 66664
1361 4447 1473 4502 meritis
1489 4445 1633 4502 bonorum
1661 4447 1735 4503 mori
1756 4463 1823 4503 cum

120 4531 316 4601 juramentum
331 4533 408 4589 exire
422 4533 556 4590 nolentes
570 4533 657 4590 146664
673 4550 828 4608 66666666.
957 4557 981 4624 D
996 4539 1094 4596 malis.

150 4624 195 4678 22.
211 4622 293 4687 Quod
313 4621 436 4680 ecclesia
459 4640 517 4680 non
540 4623 645 4680 debeat
661 4623 803 4698 fugientia
819 4623 942 4682 66146666
1031 4629 1077 4683 58.
1094 4626 1175 4691 Quod
1193 4641 1250 4680 uon
1266 4624 1351 4680 debet
1367 4624 1642 4681 excommunicatus
1657 4625 1760 4682 6416666
1780 4625 1823 4682 vel

123 4711 274 4785 mancipia.
996 4717 1154 4790 baptizare,
1171 4713 1227 4768 uisi
1243 4710 1339 4768 solum
1355 4729 1446 4768 66666.

150 4803 195 4856 23.
206 4800 311 4874 Incipit
320 4801 356 4858 de
370 4799 442 4857 locis
455 4801 615 4867 sauctis‚in
631 4801 735 4875 primis
743 4803 780 4859 de
795 4803 940 4860 666411666-
1030 4803 1162 4871 59.0666
1179 4819 1236 4857 666
1252 4801 1439 4874 66664646666
1455 4801 1493 4857 644
1508 4802 1692 4878 eleemosyna
1707 4822 1821 4862 excom-

121 4889 196 4945 tibus
211 4888 366 4946 ecclesiam
380 4889 411 4945 iu
426 4889 571 4946 territorio
588 4889 713 4963 alicuius
729 4891 868 4965 episcopi.
996 4892 1147 4949 manicati.
1165 4889 1269 4962 4664644
1282 4890 1317 4946 66
1330 4890 1508 4947 testimonio.

150 4980 196 5033 21.
213 4977 339 5035 14616646
355 4977 417 5034 6466
433 4979 623 5052 martyribus.
1030 4983 1075 5038 66.
1091 4985 1130 5036 146
1145 4978 1275 5053 quinque
1290 4979 1387 5035 modis
1402 4979 1573 5037 testimonii.

151 5069 196 5122 25.
214 5068 254 5123 146
268 5067 487 5124 conversatione
498 5067 614 5124 advena
629 5067 800 5142 accipientis
814 5067 922 5125 locum.
1031 5070 1079 5127 61.
1099 5069 1181 5136 0666
1196 5068 1292 5124 tribus
1307 5068 1396 5124 rebus
1411 5069 1552 5142 probatur
1567 5087 1652 5127 verns
1673 5069 1766 5127 testis.

149 5158 196 5212 26.
213 5156 254 5213 146
268 5157 468 5230 quarentibus
483 5161 597 5215 mutare
607 5157 716 5214 locum.
1029 5158 1163 5224 bt.Quod
1179 5174 1237 5213 nou
1252 5156 1469 5231 recipiendasit
1479 5159 1632 5232 repentina
1642 5157 1820 5214 testificatio.
1844 5186 1848 5195 ·

149 5248 196 5301 21.
214 5247 296 5313 0666
320 5263 379 5305 666
403 5248 440 5303 66
465 5245 528 5304 1666
542 5247 579 5303 66
593 5246 691 5305 locum
704 5248 880 5320 quarendus
896 5252 941 5304 ast
1030 5248 1121 5303 63146
1136 5246 1233 5327 tribus
1245 5245 1378 5320 personis
1393 5247 1501 5319 quibus
1516 5247 1661 5303 obnoxius
1672 5252 1717 5303 664
1727 5247 1819 5304 461666

115 5332 203 5392 Dens.
995 5336 1090 5394 testis.

148 5426 194 5482 28.
212 5426 293 5492 0666
306 5426 390 5484 16666
405 5430 593 5484 consecratus
610 5425 820 5501 custodiendus
844 5430 888 5483 est
903 5427 940 5482 ab
1030 5427 1077 5482 61.
1093 5425 1133 5479 146
1148 5424 1196 5480 his
1212 5422 1261 5496 qui
1278 5424 1314 5478 ad
1335 5422 1535 5480 testimonium
1565 5440 1624 5480 non
1646 5424 1821 5481 admittendi

114 5513 292 5572 immundis.
916 5537 918 5540 ⁴
997 5519 1078 5574 sunt.

147 5606 195 5663 29.
211 5604 253 5663 146
268 5605 392 5664 termino
407 5605 539 5664 locorum
555 5609 736 5666 sanctorum.
1032 5606 1076 5663 65.
1094 5604 1176 5675 0666
1190 5600 1380 5680 respicienda
1394 5599 1455 5660 sint
1467 5617 1598 5680 persona
1617 5604 1801 5667 testantium.
