3878 6098
125 312 182 373 995
517 311 686 374 apruno.
707 311 759 372 Al]
783 309 877 374 SAEO.
899 309 936 372 X.
950 342 991 356 -
1009 307 1260 374 brandalenus
1281 310 1439 375 Ll'l'UllG.
1776 314 1834 373 996

123 445 232 501 Omnes
247 443 341 501 sancti
356 444 457 519 angeli
473 449 552 502 orate
568 462 620 518 pro
635 444 690 501 boc
704 443 831 502 inllrmc.
963 444 992 514 Α
1007 447 1066 500 tcm
1082 443 1111 499 in
1127 443 1205 500 hune
1221 444 1377 517 mundum,
1393 443 1529 502 illumina
1543 461 1715 518 quesumus
1730 461 1781 503 cor
1796 446 1834 502 ia·

125 534 232 591 Omnes
248 534 341 590 saneti
356 533 530 611 Archangeli
546 538 625 591 orate
639 550 668 606 p.
685 533 714 589 b.
731 533 783 589 inl.
1006 532 1079 589 muli
1102 532 1145 590 tui
1160 533 1259 606 gratie
1276 536 1333 590 tue
1349 533 1562 613 splenderent
1577 534 1834 609 dignamnicstati

124 622 233 680 Omnes
248 622 341 680 sancti
357 623 531 681 Patriarcbe
547 628 626 680 orate
642 641 671 697 p.
689 622 718 679 b.
735 622 787 678 inl.
1005 627 1061 679 tuae
1075 622 1212 696 cogitare,
1228 625 1257 678 st
1273 622 1395 697 diligere
1409 623 1511 681 valcat.
1529 624 1591 681 Per.

123 710 232 768 Omnes
247 712 341 769 saneti
356 712 506 786 Propheta
522 714 601 769 crate
616 729 644 785 p.
662 711 691 768 h.
709 711 760 767 inl.
1039 711 1112 769 ,lna
1129 711 1249 769 Dimitte
1261 712 1323 769 Dne
1336 716 1456 785 peecata
1470 703 1570 772 uestra
1583 716 1613 770 et
1635 713 1734 770 tribue
1750 712 1832 771 nobis

123 799 229 856 Sancte
244 800 388 857 lohannes
404 801 532 874 Baptista
546 817 597 857 ora
611 818 640 875 p.
659 800 688 858 h.
703 800 755 857 iul.
1004 786 1237 857 misericerdiam
1252 804 1334 858 tuam
1349 817 1410 875 qua
1424 800 1484 858 oris
1510 802 1602 859 nostri
1626 801 1758 875 alloquio
1782 802 1832 861 de·

122 888 151 945 S.
168 888 250 948 Petra
265 906 316 946 ora
330 906 382 964 pro
397 889 452 947 hoc
466 890 594 947 infirme.
1003 894 1150 962 precatus,
1167 887 1271 946 tantuli
1286 889 1330 946 tui
1344 888 1543 948 humilitatem
1557 895 1588 949 st
1602 890 1771 965 augustiam
1781 893 1829 949 ad·

122 975 151 1033 S.
168 977 255 1034 Paule
270 995 322 1035 ora
335 996 387 1053 pro
402 977 457 1035 hoc
472 979 599 1036 infirmo.
1003 979 1116 1048 tendas,
1127 978 1245 1035 vincula
1259 977 1364 1047 solvas,
1377 976 1483 1036 delicta
1497 978 1828 1051 deleas‚tribulationem

122 1065 150 1119 S.
167 1067 283 1122 Andros
296 1084 347 1123 ora
359 1084 412 1140 pro
428 1068 483 1126 hoc
498 1067 626 1125 infirmo.
1002 1065 1153 1140 inspicias,
1178 1066 1372 1140 effectumque
1402 1066 1538 1141 peticioni
1568 1073 1674 1127 nostre
1696 1068 1830 1144 largiens

122 1152 150 1208 S.
164 1152 307 1211 lohannes
320 1161 348 1211 et
363 1157 458 1214 ceteri
472 1159 522 1230 qui
538 1160 798 1230 sequuntur.orate
814 1174 842 1230 p.
855 1156 944 1213 h.inl.
1003 1155 1159 1212 clementer
1186 1154 1334 1213 exaudias,
1351 1156 1413 1211 Per.
1445 1159 1497 1213 llis
1527 1159 1568 1214 ite
1592 1158 1737 1231 explicitis
1758 1168 1830 1229 repet

120 1243 229 1300 Omnes
254 1244 348 1301 saneti
372 1246 502 1319 Apostoli
525 1251 554 1303 et
577 1245 776 1320 Evangelista‘.
793 1250 873 1303 orate
895 1262 948 1318 pro
1001 1243 1125 1301 sacerdos
1140 1247 1277 1318 consessor
1291 1245 1398 1317 infinni
1417 1245 1487 1302 oties
1507 1246 1670 1314 secerdotes,
1684 1257 1717 1304 at
1738 1248 1829 1304 deant

157 1331 212 1390 boc
222 1331 349 1390 infirmo.
1001 1350 1083 1406 snper
1097 1351 1159 1390 cum
1173 1335 1308 1391 orationes
1322 1335 1382 1403 tus,
1398 1350 1462 1407 pne
1474 1344 1539 1393 sunit
1553 1336 1587 1392 de
1607 1337 1829 1395 reconciliatione

119 1428 228 1488 Omnes
244 1425 338 1483 saneti
355 1425 508 1498 llartpres.
523 1429 601 1481 orate
617 1442 645 1497 p.
662 1424 691 1480 h.
708 1423 760 1480 inl.
999 1425 1156 1496 penitentis
1170 1422 1208 1480 nd
1221 1431 1345 1481 mortem.

119 1518 227 1575 Omnes
243 1516 337 1575 sancti
352 1514 548 1573 Goulmores.
564 1517 644 1570 orate
658 1531 686 1586 p.
703 1513 732 1569 h.
750 1513 801 1569 iul.
1361 1512 1464 1569 Oratio.

119 1606 227 1663 Omnes
240 1605 347 1662 sancta
361 1602 506 1678 Virgines.
522 1606 602 1660 orate
619 1620 647 1675 p.
662 1602 693 1658 h.
709 1602 761 1659 inl.
1036 1602 1114 1659 Deus
1129 1599 1305 1670 misericors,
1320 1601 1397 1659 Deus
1411 1601 1632 1661 clemensrltie.
1646 1602 1827 1663 Maiestatem

119 1694 228 1751 Omnes
242 1692 337 1750 sancti
352 1692 389 1749 ab
405 1690 494 1749 inicio
508 1691 612 1751 mundi
633 1706 727 1763 usque
751 1691 786 1748 ad
804 1708 942 1764 presens.
1000 1696 1093 1747 tuam.
1105 1691 1177 1747 ltin.
1184 1690 1366 1748 Maiestatem
1377 1694 1460 1747 tuam
1471 1709 1644 1766 quesumus
1655 1692 1827 1752 Dnesancte

154 1788 234 1840 crate
248 1800 301 1856 pro
316 1781 370 1838 hoc
386 1781 515 1838 infirmo.
1000 1779 1085 1836 Pater
1099 1778 1283 1853 omnipotens
1308 1783 1414 1837 eterne
1437 1781 1515 1837 Deus
1540 1778 1590 1854 qui
1607 1797 1665 1839 non
1689 1789 1824 1851 mortem,

119 1870 264 1945 Propitius
279 1874 341 1928 esto
356 1875 385 1927 et
400 1869 573 1927 liberasum
586 1869 658 1929 Due.
998 1870 1048 1926 sed
1077 1872 1261 1943 peccatorum
1287 1869 1377 1926 vitam
1404 1886 1521 1944 semper
1548 1869 1695 1944 inquiris3
1718 1872 1826 1944 respice

118 1960 263 2034 Propitius
278 1962 341 2017 estc
356 1962 385 2015 et
400 1974 486 2031 pares
500 1958 526 2015 ei
542 1958 614 2014 Dne.
999 1957 1117 2016 llentem
1134 1956 1277 2014 laniulum
1290 1960 1386 2028 tuum',
1401 1959 1527 2015 adtende
1541 1964 1736 2035 prostratum,
1752 1960 1825 2019 eius·

116 2050 160 2106 Ab
174 2049 253 2106 omni
270 2048 347 2105 malo
362 2046 454 2104 libera
467 2063 534 2103 eum
550 2048 621 2103 Dne.
997 2065 1054 2121 que
1069 2046 1219 2121 planctum
1230 2047 1410 2121 ingaudium
1421 2052 1472 2104 tua
1482 2048 1671 2105 miseratione
1681 2055 1824 2106 converte.

115 2139 158 2195 Ab
174 2139 281 2194 iratus
295 2137 387 2192 libera
401 2152 467 2192 eum
483 2136 554 2192 Dae.
996 2136 1103 2193 Scinde
1127 2135 1300 2193 delictorum
1327 2153 1455 2202 saccum,
1473 2142 1502 2193 et
1525 2136 1616 2194 indue
1640 2154 1710 2195 eum
1727 2138 1824 2195 letitia

115 2228 158 2286 nb
173 2227 275 2300 iniqua
289 2233 382 2283 morte
396 2224 488 2282 libera
503 2243 571 2282 eum
584 2225 654 2283 Due.
996 2225 1165 2293 salutari,ut
1179 2229 1246 2298 post
1260 2225 1377 2299 longam
1394 2226 1658 2300 peregrinationem
1672 2222 1822 2284 tamemde

115 2317 157 2374 ab
174 2317 254 2372 omni
271 2314 460 2371 immunditia
474 2314 570 2371 cordis
585 2320 614 2370 ct
629 2315 759 2388 corporis
774 2315 825 2372 lib.
846 2334 871 2372 e.
888 2317 922 2373 D.
996 2316 1106 2371 sanctis
1120 2313 1263 2371 altaribus
1273 2315 1334 2372 tuis
1345 2314 1697 2390 salieruningressusqun
1707 2317 1822 2374 cubicu-

115 2408 138 2461 A
152 2404 278 2462 vinculis
291 2403 401 2461 diaboli
417 2401 592 2460 liberasum
609 2404 680 2460 Due.
995 2403 1058 2461 lum
1073 2404 1161 2479 regis,
1178 2403 1207 2458 in
1224 2404 1319 2476 ipsius
1334 2402 1402 2461 aula
1418 2404 1570 2461 benedicet
1594 2422 1704 2462 nomen
1725 2406 1820 2481 glorie

115 2494 168 2551 Per
183 2497 395 2550 crucemtuam
410 2491 584 2549 liberasum
600 2493 671 2549 Duc.
995 2497 1052 2550 tue
1068 2509 1192 2566 semper.
1210 2493 1273 2549 Per.
1288 2493 1391 2550 Deinde
1408 2495 1517 2564 [acient
1538 2512 1640 2568 aaaron
1659 2496 1821 2553 benedictum

114 2584 169 2641 Per
178 2582 345 2656 passionem
360 2585 442 2638 tuam
457 2580 631 2638 liberasum
646 2582 716 2639 Due.
992 2583 1051 2638 cole
1066 2598 1206 2656 samsom
1219 2590 1245 2639 et
1259 2591 1405 2655 depereant
1419 2599 1489 2652 eam,
1505 2600 1569 2641 cnm
1592 2584 1744 2657 conliniet
1762 2603 1821 2642 ora-

116 2673 168 2730 Per
182 2673 339 2729 adventum
355 2674 439 2726 tuum
455 2670 628 2728 liberasum
642 2671 713 2728 Due.
993 2671 1113 2728 tionibus
1126 2687 1210 2744 anper
1220 2672 1311 2745 iprum
1322 2672 1475 2742 inficetum,
1484 2681 1510 2730 et
1525 2675 1555 2731 in
1569 2672 1659 2744 domo,
1675 2691 1730 2747 qna
1743 2676 1817 2732 iicet.

114 2763 293 2819 Peccatores.
311 2761 351 2817 Te
366 2776 504 2835 rogamus
520 2760 598 2818 audi.
992 2766 1057 2817 Post
1071 2762 1131 2818 aec
1144 2761 1308 2821 sarcerdote
1321 2760 1431 2818 linatur
1443 2764 1542 2819 oratio.

50 2881 54 2889 ·
114 2851 151 2907 Ut
166 2867 267 2924 pacem
279 2852 451 2923 perpetuam
466 2848 491 2904 ei
504 2849 605 2905 dones.
618 2850 657 2905 Te
672 2866 733 2923 rog.
1028 2849 1150 2906 Domine
1165 2850 1251 2918 Deus,
1270 2849 1321 2923 qui
1337 2866 1389 2925 par
1414 2851 1580 2925 apostolum
1605 2856 1692 2909 tuum
1706 2851 1820 2911 loeutus

114 2939 150 2996 Ut
166 2938 486 3010 lontemlacrymarum
501 2938 528 2993 ei
543 2939 644 2995 dones.
660 2939 698 2994 'lc
714 2955 775 3013 rog.
991 2955 1032 3006 ea,
1049 2938 1216 2995 infirmatur
1238 2939 1305 3013 quis
1329 2940 1359 2996 iu
1385 2940 1468 2998 vobis
1493 2940 1613 2997 inducat
1634 2943 1820 3015 presbyteros

114 3028 150 3086 Ut
165 3027 289 3101 gratiam
305 3027 398 3082 sancti
422 3026 550 3099 Spiritus
576 3026 656 3083 cordi
680 3025 759 3083 illius
782 3027 936 3087 infundere
990 3026 1135 3097 Ecclesiae,
1151 3031 1180 3084 et
1194 3032 1278 3084 orent
1292 3044 1477 3101 super-eum,
1488 3036 1653 3104 unguentes
1669 3048 1738 3087 eum
1760 3029 1819 3087 cleo

148 3116 288 3190 digneris.
306 3117 346 3173 Te
360 3132 508 3189 rogamus.
994 3121 1094 3174 sancto
1109 3117 1140 3171 iu
1155 3116 1272 3173 nomine
1283 3117 1441 3185 Domini,ot
1455 3118 1547 3177 oratio
1562 3119 1631 3176 fidei
1644 3119 1772 3178 salvabit
1782 3120 1822 3176 in·

113 3208 150 3264 Ut
165 3205 298 3280 spacium
327 3202 514 3278 poenitentiae,
532 3204 557 3261 si
579 3204 642 3261 fieri
663 3202 767 3278 potest,
783 3207 809 3264 ei
834 3209 935 3266 dones.
952 3187 974 3253 C
994 3207 1155 3274 demumst
1169 3204 1305 3263 allevabit
1321 3223 1388 3263 eum
1403 3207 1558 3278 Dominus,
1566 3212 1594 3265 st
1607 3209 1635 3267 si
1650 3209 1681 3266 in
1695 3209 1819 3284 peccatis

148 3296 188 3353 Te
204 3312 352 3369 rogamus.
992 3295 1040 3362 sit,
1055 3294 1246 3352 dimittuntur
1261 3295 1297 3352 ei.
1320 3296 1397 3352 Cura
1419 3313 1591 3370 puaesumus
1606 3298 1756 3357 redemtor
1769 3316 1818 3355 no-

113 3385 150 3444 Ut
165 3385 405 3442 intercessionem
420 3387 448 3440 et
463 3383 602 3440 solatium
618 3388 787 3441 sanctorum
798 3385 824 3441 ei
835 3386 935 3445 dones.
992 3389 1051 3442 ster
1065 3384 1160 3457 gratia
1174 3383 1302 3457 Spiritus
1317 3385 1411 3443 suncti
1426 3384 1583 3460 languores
1593 3386 1685 3447 istius
1699 3388 1816 3457 infirmi,

147 3475 187 3532 Te
201 3490 349 3547 rogamus.
991 3473 1113 3547 eiusque
1127 3491 1200 3530 sana
1213 3473 1344 3543 vulnera,
1354 3491 1388 3531 ae
1403 3474 1517 3531 dimitte
1532 3481 1763 3553 peccataatque
1772 3478 1818 3537 de

112 3563 149 3620 Ut
163 3563 193 3619 in
208 3562 344 3636 prasenti
361 3560 490 3635 periculo
506 3561 532 3618 ei
548 3578 717 3619 succurrere
740 3561 880 3637 digneris.
897 3564 936 3622 Te
992 3560 1068 3619 lorcs
1083 3566 1203 3618 cunctos
1219 3563 1315 3619 cordis
1327 3580 1361 3620 ae
1380 3563 1510 3636 corporis
1534 3565 1572 3622 ab
1595 3581 1631 3622 eo
1658 3565 1780 3641 expelle,
1792 3571 1818 3623 et

147 3667 296 3725 regamus.
991 3650 1142 3724 plenamei
1152 3650 1275 3708 interius
1287 3651 1472 3725 exteriusque
1483 3653 1645 3711 sanitatem
1657 3655 1817 3713 misericor

112 3740 149 3799 Ut
163 3739 286 3813 repellas
299 3739 336 3796 ab
351 3755 384 3796 eo
398 3755 500 3796 omnes
515 3737 662 3811 principes
683 3738 881 3797 tenebrarum.
897 3741 936 3798 'l'e
991 3741 1066 3797 diter
1080 3740 1180 3809 redde,
1196 3745 1229 3796 ut
1243 3757 1297 3814 ope
1313 3740 1518 3798 misericordie
1538 3746 1595 3799 tue
1610 3743 1778 3815 restitutus,
1792 3747 1816 3801 at

147 3846 295 3902 rogamus.
991 3834 1112 3886 sanatus
1127 3830 1162 3886 ad
1176 3829 1301 3902 pristina
1316 3829 1433 3902 pietatis
1457 3835 1514 3891 tuce
1538 3836 1694 3905 reparetur
1715 3834 1813 3890 olticia.

111 3918 147 3975 Ut
162 3920 196 3975 ad
213 3918 321 3991 gaudia
336 3922 442 3974 eterna
466 3934 533 3974 eum
557 3912 714 3991 perducere
737 3917 878 3992 digneris.
894 3920 935 3977 Το
990 3918 1127 3984 Quicum
1143 3918 1226 3974 Patre
1250 3918 1320 3974 vivit
1341 3922 1370 3975 et
1395 3923 1499 3992 regnat
1523 3924 1609 3976 Deus.
1625 3921 1659 3977 Et
1673 3923 1718 3978 aab
1733 3922 1812 3993 finiet

148 4023 295 4080 rogamus.
989 4025 1089 4080 penne,
1105 4009 1154 4079 qni
1166 4015 1205 4064 est
1220 4007 1369 4078 leopatius
1383 4008 1418 4064 od
1432 4008 1559 4065 mtrem
1578 4009 1730 4068 sacerdotis
1743 4014 1782 4067 sic
1791 4016 1813 4065 rt

110 4095 149 4153 Ut
162 4092 322 4151 Ecclesiam
338 4100 418 4151 tuam
433 4095 462 4150 in
473 4112 506 4151 eo
519 4094 645 4153 exaltare
656 4097 796 4170 digneris.
811 4098 844 4155 T.
856 4117 880 4154 r.
989 4096 1147 4153 &cantetur
1156 4096 1303 4153 ilotsana
1312 4095 1373 4153 Dne
1386 4097 1537 4154 infirmum
1554 4098 1646 4155 istum
1657 4100 1744 4157 euius
1754 4115 1811 4157 essa

111 4185 148 4242 Ut
162 4201 216 4241 nes
231 4184 367 4241 exaudire
378 4184 516 4256 digneris.
533 4186 574 4241 Te
590 4202 737 4259 rogamus.
990 4185 1163 4244 conturbata
1177 4189 1257 4253 sunt,
1273 4189 1302 4242 ct
1315 4186 1399 4243 cuius
1419 4186 1518 4245 anima
1533 4188 1653 4245 turbata
1666 4193 1713 4246 cst
1727 4188 1808 4253 valde,

111 4273 164 4332 Pili
179 4273 241 4331 Dei.
254 4273 294 4329 Te
310 4273 529 4346 rogamusaudi
546 4291 609 4330 nos.
627 4274 676 4330 lll.
990 4277 1041 4333 sed
1066 4280 1097 4330 tu
1121 4275 1243 4331 Domine
1267 4279 1432 4331 convertere
1456 4279 1485 4331 et
1507 4292 1581 4333 sana
1601 4292 1684 4347 eum,
1698 4283 1727 4334 et
1741 4277 1809 4349 eripe

109 4367 190 4438 Agna
204 4361 255 4420 Dei
270 4363 321 4436 qui
337 4361 416 4419 tollis
431 4366 550 4434 peccata
565 4361 677 4419 mundi.
691 4363 777 4419 Parce
800 4364 847 4421 isti
863 4364 933 4422 Due.
990 4363 1121 4421 animam
1136 4364 1231 4420 elusa
1255 4367 1359 4420 morte.
1383 4369 1429 4422 Pe.
1445 4363 1568 4421 Domine
1593 4381 1631 4423 ne
1654 4365 1687 4422 iu
1712 4366 1807 4423 lurore.

109 4457 170 4510 Aue
184 4453 235 4510 Dei
251 4452 301 4526 qui
317 4450 395 4509 tollis
411 4457 528 4524 peccata
547 4452 660 4508 muudi.
677 4452 811 4510 Miserere
835 4454 885 4510 isti
899 4455 933 4512 D.
991 4455 1057 4512 Cum
1074 4452 1180 4510 Gloria.

109 4541 543 4614 Xpeaudincs.lll.liyriecl.
949 4559 973 4625 Ι)
1026 4544 1128 4600 Oratio.
1145 4543 1268 4600 Oramus
1284 4542 1360 4599 Dum
1389 4559 1455 4599 nrm
1477 4542 1580 4600 lesum
1595 4542 1684 4619 Xpm,
1701 4548 1730 4602 et
1751 4557 1808 4601 eum

109 4628 303 4702 xpeeleison.
321 4630 405 4704 llyrie
421 4630 539 4687 eleison.
988 4633 1069 4692 omni
1094 4632 1305 4706 supplicatione
1329 4648 1478 4706 rogemus,
1501 4637 1534 4689 ut
1563 4631 1645 4690 huuc
1675 4633 1808 4691 famulam

109 4723 319 4774 paternoster.
336 4720 371 4774 ut
386 4737 421 4775 ne
436 4736 490 4776 nos
501 4719 562 4775 ind.
987 4740 1075 4780 suum
1091 4739 1143 4795 per
1157 4720 1294 4797 angelum
1309 4737 1397 4778 suum
1411 4724 1546 4780 sanctum
1559 4720 1695 4793 visitare,
1710 4730 1740 4781 et
1753 4722 1809 4780 ccu-

109 4805 229 4865 Salrum
246 4809 290 4863 lac
305 4824 421 4864 servum
436 4814 531 4864 tuum.
989 4813 1096 4868 sortarc
1111 4810 1258 4884 dignetur.
1274 4808 1327 4874 Oui
1342 4809 1422 4865 vivit.

110 4896 192 4953 Mitte
208 4896 233 4952 ei
249 4896 382 4952 Domine.
1022 4901 1153 4972 Sequitur
1186 4899 1298 4971 Antiplr.
1326 4899 1410 4956 Dnus
1438 4896 1554 4956 locutus
1584 4904 1631 4957 est
1666 4898 1809 4975 discipulis

108 4984 222 5059 Exurge
237 4984 368 5042 Domine.
989 4989 1062 5056 suis,
1079 4989 1108 5044 in
1134 4988 1252 5044 nomine
1281 5004 1346 5044 mec
1375 4987 1520 5045 damonia
1547 4987 1718 5060 eiicientur,
1733 5004 1810 5063 super

989 5079 1122 5134 infirmos
1145 5092 1252 5133 manus
1280 5076 1432 5150 imponite,
1449 5082 1478 5133 ct
1502 5077 1577 5134 bene
1592 5076 1756 5137 habebunt.
1769 5080 1807 5134 l’s.

988 5166 1065 5224 Deus
1086 5168 1219 5223 deorum.
1248 5167 1318 5224 cnm
1346 5164 1454 5223 Gloria.
1483 5166 1615 5242 Sepone
1634 5170 1724 5226 Orat.
1743 5167 1809 5225 Deua

145 5253 336 5327 Omnipotens
366 5252 523 5310 mitissime
551 5253 629 5310 Deus
656 5253 767 5326 respice
789 5255 933 5328 propitius
988 5256 1038 5330 qui
1068 5254 1177 5312 lamule
1207 5260 1256 5312 tuo
1285 5254 1423 5313 Ezechiae.
1444 5256 1546 5312 lenem
1574 5256 1641 5313 Ant.
1667 5256 1726 5315 Gor
1749 5271 1809 5313 aaa·

109 5358 209 5414 preces
225 5346 384 5415 nostras,et
398 5342 489 5400 libera
504 5357 553 5398 cor
564 5341 667 5398 l'arnuli
677 5342 720 5398 tui
736 5343 932 5400 damularum
987 5345 1092 5402 tritum
1114 5349 1143 5402 et
1167 5344 1357 5401 humiliatum
1385 5343 1462 5401 Deus
1486 5360 1546 5401 nou
1568 5342 1808 5419 despicimini

108 5430 299 5503 temptatione
329 5432 550 5505 cogitationum,
567 5436 599 5487 nt
623 5431 715 5488 sancti
741 5430 867 5504 Spiritus
888 5433 933 5489 di·
987 5435 1124 5491 Miserere
1152 5434 1212 5490 mci
1237 5434 1325 5491 Deus.
1356 5433 1424 5490 Crem
1451 5433 1560 5491 Gloria.
1589 5432 1669 5492 Oret.
1700 5433 1810 5508 Respice

109 5532 199 5591 guum
216 5519 761 5577 tierihabitaculuminveniaturPor.
987 5524 1047 5580 Dua
1076 5522 1220 5580 lamulum
1254 5526 1337 5579 taum
1366 5522 1396 5578 in
1435 5522 1546 5580 indrm.
1579 5523 1647 5582 loe.
1678 5524 1811 5583 Surenae

138 5607 933 5688 AlinDeusquiilluminasomuemhominumvenieu·
987 5613 1047 5672 Due
1062 5611 1181 5671 intirmc
1201 5611 1252 5672 isti
1272 5611 1304 5670 iu
1319 5612 1457 5688 presenti
1471 5611 1651 5690 egritudine
1675 5618 1707 5678 et
1728 5606 1809 5673 medl-

401 5110 531 5183 Seqnitnr
545 5110 648 5169 Oratio.
