3878 6098
107 314 174 386 693
618 318 859 384 FRANGORUM
883 317 1020 384 llEGUM
1041 317 1314 387 clrlrotlull.
1761 320 1827 388 69&

146 458 175 514 ³.
192 453 247 514 Pro
261 452 372 530 quihus
386 456 485 512 autem
507 449 606 511 causis
621 470 688 511 cum
703 453 822 528 prelato
838 458 942 528 nepote
955 454 983 522 Α
997 473 1050 513 nos
1062 455 1225 530 scire,quid
1239 458 1366 515 domnus
1377 454 1554 531 apostolicus
1565 461 1594 514 et
1604 454 1647 514 illi
1658 459 1686 515 et
1696 457 1822 532 quihus·

112 550 215 604 nostro
230 549 318 602 antea
332 543 413 617 loqui
435 561 494 600 non
509 543 696 617 volui,quam
709 544 859 600 vobiscum
873 543 942 600 inde
996 547 1064 604 dam
1080 549 1226 622 episcopis
1242 548 1311 605 inde
1325 547 1491 616 mandavit;
1508 552 1538 605 ot
1551 547 1759 623 scimus,quod
1770 564 1823 607 us·

109 635 276 709 acciperem
299 633 610 705 consiliumqusdam
635 633 699 690 volo
715 631 941 706 hio-designare,
996 655 1065 712 gare
1080 655 1138 695 non
1154 655 1314 711 possumus
1330 654 1382 694 nec
1395 636 1692 711 volumus,quonism
1705 654 1765 695 non
1775 638 1824 696 ds-

109 725 247 800 quedam
262 740 330 780 vero
351 725 453 796 postea
467 738 596 795 congruo
619 721 683 778 loco
707 725 736 779 et
758 721 940 779 convenienti
996 727 1297 800 hcmus‚qniadomni
1309 727 1460 800 apostolici
1470 726 1825 785 commendatioahevsn·

109 815 199 873 modo
213 813 298 871 vohis
312 812 505 868 innotescere.
997 816 1089 890 getica
1099 816 1219 873 veritate
1230 814 1825 890 etahspostolicaatquecauoniossucto-

144 906 172 960 t.
185 903 309 971 Quando
319 900 414 957 altera
425 901 486 956 vice
502 900 690 973 probisque
706 901 765 956 dixi
781 900 942 958 tractandis
997 907 1083 963 ritate
1096 905 1127 961 in
1143 904 1224 961 nullo
1240 905 1401 973 discordas
1418 908 1447 960 ct
1467 905 1630 961 secundum
1651 891 1824 963 mandatum

107 989 943 1064 sd‘l'usiscumveni,sdportsvitmihietepiscopisregni
996 994 1076 1050 illins
1103 994 1137 1050 de
1162 995 1216 1050 hoc
1240 995 1481 1051 lactoexecutum
1498 1010 1557 1051 uon
1580 993 1747 1051 audivimus
1770 1008 1824 1051 uec

107 1081 205 1140 nostri
216 1082 291 1138 Bosa
300 1096 336 1136 ex
345 1079 536 1153 partedomni
547 1079 698 1152 apostolici
709 1079 848 1153 epistolas
857 1096 944 1152 quas·
996 1084 1142 1140 videmus.
1158 1083 1211 1140 llla
1225 1083 1312 1140 etiam
1337 1087 1438 1139 sancta
1452 1087 1481 1138 et
1494 1082 1590 1156 prima
1614 1083 1646 1139 in
1669 1087 1731 1140 toto
1752 1083 1824 1140 orbe

107 1173 180 1228 dsm
196 1167 295 1243 nepoti
305 1173 407 1226 nostro
419 1172 448 1224 et
457 1168 606 1241 episcopis
616 1169 699 1242 regni
712 1168 756 1224 sui
773 1168 942 1236 mittendae,
996 1178 1142 1230 terrarum
1155 1173 1250 1238 sedes,
1261 1189 1314 1245 per
1324 1172 1457 1228 divinum
1468 1171 1756 1242 Paulum,ccelestem
1767 1171 1824 1229 scl-

109 1257 710 1334 qussillissecundummandatumdomni
722 1257 945 1339 papaetransmi·
998 1261 1065 1319 licet
1079 1262 1193 1329 tubam,
1202 1262 1251 1335 qui
1262 1262 1297 1318 ad
1309 1262 1428 1318 tertium
1439 1261 1544 1318 celum
1559 1268 1588 1319 et
1602 1263 1638 1319 ad
1652 1256 1824 1336 paradisum

108 1350 218 1414 simus,
228 1348 375 1422 quasdam
387 1352 485 1403 sutem
501 1346 585 1403 nohis
599 1346 738 1419 legendas
750 1351 778 1403 et
789 1348 944 1403 ohservan-
998 1357 1100 1424 raptus
1111 1351 1166 1407 hon
1177 1352 1212 1407 ab
1224 1351 1287 1422 ipso
1296 1349 1419 1407 Domino
1434 1350 1547 1417 didicit,
1554 1349 1675 1408 nohiset
1685 1350 1824 1425 omnihus

108 1441 174 1508 das,
184 1454 312 1512 quarum
327 1440 356 1493 et
367 1435 415 1492 hic
431 1440 542 1492 textum
559 1435 724 1492 habemns:
744 1436 773 1491 in
789 1436 899 1508 quibus
910 1437 942 1471 ⁹⁹¹
998 1440 1165 1497 christianis
1188 1456 1304 1513 semper
1328 1439 1357 1494 in
1382 1439 1463 1496 omui
1487 1440 1598 1496 mundo
1621 1439 1739 1506 clamat,
1756 1454 1823 1496 cum

108 1528 280 1586 invenimus
288 1524 562 1597 cosmiacreprnos
572 1523 845 1581 curlornicarinsin
855 1541 943 1599 regno
997 1529 1168 1601 th'usmodi
1185 1544 1237 1584 nec
1248 1528 1347 1584 cibum
1361 1544 1487 1585 sumere.
1500 1528 1534 1584 lit
1548 1545 1601 1601 per
1610 1529 1729 1585 beatum
1740 1528 1826 1587 lonn-

108 1615 368 1674 nostruimmoreri
378 1614 664 1687 permitteremuo‚et
674 1630 731 1669 non
740 1613 836 1670 solum
848 1613 943 1686 ipsum
998 1635 1066 1675 nem
1080 1615 1258 1692 apostolum,
1271 1618 1321 1689 qui
1332 1618 1368 1674 de
1381 1621 1489 1673 aeterno
1499 1616 1599 1675 etvivo
1609 1616 1717 1674 Christi
1732 1620 1826 1690 pecto·

109 1705 271 1771 laminam,
281 1705 333 1760 sed
349 1707 379 1759 et
392 1719 494 1759 omnes
505 1703 539 1739 ”⁸
554 1703 682 1759 lavantes
698 1703 818 1760 facinori
835 1704 911 1775 ejus,
927 1721 945 1757 a
999 1708 1039 1764 ris
1055 1709 1133 1764 lente
1148 1706 1178 1763 in
1194 1723 1289 1776 coenn,
1300 1706 1418 1779 quando
1443 1710 1627 1763 sacramenta
1649 1705 1826 1781 redemptio.

110 1799 274 1869 corporeet
284 1792 550 1867 sangnineDomini
561 1793 943 1866 excommunicat0s‚nsqne
958 1830 982 1896 B
998 1797 1045 1853 nis
1055 1797 1088 1832 ⁹⁹⁸
1100 1801 1205 1853 nostrae
1218 1799 1289 1852 sunt
1299 1794 1445 1852 celebrata
1457 1799 1486 1852 et
1500 1795 1618 1861 tradita,
1628 1812 1718 1870 super
1732 1810 1765 1853 eo
1780 1810 1826 1853 rc·

110 1888 183 1943 dum
196 1886 264 1958 ipsa
274 1882 380 1940 mulier
389 1882 427 1938 ad
437 1883 533 1938 virum
545 1899 633 1938 suum
644 1881 760 1939 rediret.
773 1884 808 1939 Et
817 1883 939 1950 scimus,
996 1887 1140 1942 cumbens
1154 1883 1253 1941 hausit
1268 1885 1345 1957 quod
1361 1885 1522 1956 redemptis
1534 1883 1674 1940 omnihus
1686 1883 1827 1957 propina·

111 1975 187 2032 deut
199 1977 323 2031 sanctus
335 1971 408 2028 dicit
424 1970 739 2044 Gregorius,quonlam
749 1973 783 2007 ”⁸
797 1972 846 2045 qui
863 1987 940 2029 rese·
994 1975 1046 2042 vit,
1054 1974 1294 2031 manifestissime
1303 1973 1387 2030 sedes
1395 1972 1555 2046 apostolica
1565 1972 1714 2029 interdicit
1723 1971 1827 2043 hujus·

111 2064 217 2132 moda,
231 2062 256 2118 si
271 2065 378 2135 potest,
392 2077 451 2117 non
471 2060 600 2135 corrigit,
616 2061 679 2133 ipse
703 2060 939 2118 illa-committit.
996 2064 1074 2121 modi
1090 2061 1319 2137 hominemflnon
1340 2062 1447 2119 dehere
1461 2077 1641 2135 quemquam
1657 2060 1688 2117 in
1703 2062 1823 2118 domum

111 2140 281 2210 Nosautem
291 2151 460 2207 audivimus
475 2150 644 2223 predictam
656 2151 795 2208 feminam
811 2151 841 2206 iu
852 2168 941 2224 regno
996 2171 1080 2211 suam
1097 2153 1234 2226 recipere,
1251 2168 1303 2208 nec
1318 2168 1369 2208 are
1393 2151 1418 2207 ei
1433 2149 1547 2208 dicere:
1561 2149 1631 2223 quia
1645 2148 1696 2224 qui
1712 2149 1783 2207 dicit
1797 2148 1823 2206 el

111 2225 229 2314 nepotis
244 2239 336 2297 nostri
360 2239 547 2308 commorari,
557 2244 586 2296 et
600 2240 676 2295 hanc
699 2239 874 2296 sententiam
890 2257 941 2312 po·
996 2239 1408 2315 ave,communicatoperibus
1419 2241 1484 2312 ejus
1495 2238 1642 2312 malignis.
1652 2238 1824 2313 lltperbea-

112 2336 175 2389 stes
190 2347 250 2386 non
267 2328 435 2385 audivimus
456 2328 703 2386 immutatamllt
716 2330 766 2402 qui
787 2345 943 2402 gravamur
996 2339 1060 2390 tum
1076 2331 1248 2406 Gregorium
1273 2347 1379 2404 papum
1404 2331 1434 2384 in
1460 2328 1596 2386 homeliis
1620 2326 1824 2385 Ezechielis*

111 2420 235 2486 nostris,
250 2418 390 2475 timemus
400 2417 506 2474 alienis
515 2417 604 2474 etiam
616 2419 833 2475 communicare
844 2434 943 2491 pecca·
997 2425 1077 2488 dicit,
1086 2422 1154 2495 quia
1170 2421 1246 2477 sicut
1258 2419 1307 2476 ille
1323 2419 1373 2493 qui
1384 2420 1441 2475 fide
1452 2418 1537 2475 olleo
1558 2416 1675 2485 recedit,
1689 2419 1825 2490 apostata

112 2511 162 2578 tis,
178 2508 427 2565 communicando
441 2508 714 2564 excommunicatis.
997 2517 1052 2581 est,
1065 2513 1106 2569 ila
1120 2516 1150 2568 et
1165 2510 1213 2567 ille
1237 2509 1287 2582 qui
1303 2527 1320 2565 n
1334 2509 1393 2566 neo
1413 2508 1523 2565 recedit
1548 2520 1645 2580 opere,
1657 2505 1720 2562 sine
1735 2504 1824 2563 dublo

148 2599 176 2654 5.
186 2596 853 2674 Filiamnostramludithviduanr,secundum
865 2597 943 2671 leges
998 2606 1131 2676 apostata
1146 2605 1199 2657 cst.
1212 2598 1365 2665 Quoniam,
1379 2597 1457 2655 sicut
1473 2598 1545 2654 dicit
1564 2594 1732 2669 Apostolus,
1744 2595 1825 2652 Fides

116 2687 230 2743 divinas
245 2690 275 2743 et
290 2687 456 2741 mundanas
476 2687 532 2742 suh
556 2686 678 2743 tuitione
704 2686 902 2743 ecclesiastica
916 2691 945 2743 ct
998 2694 1059 2748 aine
1073 2691 1199 2762 operibus
1213 2696 1322 2744 mortun
1337 2696 1384 2744 est.
1400 2687 1435 2742 Et
1454 2687 1534 2754 item,
1552 2685 1629 2741 sicut
1642 2684 1765 2741 alitism
1779 2683 1824 2740 di·

119 2777 945 2851 regiomuudoburdecoustitutam,Balduiunssibilura·
1000 2781 1040 2837 cit
1055 2777 1312 2852 Apostoluszsunt
1326 2777 1375 2849 qui
1397 2775 1560 2848 coutuntur
1582 2790 1611 2831 cc
1631 2789 1710 2831 nosse
1724 2777 1825 2840 Deum,

120 2870 226 2922 tuaest
241 2865 270 2920 in
287 2881 426 2920 uxorem:
440 2882 528 2937 quem
545 2869 611 2938 post
624 2865 716 2939 legale
726 2862 873 2938 judicium
888 2866 946 2939 epi·
998 2871 1080 2940 sactis
1095 2874 1186 2922 cutem
1196 2873 1307 2935 acuent.
1323 2865 1358 2920 st
1371 2863 1435 2936 ipse
1450 2861 1594 2921 Dominds
1603 2861 1674 2918 dicit
1683 2860 1720 2918 de
1735 2859 1825 2918 semel

124 2955 199 3027 scopi
208 2953 290 3027 regni
300 2953 391 3010 nostri
398 2954 721 3011 excommunicaverunt
730 2957 893 3012 secundum
902 2973 946 3013 se·
1000 2962 1029 3014 et
1043 2956 1171 3012 secundo
1187 2972 1220 3012 sc
1234 2953 1319 3010 tertio
1334 2952 1466 3026 legaliter
1489 2951 1667 3008 commonito
1676 2952 1710 2988 ”⁸
1723 2954 1753 3007 et
1766 2966 1825 3006 uon

126 3060 186 3099 cros
195 3060 323 3101 canones
336 3047 365 3099 et
380 3042 585 3100 diffinitionem
601 3043 694 3101 sancti
709 3044 839 3117 Gregorii
853 3063 944 3118 pape,
1000 3048 1179 3112 correcto,ut
1190 3045 1214 3100 si
1226 3042 1311 3099 nohis
1322 3043 1399 3099 sicut
1413 3041 1531 3115 gentilis
1546 3046 1576 3098 et
1589 3039 1715 3114 publicis
1725 3039 1826 3097 ommi·

128 3134 173 3204 qui
186 3133 256 3189 dicit
271 3150 278 3188 :
294 3132 327 3189 Si
340 3135 404 3205 quis
419 3132 532 3189 ciduom
552 3136 661 3204 furatus
674 3137 761 3206 fucrit
774 3137 806 3190 ic
820 3151 944 3202 uxorum
1001 3136 1088 3192 nibus
1100 3134 1277 3207 implicatus,
1286 3150 1352 3188 num
1364 3148 1421 3205 quo
1431 3135 1460 3189 et
1474 3129 1634 3204 apostolica
1645 3134 1674 3187 et
1687 3129 1827 3186 canonica

130 3221 179 3291 ipre
191 3230 216 3278 et
228 3223 425 3278 umentenur
446 3225 482 3291 ei,
490 3224 634 3279 condemn
650 3225 714 3279 siut.
727 3225 795 3289 Qua
806 3227 834 3278 et
847 3224 944 3280 verbis
960 3207 982 3273 C
1001 3223 1159 3280 auctoritas
1174 3238 1226 3279 nec
1243 3221 1341 3278 cibum
1361 3237 1488 3289 sumere,
1501 3224 1534 3276 ut
1555 3218 1825 3294 premisimusno·

135 3313 158 3364 et
167 3310 268 3367 litteris
283 3327 337 3367 nos
351 3317 380 3367 et
389 3310 518 3384 episcopi
534 3310 614 3385 regni
631 3312 723 3368 nostri
735 3312 831 3383 nepoti
847 3317 947 3369 nostro
1001 3312 1047 3371 bis
1059 3312 1201 3369 concedit.
1424 3312 1427 3317 ’

137 3394 272 3456 lllcthario
288 3398 482 3455 innotuimus.
500 3399 559 3455 Nos
574 3398 673 3465 etiarn,
687 3400 764 3456 sicut
777 3401 872 3467 scitis,
882 3418 949 3457 con·
984 3390 986 3396 ’
1035 3405 1064 3459 7.
1077 3402 1242 3473 Propterea,
1254 3400 1338 3456 unice
1357 3404 1385 3455 ct
1409 3400 1499 3454 trater
1514 3397 1676 3465 carissime,
1686 3399 1715 3452 et
1727 3393 1825 3452 achis·

138 3485 187 3544 silio
201 3492 230 3545 et
242 3504 390 3545 consensu
405 3487 537 3545 fidelium
558 3493 724 3545 nostrorum
740 3491 946 3546 communiter.
1003 3492 1138 3564 metipsis
1162 3489 1316 3546 consilium
1329 3490 1363 3524 ⁹⁹⁰
1383 3488 1514 3560 accipite,
1526 3491 1555 3543 et
1569 3486 1643 3542 mihi
1668 3482 1825 3542 consilium

139 3577 370 3645 confirmavimus,
384 3580 416 3632 ut
425 3594 512 3633 nemo
522 3580 655 3634 nostrum
671 3577 842 3649 hujusmodi
852 3579 947 3635 homi·
963 3588 968 3593 '
1003 3582 1080 3647 datr,
1093 3584 1121 3634 et
1135 3579 1191 3650 ipsi
1217 3577 1314 3650 nepoti
1332 3580 1429 3631 nostro
1450 3592 1509 3631 sure
1524 3574 1630 3632 salutis
1654 3579 1684 3632 et
1705 3573 1827 3631 honoris

138 3675 189 3721 nem
200 3665 230 3722 in
240 3682 332 3740 regno
341 3682 395 3722 suo
411 3665 541 3738 recipiat,
554 3684 648 3738 neque
662 3666 813 3723 immorari
829 3670 948 3740 permit·
1003 3671 1070 3726 date
1083 3666 1249 3732 consilium,
1262 3671 1291 3721 et
1300 3668 1434 3738 praestate
1444 3663 1598 3734 auxilium,
1608 3663 1679 3737 quia
1688 3667 1717 3720 et
1726 3679 1780 3737 ego
1790 3663 1827 3719 sd

136 3747 233 3819 latren
243 3755 281 3810 sd
294 3759 405 3810 rectam
418 3754 560 3810 rationem
578 3756 756 3812 reddendam
767 3761 796 3812 et
807 3758 842 3812 ad
855 3757 948 3830 poeni·
1003 3759 1068 3824 hoc,
1080 3760 1224 3830 quantum
1239 3753 1311 3810 mihi
1326 3754 1470 3810 Dominus
1485 3753 1559 3811 scire
1572 3757 1698 3826 etposse
1708 3753 1830 3809 donave-

135 3835 244 3899 lcntiam
260 3845 416 3915 agendam,
427 3843 505 3899 sicut
524 3847 669 3900 statutum
689 3849 743 3911 est,
756 3845 840 3900 illum
856 3844 950 3902 redire
1003 3847 1052 3917 rit,
1069 3863 1135 3903 sum
1152 3849 1271 3918 paratus
1286 3842 1373 3912 simul
1388 3842 1540 3901 nobiscnm
1556 3858 1651 3917 agere,
1666 3842 1691 3899 si
1705 3839 1831 3921 volucrit

132 3935 216 4001 cogat.
228 3931 359 3998 Qualiter
371 3936 470 3988 autem
487 3949 577 4005 nepos
594 3938 693 3989 noster
707 3933 875 3990 Hlotharius
892 3951 949 3989 non
1004 3935 1219 4010 ipscrecipere.
1580 3952 1582 3956 ’
1805 3931 1808 3935 ’
1847 3986 1851 3993 ,

129 4015 949 4095 ³tlumerganosetcnnsanguinitutemnostram,verum
1039 4029 1066 4081 8.
1076 4025 1158 4091 Quod
1174 4029 1271 4078 autem
1291 4022 1446 4078 consilium
1473 4038 1526 4094 ego
1551 4039 1618 4078 cum
1642 4020 1789 4094 episcopis
1803 4021 1833 4076 et

128 4105 155 4154 ⁰1
166 4115 269 4165 contra
283 4109 376 4166 Deum
390 4114 420 4166 et
434 4127 549 4167 sacram
560 4112 763 4167 auctoritatem
779 4116 809 4168 et
820 4129 951 4168 commu·
1005 4115 1109 4171 ceteris
1119 4112 1256 4169 fidelibus
1268 4111 1533 4180 nostris‚sollioitus
1543 4116 1572 4168 et
1585 4128 1636 4184 pro
1647 4114 1834 4168 nostracom·

128 4198 191 4253 uam
201 4197 448 4254 christianitatem
461 4198 530 4255 inde
542 4201 643 4272 egerit,
655 4217 739 4272 spero
751 4201 821 4267 onia
830 4219 880 4258 vus
892 4219 950 4257 non
1006 4203 1100 4270 muni,
1110 4208 1207 4258 vestra
1217 4201 1328 4258 scilicet
1338 4194 1367 4256 et
1381 4216 1458 4272 men,
1469 4201 1519 4256 sed
1530 4204 1559 4256 et
1570 4216 1622 4273 pro
1637 4197 1732 4271 ipsius
1742 4214 1832 4270 nepo-

125 4268 281 4359 latetquod
289 4290 334 4342 est
341 4285 479 4359 plurimis
488 4288 650 4360 cognitum.
659 4289 823 4346 Etsanctus
832 4289 950 4359 Paulus,
1005 4294 1044 4348 tis
1055 4292 1146 4348 nostri
1159 4290 1254 4347 salute
1264 4294 1291 4346 et
1303 4290 1423 4360 honore,
1432 4294 1461 4345 et
1475 4306 1526 4363 pro
1537 4288 1687 4345 communi
1697 4285 1832 4343 omnium

125 4374 177 4430 per
189 4391 280 4447 quem
294 4373 436 4448 loquutus
456 4381 501 4433 est
522 4376 665 4444 Christus,
682 4378 753 4433 dicit
769 4395 775 4433 :
793 4381 852 4435 Non
865 4381 953 4436 sotum
1006 4381 1137 4438 fidelium
1150 4385 1317 4436 nostrorum
1333 4378 1525 4434 indemnitate
1535 4375 1742 4439 etsalvatinne,
1754 4387 1833 4429 nunc

123 4464 174 4520 sor·
185 4465 304 4537 socium,
328 4464 376 4521 sed
403 4467 452 4538 qai
478 4469 653 4523 consentiunt
680 4467 858 4538 facientibus,
875 4469 953 4540 dipni
1007 4470 1137 4542 proxime
1152 4474 1180 4525 et
1195 4470 1224 4524 in
1242 4468 1352 4541 synodo
1367 4473 1396 4524 et
1418 4467 1448 4522 in
1468 4465 1574 4538 placito
1599 4466 1699 4520 nostro
1723 4461 1831 4534 accepi,

122 4553 192 4610 'tut
205 4562 302 4610 morte.
968 4560 1088 4643 Dvnbis
1105 4560 1150 4614 cni
1168 4558 1282 4613 nullum
1299 4558 1408 4610 bonum
1424 4571 1541 4626 negare,
1554 4552 1605 4609 sed
1621 4551 1834 4609 omnebonum

158 4640 186 4698 6.
202 4642 278 4698 Nota
291 4645 337 4699 est
350 4641 433 4700 vohis
452 4659 543 4700 cauea
556 4644 592 4700 de
608 4661 695 4700 uxore
720 4646 835 4718 nepotis
861 4646 953 4702 nostri
1009 4664 1107 4702 mcum
1124 4652 1245 4718 paratus
1259 4661 1324 4700 sum
1342 4641 1599 4715 participare,dico
1613 4640 1638 4697 si
1653 4639 1834 4714 placet,etsi

123 4710 278 4797 Hlothani,
296 4730 418 4789 undeet
436 4732 554 4788 anobis
577 4737 606 4788 et
629 4734 665 4788 ab
695 4735 842 4807 episcopis
873 4736 955 4808 regni
1009 4736 1152 4791 itavohis.
1174 4735 1246 4790 hone
1271 4733 1368 4787 visum
1394 4729 1490 4796 luerit,
1506 4731 1579 4788 bene
1596 4732 1640 4767 ¹⁰⁰⁰
1655 4730 1836 4803 accipiamus

121 4816 230 4889 nosen,
244 4820 296 4876 sed
312 4824 342 4876 st
356 4820 394 4876 ah
408 4819 475 4877 aliis
496 4821 642 4894 episcopis
662 4824 855 4894 presentibus
870 4825 956 4880 uobis
1009 4825 1082 4880 illud
1098 4822 1304 4878 communiter.
1317 4821 1351 4874 lit
1366 4820 1388 4874 si
1407 4818 1512 4875 melius
1526 4820 1611 4876 nohis
1626 4836 1678 4892 per
1693 4818 1835 4877 rationem

121 4906 284 4965 tonantum
299 4908 436 4981 quaesivit
450 4915 478 4966 et
494 4909 605 4966 audivit
617 4928 624 4965 ι
636 4912 688 4967 sed
703 4913 866 4967 secundum
882 4912 954 4968 illud
1010 4919 1039 4969 et
1052 4911 1255 4969 auctoritatem
1267 4909 1398 4964 divinam
1412 4914 1440 4964 et
1451 4909 1612 4965 humanam
1627 4912 1734 4965 nostrae
1744 4905 1837 4962 salvs·

123 4996 286 5054 eonsilium
296 4998 401 5055 exinde
414 5016 472 5055 non
489 4999 689 5056 senescimus
704 5001 791 5056 etiam
803 5001 873 5073 quio
883 5003 955 5058 etad
1010 5002 1081 5058 licui
1098 5005 1126 5057 et
1142 4997 1350 5055 christianitati
1362 5003 1570 5071 congruentem
1581 4993 1778 5059 ostenderitis,
1788 5008 1837 5066 pa·

119 5069 272 5142 domnum
287 5086 482 5160 apostolicum
493 5104 545 5161 pro
559 5088 614 5145 hoc
624 5089 798 5157 transmisit,
809 5094 838 5145 et
854 5088 956 5147 abillo
1010 5097 1091 5147 ratus
1105 5107 1171 5145 sum
1188 5088 1259 5144 illud
1288 5104 1355 5143 cum
1379 5087 1459 5143 omni
1483 5087 1635 5144 devotione
1650 5083 1791 5155 accipere,
1807 5085 1836 5140 et

126 5168 267 5232 ‘sistolen
275 5173 380 5231 exinde
389 5177 624 5250 recepitNegare
632 5195 748 5250 quoque
757 5177 956 5236 nonvolumus
1009 5180 1172 5244 vetriacum,
1184 5179 1242 5234 Deo
1255 5181 1428 5249 cooperante
1442 5180 1471 5233 et
1485 5173 1689 5232 communium
1704 5170 1837 5228 fidelium

808 5339 928 5394 vatillo
948 5338 1155 5397 LECEIONES.

172 5461 431 5538 tinemuta.
470 5470 588 5527 mdeest
610 5471 637 5527 3.
676 5473 710 5506 ⁰⁹³
724 5472 862 5527 omnibns
891 5472 1065 5529 incientibus
1094 5490 1165 5529 corr.
1192 5470 1409 5528 conscientibus
1424 5470 1450 5524 3.
1489 5469 1570 5539 ⁹⁹‘q.
1597 5467 1622 5523 si
1648 5467 1716 5596 aguis
1740 5483 1786 5523 res
1810 5470 1839 5523 et

142 5536 331 5666 casamenta&
347 5538 427 5668 ’Zeia
438 5542 648 5667 rnedemptionis
662 5545 688 5598 3.
728 5545 1101 5615 ⁹⁹⁶onrrliisjezecnielisa.
1141 5546 1173 5579 ⁹⁹⁷
1190 5544 1258 5599 alibi
1276 5545 1301 5597 3.
1341 5540 1638 5620 ⁰⁰⁸exrommunicst9
1673 5581 1680 5596 .
1719 5537 1840 5596 maresc
