3878 6098
111 338 200 442 use

815 372 931 439 Missa
953 372 1113 436 Larius.

1738 360 1821 442 isso

111 510 223 584 Quando
239 509 305 569 odor
318 511 428 570 incensi
440 510 593 586 porrigitur
605 507 739 568 sacerdoti
752 517 779 567 et
790 507 933 581 fratribus,
950 507 976 575 Α
993 506 1170 562 conscientia
1188 510 1327 582 torqueor
1349 513 1536 583 peecatorum
1553 527 1559 542 ·
1576 526 1675 568 verum
1699 510 1768 585 quia
1783 518 1815 571 tu

323 586 397 641 riicat
410 586 599 657 uuusquisque
618 600 722 641 eorum.

145 674 293 730 Accendat
307 673 335 728 in
354 672 438 729 nobis
454 671 597 728 Dominus
611 669 709 743 ignem
726 667 771 726 sui
786 666 938 733 amoris,et

110 763 261 820 tiammam
277 765 389 818 eterne
405 760 566 818 eharitatis.

110 852 182 911 tanc
195 852 319 908 sacerdos
329 852 489 978 humillimas}
495 867 522 935 se
533 856 671 907 conuertat
682 849 716 905 ad
728 848 938 904 circumstantes

492 939 575 978 scau.

146 1013 231 1069 Orate
254 1029 306 1084 pro
330 1028 378 1068 me
404 1013 564 1084 peccatore,
583 1009 686 1065 fratres
711 1012 739 1063 et
764 1022 888 1071 sorores,
906 1009 938 1060 ut

110 1105 253 1168 meamet
266 1106 396 1157 vestrum
412 1100 590 1157 sacrificium
607 1100 759 1169 acceptum
775 1097 825 1151 fiat
840 1095 936 1150 Domi-

110 1208 148 1248 no
163 1191 221 1248 Deo
237 1190 428 1263 omnipotenti
444 1192 512 1245 ante
526 1190 714 1260 conspectum
730 1201 828 1242 surim.

274 1282 346 1336 func
367 1278 561 1351 respondeatur
575 1278 603 1333 ci
616 1295 632 1332 a
646 1274 775 1345 singulis.

146 1368 294 1442 Suscipiat
307 1367 494 1441 omnipotens
509 1367 586 1423 Deus
602 1366 637 1421 de
653 1362 791 1420 manibus
805 1363 865 1418 tuis
889 1379 935 1417 sa-

110 1458 296 1515 crificiumet
311 1456 456 1513 orationes
471 1459 527 1510 tuae
543 1452 747 1510 ascendentia
764 1450 936 1506 memoriam

109 1552 177 1604 ante
187 1545 480 1619 Dominum,ipseque
495 1547 523 1600 te
534 1539 732 1612 exaudiat.‚qui
744 1543 772 1593 te
783 1538 937 1595 constituit

110 1637 333 1693 intercessorem
349 1650 401 1706 pro
416 1629 678 1705 peccatisnostris.

146 1726 235 1783 Orent
249 1740 301 1797 pro
316 1727 345 1780 te
359 1738 461 1778 omnes
475 1721 580 1787 saneti,
596 1724 626 1776 et
640 1717 723 1775 electi
746 1717 807 1782 Dei,
823 1731 937 1771 memor

109 1815 150 1874 sit
163 1808 261 1872 omnis
273 1810 408 1869 sacrificii
422 1809 508 1877 tui,et
517 1808 721 1865 holocaustum
732 1809 816 1862 tuum
827 1805 936 1877 pingue

109 1906 270 2049 flalrirmola
285 1988 408 2047 Domino
424 1986 600 2045 sacrificium
620 1983 727 2051 laudis,
745 1986 773 2038 et
788 1980 876 2039 redde
891 1979 936 2035 Al·

109 2081 226 2139 tissime
240 2073 307 2136 vota
320 2084 381 2134 tua.

146 2169 290 2227 Exaudiet
297 2173 325 2224 te
333 2166 475 2224 Dominus
485 2167 617 2222 orantem
628 2179 679 2237 pro
691 2166 792 2217 nostra
802 2159 935 2215 omnium

111 2259 320 2405 aallild'ereatur
334 2345 376 2401 tui
391 2343 577 2417 omnipotens
592 2342 678 2407 Deus,
696 2343 725 2396 et
740 2338 869 2394 dimittat
883 2336 936 2393 tibi

111 2437 212 2496 omnia
224 2439 343 2510 peecata
357 2437 417 2490 tua.

151 2525 290 2583 Dominus
305 2524 343 2579 sit
359 2524 387 2578 in
404 2522 490 2599 eorde
506 2526 566 2589 tuo,
583 2525 612 2577 et
626 2518 655 2574 in
672 2535 721 2573 ore
736 2521 829 2585 tumet
843 2514 937 2572 susci-

111 2615 173 2689 piat
186 2613 363 2671 sacrificium
378 2611 430 2668 tibi
447 2614 599 2683 acceptum
614 2608 650 2664 de
665 2606 802 2663 manibus
816 2605 876 2660 tuis
886 2621 938 2676 pro

112 2701 417 2774 nostra,omniumque
433 2699 537 2756 salute.

114 2801 188 2868 Tunc
199 2826 343 2867 rortoersus
356 2807 480 2864 sacerdos
494 2806 529 2862 ad
544 2806 632 2861 attare
646 2803 745 2875 tui-udat
766 2817 817 2874 pro
840 2802 936 2856 semet·

269 2882 326 2953 ipso
340 2882 411 2935 tatu
422 2880 574 2935 orationem
588 2884 652 2932 aute
666 2882 779 2931 secreta.

138 2988 270 3073 'Domine
284 2988 353 3043 Jesu
368 2985 482 3041 Christe
500 2984 582 3051 fides,
599 2989 628 3039 et
648 2979 756 3036 fiducia
782 2980 892 3043 nostra,
910 2980 937 3032 et

112 3075 216 3133 totuin
232 3074 322 3145 hujus
338 3070 489 3145 presentis
503 3071 566 3125 vitae
577 3085 707 3125 arumna
717 3064 878 3123 consolatio
889 3079 937 3119 no-

112 3170 184 3232 stra,
198 3180 245 3220 me
255 3162 452 3234 indignum,et
462 3161 644 3231 peccatorem
657 3155 802 3228 propitius
812 3152 935 3225 respice,

992 601 1068 653 Deus
1084 596 1210 653 multum
1232 597 1398 655 misericors
1421 615 1463 664 es,
1479 598 1615 674 imploro.
1631 605 1665 656 ut
1688 600 1816 674 digneris

992 684 1065 740 mihi
1081 686 1149 741 dare
1166 686 1301 758 spiritum
1317 687 1616 762 contribulatum‚qui
1632 689 1685 744 tibi
1701 693 1816 763 gratum

992 774 1167 830 sacrificium
1185 775 1329 844 revelasti,
1347 780 1378 831 ut
1393 793 1426 832 oo
1441 776 1704 849 purificatusvitali
1716 777 1818 834 hostia

992 863 1055 936 pias
1071 881 1176 920 uranus
1200 866 1382 933 admoveam,
1399 883 1463 937 qua
1488 866 1588 922 omnia
1611 870 1730 938 peccatu
1753 883 1819 923 mea

992 951 1115 1021 aboleat,
1132 957 1160 1008 ct
1174 969 1208 1008 ea
1222 943 1359 1025 deinceps
1375 954 1404 1008 in
1421 959 1595 1026 perpetuum
1616 954 1726 1009 vitandi
1744 955 1817 1010 mihi

991 1041 1114 1098 tutelam
1129 1041 1275 1108 infundat,
1290 1041 1485 1114 omnibusque
1497 1040 1633 1097 fidelibus
1647 1040 1819 1110 vivis‚etds·

992 1131 1101 1186 functis
1117 1148 1168 1204 pro
1185 1130 1291 1203 quibus
1308 1131 1361 1186 tibi
1374 1131 1507 1196 'offertum
1522 1130 1673 1202 presentis
1697 1129 1772 1198 vita,
1788 1135 1817 1186 et

992 1219 1096 1275 future
1116 1219 1220 1276 salutis
1245 1220 1419 1275 commercia
1443 1217 1593 1291 largiatur.
1610 1219 1663 1284 Qui
1689 1218 1771 1287 vivis,
1788 1223 1817 1275 et

991 1323 1107 1380 regnas,
1124 1312 1178 1364 ete.
1481 1320 1484 1323 ·

992 1413 1097 1470 Deinde
1111 1431 1173 1469 cunr
1188 1431 1295 1470 saturnu
1309 1416 1459 1470 reuerentia
1478 1415 1604 1485 incipiat,
1621 1414 1661 1469 'fe
1677 1414 1775 1488 igitur,
1790 1422 1816 1471 et

1026 1485 1147 1540 litaturi
1159 1493 1258 1540 atauus
1274 1487 1305 1540 ie
1319 1486 1450 1554 gradibus
1465 1488 1523 1540 suis
1538 1492 1646 1540 cartteut
1660 1489 1732 1558 ipsos
1740 1488 1815 1558 psal·

1025 1572 1093 1622 mos,
1110 1572 1193 1629 usque
1207 1555 1272 1611 dam
1286 1557 1326 1611 'fe
1341 1555 1432 1628 igitur
1445 1557 1571 1626 finiatur.
1666 1627 1670 1633 ¹

1025 1661 1168 1718 Exaudiet
1183 1667 1210 1717 te
1226 1660 1379 1718 Dominus.

1024 1751 1067 1805 Ad
1084 1755 1111 1806 te
1126 1750 1249 1806 Domine
1263 1749 1354 1805 levavi
1369 1749 1500 1805 anianum
1516 1766 1623 1804 meam.

1026 1839 1163 1896 Miserere
1178 1839 1235 1895 mei
1251 1839 1328 1894 Deus
1342 1838 1504 1894 seeundum
1521 1855 1670 1911 magnam.

1026 1929 1149 1985 Domine
1164 1927 1321 2000 refugium.

1025 2017 1078 2082 Oui
1096 2017 1209 2073 habitat
1221 2016 1251 2071 in
1268 2016 1423 2087 adjutorio.

1292 2103 1395 2160 Deinde
1407 2105 1513 2159 Preces.

1025 2194 1144 2251 Salvum
1167 2195 1211 2250 fae
1236 2209 1352 2250 servum
1377 2197 1462 2248 tuum
1486 2191 1626 2261 Domine;
1643 2192 1816 2252 Deusmeus

991 2287 1157 2357 sperantem
1175 2283 1204 2338 in
1220 2287 1257 2339 te.

1027 2371 1209 2429 Desiderium
1226 2370 1321 2427 cordis
1335 2371 1398 2441 ejus
1409 2368 1537 2425 tribuisti
1548 2367 1574 2423 ei
1583 2367 1704 2425 Domine
1714 2387 1721 2440 3
1733 2374 1762 2426 et
1771 2388 1818 2428 vo·

991 2461 1102 2517 luntato
1118 2460 1262 2516 labiorum
1278 2461 1342 2531 ejus
1358 2476 1416 2514 uon
1432 2456 1572 2514 fraudasti
1589 2475 1667 2513 euni.

1026 2549 1122 2606 Vitam
1134 2548 1241 2622 petiita
1250 2552 1318 2616 teet
1330 2547 1457 2603 tribuisti
1468 2546 1589 2602 Domine
1605 2545 1816 2620 longitudinem

990 2637 1149 2703 dicrum‚in
1165 2637 1342 2701 seculnm‚et
1356 2636 1385 2691 in
1403 2635 1533 2691 seculum
1551 2633 1652 2690 seculi.

1026 2726 1107 2782 Oculi
1124 2726 1239 2782 Domini
1257 2742 1345 2798 super
1356 2727 1464 2796 ‚justos
1481 2729 1509 2778 et
1524 2738 1611 2778 aures
1627 2724 1691 2793 ejus
1706 2723 1736 2778 iu
1752 2740 1817 2796 pre-

991 2832 1039 2872 ees
1055 2831 1167 2871 eorum.

1027 2905 1089 2960 Fiat
1104 2903 1304 2960 misericordia
1315 2908 1365 2958 tua
1378 2901 1500 2957 Domine
1511 2917 1600 2974 super
1612 2902 1819 2973 nosquemad·

991 2995 1111 3049 modum
1128 2993 1312 3066 speravimus
1328 2993 1357 3046 in
1374 2996 1412 3047 te.

1025 3083 1138 3155 Exurge
1153 3082 1274 3138 Domine
1290 3083 1397 3153 adjuva
1412 3097 1475 3147 nos,
1494 3082 1522 3134 ot
1537 3077 1647 3135 redime
1663 3096 1716 3136 nos
1730 3097 1819 3153 prop·

990 3174 1036 3227 ter
1051 3188 1158 3227 nomen
1175 3175 1271 3227 tuum.

58 3288 89 3345 ,ς
112 3242 971 3325 etplacatusexaudietmittesanctumAngeiumtuumc
1027 3258 1438 3317 pomjnegxaudsopggonem
1451 3256 1714 3325 megm‚gt013m0r
1734 3274 1818 3314 meus
1892 3284 1901 3295 .

111 3335 149 3399 de
167 3341 257 3407 ecelis,
273 3339 322 3413 qui
347 3339 423 3394 hanc
448 3334 625 3393 oblationem
648 3332 799 3406 suscipiat,
816 3335 845 3387 et
870 3333 936 3386 aute

111 3434 302 3504 conspectum
318 3434 373 3483 tuae
384 3424 582 3483 miserationis
593 3425 779 3497 representet
789 3421 819 3476 in
831 3435 939 3475 memo·

112 3520 187 3576 riam
204 3519 261 3575 mei
275 3518 311 3575 ad
327 3517 455 3583 laudem,
470 3518 499 3570 et
513 3513 637 3587 gloriam
663 3510 790 3567 nominis
813 3507 866 3563 tui.
883 3506 937 3572 Qui

111 3608 194 3676 vivis,
211 3611 265 3664 etc.

115 3718 187 3773 Tuae
209 3714 327 3786 incipiat
347 3720 457 3779 serrae,
483 3712 582 3783 quibus
606 3706 714 3780 finitus,
729 3712 755 3762 et
774 3704 940 3775 pretatione

149 3787 232 3852 dicta,
253 3784 342 3840 aaudo
357 3784 410 3840 alii
424 3780 828 3846 Sanctus,sanctus,sanctus
844 3775 940 3830 decau-

150 3865 219 3922 tant,
235 3803 295 3913 lac
309 3857 398 3912 oratio
410 3856 514 3910 cursim
528 3851 643 3908 dicenda
656 3858 694 3906 est
709 3866 726 3905 a
740 3847 886 3904 sacedote.

153 3963 272 4019 Domine
288 3963 376 4026 Dens,
392 3960 442 4033 qui
458 3977 516 4017 non
532 3962 667 4026 mortem,
679 3956 729 4012 sod
741 3952 941 4027 penitentiam

116 4052 265 4110 desideras
292 4053 486 4124 peecatorum,
512 4065 560 4104 nm
583 4046 724 4103 miserum
749 4042 942 4116 fragilemque

111 4145 293 4217 peecatorem
310 4144 392 4197 uiua
406 4155 463 4195 non
480 4136 603 4210 repellas
617 4136 831 4209 pietatemque
846 4129 942 4201 adspi-

110 4230 173 4287 cias
187 4230 223 4287 ad
239 4232 366 4303 peccata,
382 4231 412 4283 et
425 4225 535 4284 scelera
546 4228 652 4291 maaet
664 4220 942 4287 immunditias,tur-

110 4334 221 4393 pesque
236 4315 548 4391 cogitationes,quibus
559 4313 778 4370 flebiliteratua
788 4309 942 4385 disjungor

107 4406 323 4473 voluntate,sed
339 4395 375 4461 ad
391 4403 609 4461 misericordias
634 4407 701 4457 tuas
724 4403 752 4454 et
775 4399 811 4454 ad
838 4397 939 4463 fidem,

108 4496 353 4568 devotionemque
363 4493 528 4566 eorum‚qui
541 4508 593 4565 per
603 4508 649 4547 me
661 4493 846 4562 peecatorem
858 4491 940 4541 tuam

991 3349 1026 3404 ad
1042 3353 1070 3404 tc
1086 3347 1191 3404 veniat.

1240 3435 1332 3491 Oratio
1346 3449 1395 3505 pro
1418 3432 1565 3487 sacerdota.

1027 3524 1156 3579 Gaudeat
1174 3522 1296 3578 Domine
1312 3538 1482 3593 quesumus
1492 3519 1622 3575 famulus
1633 3524 1702 3575 tuus
1713 3519 1820 3577 benefi-

992 3612 1045 3668 ciis
1059 3611 1235 3685 impetratis,
1251 3615 1278 3665 et
1295 3610 1341 3665 rui
1363 3608 1500 3665 fiduciam
1527 3609 1677 3681 speranda
1703 3608 1820 3681 pietatis

993 3699 1132 3769 tribuisti,
1149 3704 1252 3773 optatu
1269 3697 1474 3755 misericordie
1489 3702 1594 3770 presta
1617 3696 1762 3772 benignus
1777 3698 1821 3754 ef-

995 3790 1112 3846 fectum.

1288 3878 1351 3932 atta
1364 3877 1529 3932 corumuuis.

1031 3966 1168 4023 Precibus
1184 3966 1292 4033 nostris
1314 3982 1484 4037 ipumsumns
1510 3963 1632 4020 Domine
1656 3980 1744 4020 aures
1766 3967 1823 4019 tue

996 4055 1113 4130 pietatis
1128 4055 1327 4117 accommoda,
1338 4060 1367 4109 ot
1379 4054 1525 4110 arationes
1538 4049 1825 4126 siipplicium,occul·

995 4147 1092 4200 torum
1108 4142 1240 4215 cognitor
1255 4141 1400 4214 benignus
1415 4141 1532 4207 exaudi,
1544 4145 1577 4195 ut
1589 4144 1616 4196 le
1632 4138 1773 4213 largiente
1788 4140 1823 4195 ad

994 4232 1085 4288 vitam
1102 4230 1307 4304 perveniamus
1322 4228 1544 4303 sempiternam.
1561 4228 1623 4295 Per,
1638 4233 1692 4284 etc.

1289 4320 1367 4389 Infra
1383 4321 1526 4374 actionem,

1031 4409 1062 4464 ln
1078 4407 1182 4482 primis
1198 4425 1257 4463 una
1272 4424 1338 4464 cum
1355 4404 1463 4463 femoio
1480 4410 1531 4459 tuo
1547 4403 1625 4474 Papa
1636 4405 1735 4457 nostro
1746 4401 1780 4455 N.
1795 4403 1825 4456 et

995 4515 1047 4571 pro
1061 4497 1199 4554 omnibus
1211 4496 1483 4564 orthodoxumque
1492 4490 1664 4564 Apostolice
1676 4489 1753 4546 Fidei
1765 4487 1824 4545 cul·

109 4579 693 4660 ¹¹¹³1¹¹0⁰¹¹¹¹l¹¹¹¹¹¹¹⁸⁰¹¹¹⁰¹d¹¹¹¹¹b⁰l‘fula
713 4595 759 4634 ¹¹¹⁰
785 4575 940 4649 indignum
955 4611 978 4676 fl
995 4587 1108 4642 toribus
1123 4584 1323 4650 Pontificibus,
1340 4587 1369 4637 et
1383 4578 1824 4647 abbatibus,Gubernatoribus,

106 4675 186 4732 iuter
200 4677 238 4740 te,
255 4677 284 4728 et
298 4670 439 4745 populum
452 4674 535 4727 tuum
548 4669 678 4726 medium
690 4665 753 4722 fieri
763 4664 940 4733 voluisti,fac

108 4779 155 4819 me
168 4761 306 4826 talem‚ut
316 4759 403 4833 digne
418 4759 528 4834 possim
545 4763 625 4814 tuam
642 4771 763 4812 exorare
778 4752 941 4809 misericor·

108 4850 189 4907 diam
205 4866 257 4922 pro
274 4866 330 4915 me,
347 4853 376 4905 et
391 4866 443 4922 pro
458 4848 560 4905 eodem
577 4843 685 4920 populo
701 4847 762 4899 tuo.

147 4935 269 4991 Domine
279 4934 406 5008 adjunge
419 4952 502 4991 voces
513 4937 629 4989 nostras
638 4930 758 4987 vocibus
769 4933 937 4986 sanctorum

109 5023 288 5097 Angelorum
306 5028 434 5091 tuorum,
449 5029 477 5079 et
492 5022 569 5078 sicut
582 5021 623 5076 illi
635 5027 664 5076 te
674 5019 796 5076 laudant
810 5018 938 5073 incessa-

110 5111 210 5168 biliter
222 5115 251 5167 et
266 5110 489 5185 infatigabiliter
504 5111 533 5166 in
557 5113 665 5167 eterna
689 5107 881 5172 beatitudine,
899 5105 940 5161 ita

111 5218 165 5257 nos
180 5216 297 5273 quoque
311 5217 413 5258 eorum
428 5201 593 5258 interventu
605 5203 633 5254 te
644 5214 810 5254 mereamur
819 5195 940 5251 laudare

110 5288 331 5361 inculpabiliter
344 5288 374 5344 in
390 5290 444 5345 hac
460 5286 703 5362 peregrinatione.
720 5287 782 5353 Per,
800 5289 853 5342 etc.

110 5396 167 5451 ffac
176 5397 300 5451 oratioue
312 5397 403 5469 finita.
421 5404 567 5468 auuauaur
581 5396 754 5451 sacramenta
769 5392 941 5463 uscipiantar

239 5468 381 5523 iterumue
396 5469 510 5524 Domina
529 5466 694 5523 commendet
713 5464 816 5519 diceus.

151 5552 941 5635 Facturusmemoriamsalutarishostietotiusmundi,

114 5678 182 5718 cum
197 5660 278 5720 illius
292 5663 476 5738 dignitatem,
493 5668 522 5722 et
536 5679 632 5721 meam
647 5663 762 5719 intucor
773 5657 941 5720 ladit-atem,

994 4680 1023 4731 et
1038 4673 1209 4730 flecteribus
1225 4670 1357 4727 Ecclesia
1374 4673 1480 4725 saneta
1497 4668 1555 4735 Dei,
1571 4672 1600 4724 et
1614 4684 1666 4740 pro
1682 4666 1762 4723 omni
1774 4684 1825 4738 po·

995 4763 1064 4836 pulo
1079 4766 1180 4818 sancto
1196 4759 1258 4816 Dei.

1031 4852 1176 4907 Memento
1187 4848 1308 4905 Domine
1319 4845 1497 4903 famulorum
1510 4845 1745 4915 famularumque
1755 4847 1818 4897 tua-

993 4958 1070 5006 rum,
1086 4943 1257 4995 cunctorum
1275 4935 1386 4992 scilicet-
1399 4934 1654 5007 consanguinitate
1673 4931 1822 4996 mihimet,

992 5029 1036 5087 vel
1052 5027 1260 5089 familiaritate,
1277 5028 1305 5081 et
1320 5024 1450 5080 amicitia
1464 5021 1827 5093 conjunctorumeuncto·

993 5134 1118 5190 rumque
1133 5133 1187 5172 sna
1203 5114 1275 5169 mihi
1299 5117 1417 5186 peecata
1441 5109 1654 5173 confitentium,
1670 5123 1775 5178 meque
1794 5105 1825 5161 in

993 5212 1043 5263 tuo
1060 5205 1178 5262 nomine
1194 5202 1278 5259 bonis
1297 5201 1501 5267 reficientium,
1514 5204 1542 5255 ot
1556 5197 1688 5255 omnium
1699 5196 1826 5252 circum·

995 5295 1149 5353 stantium.

1030 5385 1110 5440 liano
1126 5381 1212 5438 etiam
1229 5379 1408 5437 oblationem
1425 5375 1602 5432 humilitatis
1617 5377 1731 5444 memet
1743 5372 1828 5427 devo-

995 5473 1094 5537 tionis,
1111 5489 1199 5544 quam
1216 5470 1267 5526 tibi
1283 5469 1370 5524 offero
1387 5466 1578 5538 propeccatis
1595 5464 1711 5529 maisel
1725 5460 1826 5517 crimi-

997 5548 1827 5626 nasisaetionibosmeiscastigandis,etdimittendis‚pro

997 5668 1081 5718 ceca,
1097 5654 1126 5706 et
1140 5647 1258 5720 lapidea
1273 5644 1369 5701 cordis
1385 5643 1440 5700 mei
1456 5640 1566 5697 duritia
1584 5638 1782 5708 dissolvenda,
1798 5639 1829 5693 ot
