3878 6098
114 324 195 388 {tto
216 385 221 395 .

649 316 652 321 ’
705 308 1236 385 Maartaotoe.-tartss10o.

1730 310 1821 395 -rs're

151 459 181 517 S.
197 453 315 516 Eusebii
330 474 423 532 pape,
440 456 495 513 sub
511 457 556 530 cuj
562 474 596 514 us
611 461 740 531 tempore
756 454 873 512 inventa
897 457 943 527 est
955 454 982 521 Α
996 451 1034 506 Vl
1049 453 1118 509 Idus
1133 453 1233 510 Octob.
1250 455 1334 527 Apud
1349 453 1467 512 Gretam
1483 456 1560 514 beati
1575 460 1662 518 Piniti
1678 462 1753 523 inter
1762 468 1822 542 epi·
1843 456 1853 471 '

151 567 232 607 crux.
249 549 284 605 nt
296 547 365 604 alibi
382 547 483 604 Sereni
499 547 685 603 contessoris.

114 640 139 695 V
153 641 251 696 Nonas
267 638 366 695 Octob.
376 635 477 694 Natele
492 636 621 710 Dionysii
633 637 811 710 Areopagitae
821 634 941 692 Atheni·

151 730 229 785 sium
245 725 373 800 episcopi
389 731 418 783 et
432 727 585 800 martyris;
598 731 626 782 et
640 725 708 782 alibi
726 725 821 782 natale
831 727 942 782 SSEu-

150 818 301 874 voldorum
319 817 565 889 presbyterorum,
581 816 631 888 qui
647 833 714 872 eurr.
730 820 831 871 saneto
846 814 943 871 Wille·

151 906 257 962 brordo
268 905 403 978 episcopo
413 904 606 973 venientes,in
618 905 805 962 Germaniam
816 905 942 960 transie-

152 1000 221 1051 runt
233 996 269 1051 ad
281 995 420 1062 Saxones,
434 999 462 1050 et
486 1011 554 1051 oum
570 994 727 1068 predicare
742 994 780 1050 ibi
794 993 943 1050 Christum

152 1085 318 1157 acepissent,
326 1083 529 1156 comprehensi
544 1088 615 1140 sunt
630 1101 647 1140 a
662 1084 785 1156 paganis
800 1089 829 1139 et
844 1083 943 1139 occisi.

153 1174 352 1231 Autissiodero
367 1173 511 1230 dedicatio
526 1178 692 1247 cryptarum
709 1171 873 1230 beatissimi
881 1173 943 1229 Ste-

154 1263 244 1337 phani
260 1262 492 1336 protomartyris.
853 1250 856 1254 ⁴

190 1352 265 1408 Obiit
280 1351 456 1408 adhebaldus
470 1352 599 1408 sacerdos
613 1360 638 1409 et
652 1354 784 1422 magister
797 1352 880 1424 bajas
901 1367 944 1408 ec-

154 1442 258 1499 clesiae.

1032 560 1136 616 scopos
1153 543 1339 612 nobilissimi,
1356 547 1407 618 qui
1423 546 1586 621 inscriptis
1609 551 1671 607 suis
1691 554 1770 613 velut
1790 558 1820 616 in

1033 633 1161 705 quodam
1172 633 1290 707 speculo
1298 634 1441 692 viventem
1450 637 1505 693 sibi
1522 639 1680 708 imaginem
1692 645 1818 719 reliquit.

1031 723 1114 796 Apud
1143 724 1366 797 Agripinensem
1395 727 1497 782 urbem
1526 728 1624 786 natale
1651 730 1821 793 sanctornm

1034 819 1195 886 martyram
1212 812 1325 870 llallosi
1340 819 1369 870 et
1382 814 1516 873 Victoris.
1525 822 1557 872 ln
1566 818 1716 878 Britannia
1727 827 1823 884 natale

1035 907 1063 958 S.
1080 902 1193 958 Paulini
1209 903 1338 976 episcopi
1354 905 1489 961 Eboraci.
1904 971 1906 976 .

1070 992 1143 1049 Obiit
1160 994 1316 1049 traderes
1331 994 1429 1057 latera,
1444 997 1492 1066 poi
1504 996 1579 1053 dedit
1590 1000 1726 1069 tratribus
1741 1009 1822 1062 masi·

1033 1084 1091 1140 nile
1104 1099 1186 1139 seurn
1201 1099 1262 1138 cam
1278 1083 1364 1138 eineis
1378 1090 1404 1139 et
1417 1087 1519 1158 campis
1534 1089 1565 1142 in
1573 1104 1643 1160 pepo
1652 1089 1784 1150 Senoniae
1794 1098 1825 1151 in

1033 1172 1103 1228 villa
1118 1170 1240 1228 Cariaca.

997 1261 1023 1315 V
1037 1262 1107 1318 Idus
1122 1259 1222 1317 Octob.
1238 1261 1269 1317 ln
1285 1262 1392 1317 Acervo
1408 1261 1512 1319 Sicilire
1528 1264 1557 1321 S.
1574 1267 1689 1325 Zanosii
1703 1272 1824 1346 presby·

1034 1351 1099 1407 teri.
1116 1350 1200 1423 Apud
1216 1350 1362 1406 'tharsum
1378 1353 1563 1425 metropolim
1578 1355 1686 1414 Ciliciae
1707 1367 1824 1418 sancto-

1036 1456 1101 1495 rum
1119 1443 1280 1511 martyrum
1297 1438 1431 1506 Theraei,
1444 1441 1528 1498 Probi
1541 1448 1570 1498 et
1584 1446 1752 1506 Andronici.
1770 1452 1827 1507 Tu-

1038 1527 1116 1583 ronis
1132 1526 1275 1599 depositio
1291 1527 1385 1582 saneti
1400 1528 1535 1586 Venantii
1552 1533 1666 1591 abbatis
1677 1541 1706 1593 et
1716 1540 1825 1598 confes·
1847 1534 1850 1538 ’

1037 1616 1122 1672 soris.

1072 1706 1131 1777 lpse
1145 1705 1190 1761 die
1214 1706 1261 1762 Ate
1285 1707 1504 1780 archipresbyter
1527 1716 1553 1764 et
1576 1714 1733 1779 ramanus,
1749 1716 1827 1775 bomo

1037 1794 1156 1866 simplae
1169 1801 1195 1849 et
1209 1803 1307 1862 rectas,
1328 1802 1353 1851 et
1380 1797 1479 1852 linens
1503 1801 1601 1864 Deam,
1616 1803 1762 1859 monachas
1782 1807 1828 1877 s·

1036 1891 1092 1939 ciris
1116 1883 1246 1954 spiritam
1272 1881 1375 1939 Christo
1389 1885 1528 1942 reddidit:
1543 1889 1592 1959 qai
1606 1889 1680 1946 dedit
1692 1893 1829 1963 [ratribus

1036 1974 1094 2029 saia
1119 1974 1259 2027 canonicis
1282 1972 1385 2028 donum
1406 1990 1469 2029 cam
1490 1975 1671 2046 appendiciis,
1687 1996 1770 2052 qnam
1794 1984 1828 2038 ab

1039 2063 1127 2134 Opone
1138 2061 1170 2118 de
1185 2060 1317 2132 Gnrpiaco
1332 2071 1444 2130 emerat,
1460 2070 1487 2119 et
1501 2066 1609 2120 cineam
1620 2082 1703 2140 paam
1715 2070 1829 2141 planta-

1038 2153 1076 2207 oit
1103 2150 1177 2222 apad
1204 2151 1365 2223 Dilliacam,
1394 2152 1481 2208 aliam
1507 2153 1592 2209 eliam
1619 2171 1702 2228 paam
1727 2169 1829 2217 ernerat

1039 2241 1068 2296 in
1095 2239 1266 2312 Carta-cane,
1295 2248 1321 2296 et
1349 2240 1424 2297 dedit
1451 2243 1536 2298 etiam
1565 2250 1621 2300 octo
1643 2262 1768 2305 nummos
1796 2250 1829 2306 de

1037 2346 1129 2386 censa

118 1531 157 1586 lV
171 1531 269 1587 Nonas
284 1530 427 1586 Octobris.
443 1529 544 1586 Natnle
559 1531 610 1586 SS.
627 1530 721 1602 Crispi
737 1534 766 1586 et
780 1528 855 1596 Gaii,
871 1545 946 1601 quos

155 1620 233 1692 apud
260 1618 425 1675 Corinthios
454 1620 558 1676 beatus
583 1619 734 1692 apostolus
758 1635 789 1675 se
812 1617 948 1674 meminit

104 1705 106 1709 ’
155 1709 329 1781 baptizasse.
343 1709 426 1780 Apud
438 1709 594 1782 AEgyptum
609 1707 707 1764 natale
725 1708 946 1780 SSmartyrum

156 1796 240 1853 Marii
256 1801 284 1852 et
299 1795 438 1852 Marciani
455 1797 626 1862 fratrum,et
640 1812 706 1852 curn
723 1795 765 1851 eis
780 1796 947 1849 innumera·
962 1827 986 1893 B

155 1886 229 1942 biles
245 1885 294 1940 alii
310 1885 389 1957 passi
405 1889 475 1939 sunt
502 1887 599 1941 Romae
614 1885 661 1940 via
674 1884 768 1956 Appia
779 1885 808 1940 S.
820 1880 946 1938 balbine

155 1974 313 2048 virginiset
321 1974 449 2030 Marcelli
466 1973 814 2046 episcopiAutissiodero
826 1969 947 2027 S.blarsi

158 2064 318 2137 presbyteri
334 2068 362 2120 et
375 2063 562 2120 contessoris.
580 2061 707 2119 Parisios
726 2063 756 2118 S.
773 2063 872 2117 Aurea
887 2059 947 2116 vir·

159 2169 246 2226 grnrs.

123 2246 164 2297 lll
179 2244 276 2299 Nonas
291 2242 392 2299 Octob.
410 2247 442 2297 ln
458 2241 560 2298 Galliis
576 2242 690 2298 ciuitate
705 2241 839 2297 Valentia
853 2240 949 2298 natale

159 2333 189 2388 S.
206 2331 389 2404 Apollonaris
403 2330 531 2403 episcopi
556 2335 584 2387 et
608 2331 784 2387 contessoris
809 2330 949 2387 Autissio-

161 2423 230 2477 dero
245 2420 389 2493 depositio
404 2421 669 2492 SSgermanorum
686 2420 805 2476 Firmati
822 2419 948 2488 diaconi,
1004 2419 1041 2473 lV
1057 2420 1126 2475 Idus
1140 2418 1375 2493 OctobrisApud
1387 2421 1555 2479 Ravennam
1569 2423 1616 2480 via
1632 2425 1829 2485 Laurentiana

1040 2507 1136 2563 natale
1151 2507 1245 2564 sancti
1259 2507 1370 2565 Hedisti
1386 2511 1619 2584 martyrieApud
1628 2513 1754 2571 Africam
1765 2534 1830 2574 san-

1040 2602 1154 2654 ctorum
1171 2601 1299 2670 quotuor
1318 2596 1444 2655 millium
1471 2606 1686 2674 nongentorum
1713 2610 1829 2679 septua-

1040 2686 1122 2760 ginta
1137 2690 1165 2742 et
1179 2703 1239 2742 sex.
1256 2686 1399 2743 bituricas
1412 2690 1440 2743 S.
1457 2687 1599 2761 Opilionis
1614 2693 1784 2767 presbyteri.

160 2509 303 2565 Flavianae
319 2507 441 2582 virginis
456 2510 514 2564 Deo
530 2512 662 2564 sacratae.
680 2510 760 2582 tlpud
778 2509 949 2566 Eumeniam

107 2621 115 2628 ·
159 2598 236 2655 beati
252 2599 365 2655 'iresca
381 2598 509 2672 episcopi
524 2601 553 2654 et
567 2599 713 2670 martyris.

106 2710 112 2717 ·
127 2688 222 2745 Pridie
237 2690 335 2745 Nonas
347 2687 696 2745 OctobrisAntissiodero
706 2687 850 2760 depositio
863 2689 951 2744 S.De-

108 2814 114 2820 -
161 2778 240 2833 mani
257 2777 395 2850 episcopi,
413 2777 463 2849 qui
488 2793 555 2832 oum
579 2776 702 2832 rexisset
725 2777 877 2834 ecelesiam
894 2777 950 2834 sibi

109 2904 112 2908 ·
161 2867 350 2923 commissam
367 2883 461 2921 annos
477 2865 589 2932 rn,dies
603 2866 835 2932 saesdema
849 2866 950 2935 fertur,

163 2954 301 3028 martyrio
315 2955 405 3011 vitam
421 2953 524 3010 finivit.
540 2953 677 3009 Laodicia
692 2955 723 3009 Β.
741 2955 860 3027 Sagaris
875 2954 952 3027 epis·

163 3043 227 3116 oopi
243 3049 271 3099 et
287 3042 431 3116 martyris.
449 3047 481 3099 In
497 3042 613 3098 civitate
627 3043 746 3116 Agenno
771 3044 866 3101 natale
885 3061 953 3100 san·

108 3140 119 3176 <
167 3137 219 3188 etan
233 3133 312 3189 Fidis
323 3132 445 3206 virginis
460 3137 490 3188 et
503 3131 650 3204 martyris.

204 3223 282 3279 Obiit
297 3221 410 3277 Careias
421 3224 569 3295 imperator
581 3230 608 3278 et
620 3223 706 3279 Gaido
721 3222 813 3279 abiar.
827 3225 887 3295 lpse
911 3222 955 3279 die
969 3193 992 3261 C

114 3332 120 3339 ·
136 3348 139 3352 -
167 3311 313 3383 Apinaltas
325 3312 508 3368 subdiacones
520 3312 597 3378 obiit,
604 3313 652 3384 qai
666 3312 740 3368 dedit
751 3313 886 3384 fratribus
897 3313 954 3368 alo-

167 3399 233 3455 dem
246 3417 328 3456 seam
341 3417 403 3456 com
418 3401 549 3455 masenili
562 3409 588 3456 et
602 3403 689 3457 vineis
701 3403 772 3473 arip.
788 3420 814 3457 v.

112 3489 229 3545 ‘Nonas
243 3489 385 3546 Octobris.
402 3486 500 3545 Romae
516 3488 611 3545 natale
626 3490 655 3546 S.
666 3490 755 3545 Marci
771 3497 862 3563 papia.
872 3495 954 3557 item,

170 3580 267 3634 Itomae
281 3579 332 3634 SS.
351 3582 511 3650 martyrum
538 3577 666 3634 Marcelli
690 3583 717 3634 ct
740 3578 853 3650 Apulei.
870 3580 954 3652 Apud

167 3667 345 3741 provinciam
362 3685 426 3740 quae
442 3667 768 3739 nuncupaturAugusia
782 3667 955 3735 Euloatesia,

125 3763 126 3766 ’
166 3758 215 3812 SS.
233 3761 396 3830 martyrum
412 3756 501 3829 Sergii
526 3760 555 3811 et
579 3754 681 3810 Bneohi
707 3755 762 3811 sub
779 3755 955 3813 Maximiano

166 3845 351 3918 imperatore.

128 3933 192 3990 lilll
207 3935 277 3991 Idus
293 3935 436 3992 Octobris.
453 3933 571 3990 Cortina
596 3933 711 3990 civitate
734 3934 810 3990 beati
829 3934 955 4008 Philippi

1077 2776 1151 2832 Obiit
1168 2775 1357 2848 Tapanboidas
1378 2778 1573 2850 accendamini
1595 2779 1669 2838 dedit
1695 2784 1830 2854 fratribus

1041 2865 1179 2937 prandiam
1194 2882 1276 2921 seam
1289 2881 1352 2921 cam
1365 2868 1492 2922 masinili
1504 2875 1531 2924 et
1544 2871 1633 2926 eineis
1647 2879 1673 2927 et
1686 2873 1790 2945 campis
1800 2877 1831 2930 in

1041 2955 1110 3010 eilia
1137 2969 1210 3026 pmae
1238 2954 1341 3009 dicitur
1355 2955 1487 3011 Proditis.
1503 2959 1564 3029 lpse
1587 2957 1632 3014 die
1653 2960 1729 3030 ano
1753 2963 1832 3020 bonae

1041 3045 1184 3101 memorie
1197 3043 1439 3101 Autissiodorensis
1454 3047 1604 3118 episcopas,
1619 3048 1699 3104 decas
1720 3052 1831 3123 pontifi·

1044 3149 1107 3188 mem
1120 3140 1145 3189 et
1159 3135 1250 3205 [orma
1265 3134 1348 3188 toties
1362 3133 1515 3204 relipionis,
1529 3136 1578 3208 pai
1592 3136 1622 3190 in
1636 3138 1692 3192 vita
1712 3154 1763 3194 aaa
1783 3157 1833 3213 pa-

1046 3238 1103 3278 cem
1131 3222 1239 3288 dileeit,
1265 3222 1335 3277 bona
1355 3238 1423 3294 pace
1446 3225 1549 3294 quierit
1564 3227 1636 3297 :pai
1660 3227 1733 3283 inter
1746 3236 1832 3285 retera

1044 3313 1143 3383 quibas
1157 3312 1341 3382 episcopatem
1354 3327 1435 3367 snam
1449 3310 1557 3379 dilevit,
1574 3329 1654 3369 asam
1667 3319 1786 3372 amaro
1799 3317 1832 3374 de

1047 3400 1133 3466 Tullo,
1149 3416 1228 3471 anem
1254 3401 1382 3455 canonici
1405 3415 1455 3470 per
1481 3401 1581 3455 maltos
1605 3418 1692 3457 annos
1712 3405 1773 3460 sine
1785 3421 1832 3477 spe

1045 3489 1256 3560 recuperationis
1272 3491 1499 3554 amiserantmm
1513 3504 1618 3544 samma
1630 3487 1722 3546 labore
1736 3499 1761 3548 et
1775 3500 1832 3549 stn-

1044 3578 1089 3633 dio
1104 3577 1258 3648 aequaturi.
1275 3574 1354 3632 Dedit
1368 3577 1451 3630 etiam
1465 3576 1586 3632 ecclesie
1596 3578 1777 3634 saeemralta
1791 3582 1833 3635 in-

1044 3666 1174 3722 dumento
1186 3667 1377 3736 per·aptime,et
1390 3664 1502 3719 calicem
1515 3663 1834 3725 deauratamPraeterea
1886 3652 1892 3663 ’

1045 3756 1195 3825 arsipnovit
1209 3755 1238 3809 in
1253 3752 1400 3809 lindriaco
1415 3755 1533 3823 tripinta
1546 3755 1656 3825 solidor,
1673 3757 1772 3829 qaibrcs
1790 3756 1835 3815 die

1043 3844 1229 3900 anniversarii
1241 3842 1360 3912 singulis
1374 3843 1456 3915 annis
1467 3845 1608 3899 cononicis
1622 3847 1732 3917 resectio
1755 3849 1834 3903 exhi·

1045 3936 1149 3990 beatur.
1167 3933 1278 3988 Dimisit
1291 3932 1375 3987 etiam
1388 3932 1527 3987 canonicis
1541 3932 1682 3988 ecelesiam
1692 3933 1836 3992 lindriaci
1900 3979 1901 3982 η

166 4023 305 4097 episcopi.
316 4022 530 4080 Thessalonice
547 4022 642 4080 natale
658 4023 832 4079 S.Demetrii
846 4029 956 4097 marty-

167 4113 217 4168 ris.
235 4112 343 4169 llodem
367 4113 414 4169 die
434 4114 518 4194 juxta
542 4117 673 4192 montem
689 4112 789 4169 Oliveti
813 4113 956 4186 depositio

167 4201 197 4257 S.
214 4198 345 4274 Pelagine,
362 4218 426 4275 qnae
456 4201 601 4273 peccatrix
634 4200 808 4273 appellatur.
824 4206 857 4258 In
882 4219 956 4275 pago

1043 4029 1229 4094 postmortem
1245 4021 1366 4076 anselmi
1378 4036 1423 4076 sea
1439 4019 1638 4078 dimissionem.
1654 4025 1770 4079 interim
1783 4042 1836 4080 an·

1045 4120 1098 4168 tem
1113 4110 1265 4181 Stephanae
1276 4110 1438 4180 praepositas
1453 4128 1469 4166 x
1483 4111 1583 4168 solidos
1603 4112 1638 4168 ad
1661 4114 1836 4184 refectionem

1045 4199 1200 4271 (aemam
1214 4197 1355 4269 persolvet.

168 4289 356 4346 Dandonensi
373 4289 470 4346 natale
485 4291 514 4345 S.
528 4289 689 4346 Benedicta
703 4290 824 4363 virginis
839 4295 868 4347 et
881 4310 958 4349 mar·
1010 4291 1050 4346 111
1066 4290 1135 4345 ldns
1149 4285 1291 4344 Octobris.
1306 4287 1389 4360 Apud
1405 4287 1549 4344 Troadem
1559 4288 1655 4345 natale
1666 4290 1833 4363 beaticarpi

168 4378 454 4452 tyrisAutissiedero
465 4377 601 4435 Palladiae
615 4378 881 4452 virginisSenones
891 4381 959 4439 Pon

167 4467 273 4523 chariso
287 4467 419 4541 virginis.

1046 4377 1182 4452 discipuli
1192 4374 1274 4433 Pauli
1290 4375 1672 4450 aposlolirintioehiabeeti
1682 4377 1834 4450 Theophili

1046 4467 1185 4541 episcopi.
1203 4464 1376 4522 Alexandria
1391 4462 1543 4519 Athanasii
1566 4464 1692 4537 episcopi
1717 4472 1746 4522 et
1766 4483 1835 4524 con·

203 4559 282 4614 Obiit
295 4557 433 4613 Arnaidas
447 4557 642 4624 subdiacones,
658 4559 707 4631 qni
723 4558 800 4615 dedit
822 4562 959 4632 fratribus
974 4565 996 4630 Ι)
1047 4555 1176 4613 sessoris.

163 4644 304 4717 praedinm
318 4662 397 4700 sunm
413 4647 443 4700 in
457 4661 526 4717 papo
540 4645 683 4711 Senonico',
699 4647 728 4700 in
748 4647 899 4719 villacum
913 4647 957 4703 di·

166 4735 238 4789 citnr
254 4735 337 4791 Vallis
350 4734 469 4801 diaconi,
485 4741 510 4791 cl
529 4735 559 4789 in
571 4734 639 4790 villa
653 4735 790 4805 Apononis
813 4752 907 4808 arpen.
923 4736 956 4794 de

152 4824 327 4879 cineis'var.

127 4911 181 4967 VtI
196 4912 266 4969 Idne
277 4911 621 4969 Octob.0bitnsAbrahae
636 4910 955 4985 patriarche.Parisius

1084 4646 1162 4703 Obiit
1179 4643 1328 4699 liadoeicus
1344 4643 1434 4712 lenita,
1450 4641 1529 4714 cnjus
1550 4642 1687 4700 industria
1707 4647 1837 4704 masinile

1045 4751 1107 4791 cam
1128 4735 1209 4788 vinea
1236 4734 1266 4786 in
1280 4731 1379 4786 vitiare
1400 4731 1470 4802 qaod
1484 4735 1525 4787 est
1549 4732 1577 4787 ia
1593 4741 1733 4806 conspecta
1747 4737 1836 4791 sancti

1044 4823 1164 4893 lationi,
1179 4819 1314 4892 tratribus
1328 4819 1496 4892 adquisitam
1509 4829 1559 4889 cst,
1570 4829 1595 4879 et
1609 4838 1641 4879 ea
1653 4837 1715 4895 qne
1729 4823 1764 4878 ad
1772 4838 1835 4879 eam

1043 4913 1193 4986 pertinent.

166 5001 262 5058 natale
272 5001 321 5057 SS.
331 5005 493 5074 martyrum
504 4999 633 5074 Dionysii
648 5000 787 5072 episcopi,
798 4999 953 5057 Eleutherii
1009 4999 1105 5056 Pridie
1120 4999 1190 5054 idue
1203 4997 1346 5054 Octobris.
1365 4997 1463 5053 Roma
1479 4997 1576 5054 natale
1591 5002 1620 5053 S.
1636 4996 1737 5055 Calixti
1753 5015 1834 5071 papae

166 5090 339 5163 presbyteri,
355 5094 384 5145 et
398 5089 512 5146 Rustici
527 5087 710 5162 diaconi,qui
727 5089 831 5145 beatus
847 5090 956 5163 episco-

1045 5094 1074 5144 et
1095 5086 1242 5161 martyris.
1255 5087 1398 5160 Lugduno
1423 5086 1523 5145 Gallice
1550 5086 1691 5142 transitus
1712 5091 1741 5142 S.
1757 5086 1836 5144 lusti

166 5195 221 5251 pus
236 5183 355 5252 propter
368 5178 584 5251 predicationis
599 5178 729 5233 officium
745 5195 762 5233 a
777 5183 878 5235 sancto
893 5178 956 5235 Cle·
1011 5176 1151 5251 episcopi.

166 5271 264 5324 menie
274 5268 303 5323 in
315 5267 417 5324 Galliis
427 5268 566 5336 directus,
574 5267 672 5340 ibique
684 5271 729 5323 est
740 5267 954 5341 martyrizatus.
1011 5267 1081 5323 Idus
1089 5265 1231 5322 Octobris.
1241 5269 1272 5321 ln
1281 5265 1383 5322 Galliis
1394 5265 1470 5337 opud
1485 5263 1633 5320 Coloniam
1645 5264 1835 5336 Agrippinam

165 5357 249 5430 Apud
260 5356 411 5413 Coloniam
419 5356 590 5429 Agripinum
606 5356 701 5412 natale
712 5357 805 5412 sancti
817 5356 955 5412 Gereonis

165 5447 303 5519 martyris
328 5464 395 5503 curn
420 5446 485 5503 eliis
497 5463 598 5502 cccvru
615 5463 689 5518 qnos
704 5446 802 5500 serunt
823 5445 955 5502 Thebeos

166 5535 265 5591 luisse.
282 5537 367 5608 Apud
383 5536 492 5592 Juliam
509 5536 555 5592 via
569 5535 691 5591 Claudia
708 5532 803 5606 passio
818 5538 846 5590 S.
868 5534 955 5590 Dom-

115 5645 117 5648 ’
165 5638 238 5681 ntor.

1047 5354 1144 5410 natale
1160 5359 1326 5410 sanctornm
1339 5357 1499 5425 martyrum
1510 5353 1677 5407 Maurorum
1688 5353 1724 5408 de
1737 5352 1838 5408 militi-

1047 5446 1102 5500 bus
1112 5461 1147 5500 ex
1157 5442 1208 5498 illa
1216 5443 1329 5517 legione
1340 5440 1609 5498 sacra‘lbebeorum
1620 5456 1742 5497 numero
1753 5441 1837 5514 quin-

1047 5533 1189 5607 quaginta
1203 5533 1232 5587 in
1247 5531 1366 5587 basilica
1382 5529 1561 5586 conditorem
1577 5545 1612 5585 ex
1628 5531 1741 5587 musivo
1764 5549 1836 5604 quo·

1047 5622 1205 5679 dammodo
1216 5618 1447 5690 deaurato,unde
1456 5622 1485 5675 et
1493 5618 1586 5676 sancti
1593 5618 1835 5694 Aureivornntnr
