3878 6098
161 330 220 397 103
516 330 672 411 ΑΡΡΕΝΙ)
694 329 746 391 ΑΙ)
769 329 866 392 SAEC.
888 328 925 388 X.
942 360 981 373 -
995 327 1203 392 tustanus
1225 330 1319 391 ANNI
1340 327 1514 393 incusat.
1811 329 1876 391 tat

196 465 218 524 O
234 466 326 539 pater,
341 481 358 521 o
375 466 485 532 custos,
502 464 553 521 ubi
569 481 648 521 nunc
661 467 714 520 tua
729 461 906 532 sollicitudo,
1000 463 1030 536 lq·
1043 463 1063 519 E
1080 461 1197 536 regione
1212 463 1300 520 sudes
1316 463 1418 520 dextra
1430 462 1559 535 levaque
1574 461 1719 535 locantur,

161 558 254 625 Quam
271 555 359 611 debes
374 554 477 632 ovibus
502 572 577 626 quas
602 553 750 610 commisit
764 551 818 608 tibi
832 550 986 607 Christus?
1047 551 1084 609 Ut
1097 552 1150 608 tibi
1167 553 1244 624 quod
1262 552 1323 609 fieri
1339 552 1451 626 cupias,
1464 554 1542 626 quod
1554 553 1622 625 jure
1637 552 1768 626 rependi,

161 647 202 703 De
217 661 303 719 grege
318 661 406 716 quem
423 661 521 700 servas
533 643 609 716 perit
624 660 690 699 ecce
703 641 853 699 doloribus
863 656 932 708 una,
1047 641 1106 696 Hoc
1120 639 1186 696 aliis
1200 641 1305 698 facias:
1323 642 1401 714 quod
1416 641 1492 698 nolis
1508 643 1645 715 quodque
1660 646 1791 711 recusas,

161 734 197 800 Ni
208 735 295 791 modo
310 732 475 801 subvenias,
492 733 610 799 morior,
628 736 688 798 tua,
706 735 815 804 pastor,
831 727 927 784 ovilla.
1047 730 1104 785 Nec
1120 730 1210 786 facias
1225 730 1285 787 alii.
1303 731 1350 787 Sic
1366 720 1480 787 mcn'tes
1493 731 1588 804 gratia
1598 732 1712 804 Jungit,

163 823 194 882 Si
210 823 332 889 morior,
348 821 465 895 qualem
482 838 534 893 pro
550 838 597 876 me
612 821 715 876 reddes
730 818 874 874 rationem
1048 818 1095 874 Sic
1111 818 1228 875 Domini
1240 835 1354 875 sacram
1370 819 1458 891 digne
1472 819 1596 876 venietis
1607 820 1643 876 ad
1660 836 1753 888 aram,

162 917 237 969 Ante
253 912 304 968 Dei
319 911 432 967 vultum
448 927 515 965 cum
532 909 571 964 nil
583 909 693 964 laxabit
707 907 855 963 inultum?
1048 907 1147 963 Dulcis
1163 911 1190 963 et
1205 907 1343 981 angelica
1359 914 1510 965 sumentes
1526 907 1638 964 fercula
1651 909 1727 964 vite.

200 1003 257 1058 Hos
273 1005 355 1073 pater
369 1002 405 1056 ad
422 1001 507 1055 fletus
524 999 641 1070 pietatis
656 998 765 1053 viscere
781 1000 889 1062 motus,
1048 996 1107 1051 liae
1122 1000 1150 1051 et
1164 995 1250 1068 plura
1274 1012 1407 1063 monens,
1424 997 1579 1053 verborum
1596 1002 1712 1054 nectare
1728 1015 1881 1070 premens,

162 1092 282 1164 Excepit
296 1089 415 1145 tandem
430 1087 635 1144 tauculentum
648 1087 765 1142 nescius
781 1085 906 1141 hostem.
1047 1084 1195 1149 Obsecrat,
1214 1085 1359 1152 hortatur,
1375 1085 1512 1158 regaliter
1526 1091 1559 1142 ut
1573 1085 1748 1159 gradiantur

165 1180 258 1236 Pestis
276 1183 307 1233 ut
323 1177 442 1233 intravit
456 1177 559 1248 prunis
574 1175 713 1231 calefacta
729 1173 846 1238 resedit,
1048 1173 1101 1229 Per
1112 1174 1179 1229 fidei
1195 1190 1340 1243 normam,
1358 1191 1412 1231 nae
1426 1175 1462 1231 ab
1473 1191 1556 1246 equo
1572 1174 1645 1231 calle
1661 1176 1811 1244 recedant,

165 1268 296 1325 Dilatans
308 1266 418 1323 crimen
436 1267 543 1322 flavum
560 1265 684 1320 mentita
698 1262 834 1330 colorem,
1047 1261 1148 1318 iustos
1163 1262 1290 1318 emerita
1305 1262 1355 1335 qui
1367 1263 1456 1320 ducat
1470 1264 1507 1319 ad
1518 1262 1593 1319 atria
1607 1263 1682 1320 vita.

165 1358 300 1414 Denudat
315 1360 428 1429 pectus,
445 1355 470 1410 si
486 1354 579 1426 possit
596 1354 710 1409 flectere
721 1369 836 1407 sensus.
1048 1349 1099 1405 His
1113 1350 1282 1423 praelibatis,
1298 1351 1412 1408 cunctis
1427 1352 1501 1409 dans
1516 1351 1618 1409 oscula
1632 1352 1726 1425 pacis,

167 1446 324 1504 Candidior
339 1444 455 1511 renitet,
467 1448 568 1516 gestus
583 1446 611 1497 et
626 1441 740 1497 ludicra
755 1441 869 1507 miscet,
1049 1440 1172 1495 Summo
1188 1440 1297 1512 pastori
1312 1440 1460 1498 commisit
1473 1440 1547 1497 ovile
1561 1440 1734 1514 regendum,

141 1568 149 1576 ·
167 1533 238 1591 Tela
253 1531 396 1589 sacerdoti
413 1531 508 1586 verbis
520 1531 592 1602 Jacit
607 1528 797 1585 illecebrosis.
1048 1529 1072 1583 Α
1087 1545 1117 1583 sc
1132 1528 1297 1598 collectum,
1314 1529 1490 1602 proprioque
1506 1546 1610 1585 cruore
1626 1531 1825 1603 redemptum,

168 1621 273 1678 Omnia
289 1619 418 1688 molitur,
436 1636 488 1675 noc
505 1636 554 1675 cor
570 1617 665 1692 regale
681 1619 805 1684 feritur;
1048 1617 1086 1674 Ut
1101 1616 1157 1672 sibi
1171 1621 1322 1674 conservet
1336 1634 1411 1691 quos
1426 1617 1568 1687 condidit,
1584 1622 1672 1691 atquc
1687 1620 1843 1693 gubernet,

168 1711 232 1767 Stat
246 1709 401 1770 vehemens
418 1710 539 1765 adamas
555 1708 636 1763 nulla
650 1705 839 1780 penetrabilis
854 1708 925 1771 arta,
1050 1705 1148 1762 Hostis
1164 1707 1200 1762 ah
1216 1705 1334 1763 insidiis
1349 1708 1524 1780 premuniat
1538 1712 1626 1780 atquc
1637 1707 1755 1781 sagittis

170 1799 322 1870 Neopetra
337 1797 482 1853 rnollescit
498 1814 561 1869 que
585 1796 698 1852 Christo
723 1812 846 1868 prorsus
862 1793 995 1849 adhesit.
1050 1793 1123 1849 Hinc
1139 1793 1188 1849 ubi
1204 1793 1351 1850 vivificum
1367 1811 1475 1867 corpus
1488 1799 1684 1868 sanctumque
1699 1813 1837 1853 cruorem

169 1887 318 1961 angelicis
330 1887 420 1942 armis
436 1886 582 1958 siquidem
600 1886 733 1941 munitus
744 1885 780 1940 ab
797 1882 894 1940 astris.
1051 1882 1143 1955 Digne
1159 1883 1298 1955 percepit,
1314 1882 1432 1956 qualem
1448 1885 1484 1941 de
1496 1885 1577 1941 fonte
1591 1885 1711 1958 recepit,

169 1977 259 2050 Signa
270 1975 365 2031 crucis
381 1976 485 2042 vibrat,
505 1992 562 2047 quc
578 1975 637 2047 pilo
654 1974 767 2031 fortiter
781 1977 846 2029 acta
1053 1972 1131 2028 lntcr
1145 1975 1211 2028 vota
1225 1989 1358 2045 precum,
1375 1973 1504 2045 suspiria
1516 1972 1604 2047 longa
1618 1973 1759 2030 clientum

172 2063 355 2137 Diffugiendo
370 2080 459 2136 vagas
474 2064 591 2120 evanuit
607 2063 712 2118 umbra
727 2079 779 2135 per
794 2078 900 2128 auras;
1053 2060 1190 2116 Reddidit
1203 2061 1338 2117 aethereis
1354 2061 1482 2118 animam
1500 2080 1568 2119 eum
1584 2080 1654 2135 pace
1669 2064 1805 2132 catervis,

171 2153 272 2212 Fetida
287 2170 338 2226 per
352 2157 444 2208 totam
460 2151 596 2224 linquens
612 2151 734 2225 vestigia
750 2150 865 2206 cellam.
1053 2152 1146 2216 Quam
1162 2150 1293 2223 speciosa
1308 2150 1435 2223 phalanx
1450 2169 1605 2208 assumens
1621 2151 1819 2209 celicolarum

170 2243 222 2300 llle
236 2243 287 2298 Dei
302 2246 399 2308 natus,
417 2258 505 2313 quem
523 2240 647 2313 Virginis
659 2240 751 2296 edidit
763 2239 856 2306 alvus,
1054 2237 1162 2295 Detulit
1178 2239 1214 2294 ad
1231 2238 1318 2295 coelos
1334 2256 1401 2295 cum
1415 2239 1554 2297 laudibus
1569 2241 1803 2298 harmoniarum.

172 2331 293 2401 Semper
307 2330 472 2385 Romanum
490 2332 572 2384 tanta
587 2328 653 2384 fecit
668 2326 767 2383 indole
778 2326 900 2382 clarum.
1053 2329 1146 2383 iturea
1161 2328 1324 2384 Jerusalem
1339 2328 1437 2384 valvas
1453 2329 1508 2386 sihi
1521 2330 1624 2402 pandit
1635 2335 1665 2386 et
1677 2347 1787 2399 arcem,

172 2418 210 2474 Ut
224 2420 350 2488 nequeat
364 2415 420 2471 labi
438 2415 578 2488 nulloque
589 2403 802 2513 modegiolari.
931 2484 936 2493 ι
1019 2401 1029 2423 ⁰
1054 2416 1107 2481 Qui
1124 2417 1241 2488 penitus
1257 2417 1365 2489 sprevit
1380 2417 1535 2491 Rabylonis
1549 2420 1584 2474 ab
1600 2418 1698 2475 indole
1711 2419 1831 2477 fascem.

172 2504 283 2561 Cursus
298 2504 437 2560 horarum
452 2503 561 2559 Phoebo
576 2507 731 2576 peragente
746 2521 868 2558 suarum
1055 2505 1145 2560 Intrat
1161 2505 1356 2577 apostolicum
1373 2506 1440 2562 felix
1455 2506 1566 2580 collega
1580 2513 1715 2564 senatum

171 2593 298 2650 Venerat
312 2593 348 2649 ad
365 2593 528 2665 metusjam
544 2593 637 2649 sancti
649 2592 784 2666 praesulis
798 2597 880 2660 actas,
1054 2594 1125 2649 Cum
1142 2610 1200 2664 quo
1212 2593 1318 2665 judicii
1333 2595 1449 2651 scandit
1463 2593 1553 2652 sedile
1568 2597 1698 2667 beatum,

173 2682 282 2741 Christi
298 2681 476 2755 splendifera
492 2700 566 2755 quas
581 2686 700 2738 noverat
710 2681 806 2737 indice
822 2683 932 2749 dextra,
1054 2681 1147 2737 Fortis
1163 2682 1192 2736 in
1207 2683 1337 2738 adversis
1352 2699 1419 2738 cum
1435 2688 1510 2740 oratu
1527 2685 1688 2758 martyriali

173 2772 210 2828 Ut
225 2772 357 2828 mercede
373 2772 450 2829 bona
459 2772 599 2845 gauderet
609 2773 736 2844 vesperis
752 2771 834 2836 hora,
1054 2770 1125 2827 iuro
1140 2771 1271 2827 coronari
1287 2771 1385 2844 palma
1400 2772 1510 2830 meruit
1525 2774 1666 2831 decorari.

173 2861 298 2933 Mystico
308 2861 449 2916 cultorem
466 2861 568 2916 habuit
586 2879 673 2934 quem
689 2861 773 2917 vinea
787 2861 901 2930 sortem,
1054 2859 1165 2914 Emicat
1180 2859 1210 2914 in
1225 2861 1331 2916 castris
1346 2865 1380 2916 ut
1393 2861 1519 2933 phoebua
1534 2861 1720 2936 virginitatis,

173 2949 237 3005 Non
249 2952 365 3021 torpore
376 2949 504 3022 pigrum,
521 2966 573 3004 nec
589 2951 712 3005 abesto
727 2949 919 3015 desidiosam,
1054 2946 1255 3020 Centuplicem
1272 2950 1398 3005 fructum
1415 2951 1485 3022 quia
1501 2950 1622 3024 protulit
1636 2951 1825 3026 integritatis.

174 3039 265 3106 Quem
282 3037 376 3109 pudor
390 3037 540 3111 angelicus
554 3039 641 3094 decor
655 3037 758 3093 extulit
772 3037 948 3110 integritatis
1054 3037 1181 3092 Excessu
1197 3037 1289 3110 patris
1303 3038 1393 3096 simul
1409 3056 1512 3096 omues
1528 3040 1715 3111 mestificati,

174 3125 212 3181 Ut
226 3143 276 3181 vas
292 3125 422 3182 muditice
436 3125 581 3198 templum
597 3127 680 3182 ficret
694 3127 821 3182 deitatis.
1055 3126 1214 3198 Exsequias
1227 3126 1353 3195 solvunt,
1371 3128 1485 3184 tumulo
1502 3129 1550 3201 pia
1563 3130 1695 3185 membra
1709 3131 1888 3187 recondunt.

174 3218 234 3270 Hac
247 3214 355 3270 etenim
369 3213 476 3269 virtute
492 3214 606 3269 refulsit
618 3214 653 3270 ab
670 3212 766 3270 indole
781 3214 876 3287 prima
1014 3200 1036 3268 G
1055 3213 1191 3271 Presulis
1207 3215 1243 3271 ob
1259 3215 1397 3274 meritum
1413 3216 1612 3290 Rothomagus
1628 3219 1892 3291 gaudetiuaevum

174 3304 237 3371 Qua
249 3304 363 3360 domuit
375 3319 492 3360 carnem
510 3320 574 3375 quaa
587 3303 657 3359 luxu
668 3302 761 3376 vergit
777 3304 811 3358 ad
828 3304 896 3371 ima,
1053 3304 1178 3360 Assidue
1193 3305 1278 3376 cujus
1293 3306 1437 3376 pretiosos
1452 3305 1557 3365 excolit
1571 3312 1664 3372 artus,

155 3436 157 3440 >
175 3393 213 3449 Ut
227 3392 364 3449 manibus
378 3392 461 3464 puris
476 3396 505 3447 et
519 3393 630 3447 mundo
646 3392 731 3449 corde
749 3393 868 3447 beatum
1089 3392 1162 3447 lluic
1176 3393 1335 3449 Audoenus
1351 3395 1495 3452 successit
1509 3395 1707 3465 pontificatus.

175 3484 297 3554 Semper
311 3481 493 3538 adoraudum
510 3480 616 3536 libaret
630 3480 754 3536 dulciter
768 3482 895 3553 Agrium.
1012 3486 1018 3494 '
1054 3480 1117 3536 Non
1134 3480 1232 3536 minus
1243 3480 1379 3554 insignis,
1396 3481 1439 3539 sol
1454 3483 1571 3552 ardena,
1588 3483 1697 3557 fulgur,
1713 3488 1742 3540 et
1757 3483 1823 3550 iris,

173 3570 257 3630 Unde
269 3569 336 3642 polo
352 3570 494 3644 gaudens,
510 3574 538 3625 et
553 3569 612 3624 tala
627 3568 741 3641 cyclade
757 3569 909 3640 plaudens,
1054 3568 1136 3625 'l'hus
1147 3568 1290 3636 redolens,
1300 3570 1616 3644 cedrus,nux,myrtus,
1626 3572 1890 3646 oliva,cyprcssus,

172 3660 276 3717 (lentat
286 3657 458 3715 dulcisonus
473 3675 525 3731 pro
539 3657 705 3731 uirginitate
721 3658 864 3716 melodus.
1054 3657 1137 3712 Pacis
1152 3657 1319 3725 consilium,
1333 3659 1434 3732 patriae
1449 3659 1541 3717 totius
1556 3660 1690 3734 asylum3

207 3749 290 3805 Peste
305 3747 490 3822 philargyria
506 3749 601 3805 caruit
617 3748 695 3804 rivus
711 3747 838 3821 pietatis,
1055 3745 1176 3802 Francia
1191 3763 1249 3818 quo
1264 3746 1367 3820 viguit,
1384 3764 1441 3821 quo
1456 3753 1518 3806 tota
1531 3748 1673 3806 Naustria
1685 3749 1777 3816 halsit,

171 3838 296 3894 Gressus
312 3835 464 3902 debilium,
482 3853 588 3892 manus
613 3830 711 3905 aurea',
737 3836 833 3892 cultor
848 3840 998 3909 egentum,
1057 3836 1233 3892 Sanctorum
1248 3836 1352 3892 castris
1369 3826 1512 3910 tanquam
1524 3837 1708 3911 'fulgentibus
1719 3837 1820 3897 astris.

171 3925 319 3997 Quidquid
335 3929 397 3980 orat
411 3941 516 3981 census
532 3925 654 3998 inopum
670 3924 810 3997 dispersit
824 3925 860 3981 ad
877 3943 958 3995 usus,
1054 3924 1149 3996 Hujus
1166 3928 1194 3980 et
1209 3929 1355 3981 extremos
1370 3925 1530 3998 perlustrat
1545 3927 1623 3984 famu
1638 3927 1817 3997 Britaun0s3

171 4012 259 4068 Liber
273 4015 306 4067 ut
320 4012 410 4068 exiret
425 4012 487 4068 sine
503 4012 568 4069 laha
583 4013 686 4068 beatus
700 4013 803 4069 obiret.
1057 4013 1118 4068 Hoc
1134 4013 1250 4070 urceus
1266 4019 1395 4082 resonat,
1411 4014 1577 4088 promulgat
1591 4019 1621 4072 et
1634 4032 1724 4073 aurea
1737 4016 1844 4087 Roma,

172 4100 304 4171 Cumque
320 4115 459 4171 suprema
473 4098 536 4155 dies
551 4100 607 4154 sibi
617 4101 681 4170 jam
693 4101 814 4156 vicinior
824 4106 911 4170 esset,
1054 4102 1086 4157 la
1102 4119 1160 4174 qua
1174 4103 1233 4157 dux
1249 4101 1315 4159 fidei
1331 4103 1402 4159 dum
1418 4108 1496 4160 totus
1510 4104 1539 4160 in
1555 4104 1647 4161 ardua
1661 4103 1728 4161 coeli
1888 4162 1893 4171 ,

171 4189 205 4245 Et
221 4187 337 4261 fragiles
353 4191 434 4243 artus
452 4187 541 4243 febris
558 4188 698 4244 diuturna
712 4192 834 4255 teneret,
1055 4189 1195 4247 Psallcret
1211 4190 1340 4248 intentus
1357 4192 1538 4250 decachordo
1552 4193 1685 4250 carmina
1699 4193 1824 4265 plectro,

172 4277 310 4335 Plebibus
325 4275 437 4343 accitis,
452 4280 481 4332 et
496 4276 526 4331 in
544 4293 636 4331 unum
652 4277 706 4333 rite
721 4278 839 4345 coactis,
1053 4279 1197 4351 Angelice
1213 4280 1291 4336 vocis
1310 4297 1484 4352 responsum
1500 4281 1614 4339 coelitus
1629 4282 1741 4339 hausit.

172 4365 307 4423 Ecclesia
322 4363 442 4423 famulis
458 4364 571 4437 prolbrt
587 4364 743 4420 monitoria
757 4367 837 4437 pacis
850 4383 856 4421 :
1055 4368 1110 4424 Sed
1128 4368 1198 4440 quia
1213 4368 1361 4443 magnifici
1374 4373 1455 4442 patet
1468 4369 1558 4443 hujus
1570 4371 1632 4427 vita
1646 4371 1761 4444 patroni

172 4455 290 4525 Eu,‘ait,
302 4473 320 4511 a
334 4454 459 4522 Christo,
476 4453 523 4509 cui
539 4453 661 4526 supplex
676 4454 762 4510 cordo
779 4448 904 4527 benigno
1053 4455 1179 4512 Alterius
1195 4457 1294 4514 studio
1309 4474 1397 4530 prosa
1410 4463 1562 4532 metroque
1572 4459 1676 4533 polito,

171 4544 318 4599 Hactenus
342 4543 527 4615 obsequium,
553 4559 707 4615 proposse
729 4542 795 4599 dedi
812 4543 998 4614 famulatum,
1016 4569 1038 4634 D
1055 4544 1107 4600 Hie
1123 4545 1248 4602 breviter
1259 4549 1366 4600 tectum
1383 4545 1555 4603 concludam
1571 4546 1630 4603 fine
1643 4544 1788 4603 libellum.

171 4632 315 4689 Inritatus
330 4648 373 4698 eo,
390 4632 539 4689 communi
556 4636 634 4688 sorte
650 4631 789 4688 resolvor.
1020 4691 1024 4695 ,
1054 4633 1116 4688 Non
1130 4637 1225 4689 tamen
1243 4632 1298 4688 hoc
1319 4637 1421 4689 sancto
1436 4650 1555 4690 emman
1570 4633 1635 4691 siae
1650 4633 1749 4692 fenore
1769 4635 1881 4704 scribo,

170 4721 327 4786 Quorcirca
342 4737 455 4789 moneo,
472 4738 547 4793 quos
563 4738 641 4777 nunc
655 4738 689 4777 ex
703 4725 786 4794 parte
801 4722 943 4794 relinquo.
1053 4721 1109 4778 Sed
1125 4738 1236 4794 precor,
1254 4720 1388 4793 imploro,
1404 4722 1474 4780 totis
1489 4728 1519 4780 et
1530 4722 1645 4780 nisibus
1657 4740 1708 4780 oro

170 4808 208 4865 Ut
223 4811 339 4864 maneat
354 4808 434 4864 vobis
450 4827 504 4882 pax
519 4813 547 4864 et
562 4810 719 4865 concordia
734 4827 860 4877 morum,
1053 4809 1089 4865 Ut
1103 4809 1176 4864 mihi
1193 4811 1343 4866 llomanus
1359 4810 1398 4866 sit
1412 4812 1516 4869 ductor
1528 4812 1564 4868 ad
1579 4811 1688 4869 aethora
1701 4816 1833 4870 mactus.

170 4900 239 4964 Quae
255 4897 323 4955 fidei
338 4898 467 4970 signum,
483 4899 549 4954 fons
564 4902 609 4954 est
621 4903 649 4954 ct
664 4898 776 4972 origine
793 4900 947 4967 bonorum.
1053 4898 1151 4954 Lintre
1166 4897 1233 4954 licet
1248 4916 1336 4972 parva
1352 4898 1501 4958 sulcantes
1514 4917 1632 4973 equora
1645 4917 1753 4975 magna

170 4986 279 5043 Juncta
293 4985 350 5042 sibi
365 4989 463 5042 teneat
477 4984 594 5042 dilectio
610 4988 697 5042 corda
713 4986 819 5052 dualis,
1053 4986 1184 5060 Remigio
1196 4987 1301 5055 sancti,
1316 5005 1374 5045 non
1388 4988 1449 5046 ulla
1462 4989 1592 5063 pericula
1607 4989 1699 5062 passi,

84 5077 87 5082 '
171 5078 234 5142 Qua
248 5074 336 5133 veluti
350 5073 477 5148 geminis
493 5076 529 5129 ad
545 5074 649 5131 coelum
667 5076 795 5131 tenditur
810 5075 874 5132 alis.
1052 5076 1236 5148 Scillaeosque
1246 5093 1333 5132 canes
1344 5076 1426 5134 illesi
1442 5081 1663 5151 pretereuntes,

171 5163 223 5220 llis
238 5164 358 5236 pa·ibus
375 5163 462 5237 lignis
478 5163 641 5219 contexitur
655 5182 744 5221 aurea
760 5165 859 5232 restis,
1049 5164 1191 5219 Venimus
1207 5165 1243 5219 ad
1260 5168 1387 5236 portum.
1404 5166 1448 5223 Sit
1463 5164 1528 5223 laus
1540 5166 1664 5225 Domino
1679 5166 1883 5235 dominorum,

170 5250 286 5327 Integra
300 5271 364 5325 qua
380 5253 467 5309 durat
482 5251 564 5309 nulla
579 5251 744 5309 resolubilis
758 5257 830 5309 arte.
1051 5250 1096 5306 Sit
1110 5251 1177 5307 sine
1192 5251 1249 5308 tine
1264 5251 1364 5322 decus,
1379 5253 1430 5325 qui
1446 5258 1549 5326 regnat
1563 5253 1660 5322 trinus
1675 5259 1704 5314 ct
1719 5271 1808 5316 unus.

801 5488 1242 5528 -ψ
