3878 6098
160 269 221 337 {99
589 260 758 324 APPEND.
781 256 832 318 Ab
855 257 950 319 SAEG.
974 256 1013 318 X.
1028 279 1068 303 ε-
1084 256 1214 319 OPERA
1236 259 1432 306 ΑΛΕΣΠΟΤΙΚᾸ-
1461 264 1463 269 ’
1809 259 1871 325 200

160 403 221 458 vita
246 398 305 456 veri
327 394 486 454 Christiani
515 396 650 452 sanctum
671 396 718 450 est
741 389 939 459 desiderium;
955 388 986 446 in
999 389 1028 458 A
1042 389 1122 446 cultu
1138 389 1287 447 nutriebat
1301 395 1330 448 et
1341 390 1516 466 instituebat
1529 402 1632 447 cerum
1643 388 1780 461 aviciam
1791 390 1873 451 dicta

154 492 346 562 ,eleemosyna
361 502 479 543 omnem
495 483 707 556 benignitatem
717 477 989 540 ethenefieientiam
1045 479 1153 551 regina,
1166 481 1286 552 cupiens
1302 497 1351 537 eos
1361 480 1425 537 loco
1435 480 1488 535 filii
1499 480 1529 535 in
1542 479 1693 553 fastigium
1709 479 1871 541 sublimare

163 578 320 636 ostendeus
335 576 365 631 in
381 575 487 631 dandis
502 571 650 629 beneflciis
665 576 694 627 et
710 568 896 643 ignoscendis
911 567 941 622 in
958 583 989 624 se
1044 569 1135 641 regni.
1154 570 1209 624 Sed
1226 586 1277 642 spe
1290 587 1344 626 sua
1359 569 1498 626 frustrata
1513 572 1558 624 est
1574 569 1675 624 iraude
1691 567 1819 627 filiorum
1834 569 1872 626 de

163 656 989 733 delictisabaliiscommissis,quamprimu1nasemetipso
1043 657 1873 730 innocentiumcadetractantiumbeniqueeumcuitus-

162 756 247 812 debet
258 753 354 810 omnis
368 753 509 824 accipere.
526 750 671 822 Scriptum
688 752 733 804 est
747 746 843 803 enim:
861 745 987 801 lliscrere
1043 746 1143 802 bertus
1157 748 1294 803 resideret
1318 746 1448 814 Parisiis,
1466 761 1555 802 suasu
1585 745 1698 818 antiqui
1726 746 1872 818 serpentis

163 847 267 902 animae
281 852 347 909 ταῶ,
362 843 473 912 plocen-s
488 846 542 896 Deo
562 838 660 910 (decli.
677 853 742 903 xxx,
759 838 815 904 24).
828 839 860 889 In
873 833 988 905 jejunio
1043 834 1212 906 instigatus,
1230 839 1262 891 ut
1277 852 1400 908 regnum
1421 835 1518 891 fratris
1533 834 1663 892 defuncti
1678 834 1827 895 invaderet
1842 840 1872 893 st

162 950 228 989 vero
240 932 394 988 insinuans
409 946 525 986 omnem
542 926 670 1000 corporis
686 923 987 997 castigationem‚quae
1043 923 1152 996 injuste
1166 925 1339 997 possideret,
1354 941 1421 980 cnut
1434 940 1573 997 germano
1589 923 1725 980 factionis
1739 924 1871 982 eteocle·

162 1023 196 1078 ht
212 1020 337 1077 maxime
352 1019 381 1073 in
397 1016 509 1073 cunctis
525 1015 713 1088 passionibus
730 1013 834 1069 anima
859 1010 988 1082 compri-
1041 1012 1083 1068 ris
1098 1012 1144 1068 sui
1159 1012 1312 1085 participe,
1328 1013 1447 1069 mittens
1472 1011 1548 1068 clam
1573 1012 1725 1068 accersivit
1749 1011 1869 1071 fratrem

163 1107 436 1167 mendis.Attendite
448 1105 532 1177 quasi
544 1103 716 1176 inpraesenti
726 1101 820 1175 posito
831 1104 987 1173 patronum
1042 1099 1231 1167 Clotbarium,
1243 1100 1294 1173 qui
1308 1105 1384 1177 tunc·
1394 1100 1535 1173 temporis
1550 1100 1716 1157 Suessionis
1727 1100 1800 1157 urbe
1811 1117 1872 1157 me·

162 1201 290 1254 vestrum
317 1198 485 1251 monentem
507 1210 568 1260 vos,
586 1193 665 1247 etad
683 1190 869 1264 percipienda
884 1188 987 1244 exhor·
1042 1189 1319 1262 rebatur3ilagitans
1330 1193 1477 1261 quatenus
1487 1189 1618 1246 Parisius
1628 1189 1726 1246 venire
1736 1188 1871 1249 celeriter

161 1290 272 1342 tentem
289 1287 431 1357 perpetua
446 1282 582 1354 premia:
599 1280 696 1336 dstote
711 1278 788 1334 sicut
803 1281 831 1333 et
845 1293 917 1350 ego;
934 1276 987 1331 No·
1042 1295 1100 1334 non
1112 1277 1248 1343 differret,
1261 1282 1292 1333 ut
1304 1276 1458 1350 unapositi
1475 1277 1639 1335 commodis
1648 1281 1678 1334 et
1687 1277 1869 1335 utilitatibus

161 1373 211 1430 lite
226 1372 339 1430 causari
354 1373 390 1427 de
407 1369 586 1434 tortitudine,
602 1367 681 1423 unde
696 1384 748 1440 ege
773 1364 864 1437 potui,
882 1367 911 1420 et
925 1381 985 1433 vos,
1041 1365 1097 1422 sihi
1113 1367 1342 1439 congruentibus
1358 1365 1537 1434 insisterent,
1553 1372 1582 1422 et
1596 1381 1720 1441 reguum
1734 1367 1867 1441 germani

161 1463 186 1519 si
201 1459 440 1532 vultis‚potestis.
454 1459 552 1529 Neque
567 1456 646 1512 enim
663 1473 680 1510 a
695 1471 741 1510 me
755 1471 808 1527 ego
824 1454 986 1526 quidquam
1041 1455 1091 1527 qui
1112 1459 1182 1510 tunc
1205 1455 1265 1511 vita
1288 1459 1462 1526 excesserat,
1477 1454 1554 1510 inter
1568 1471 1599 1511 se
1615 1455 1797 1524 dividerent,
1815 1455 1869 1513 lilii

162 1549 260 1623 petui;
277 1565 361 1621 posse
378 1564 443 1602 vere
460 1561 557 1600 meum
573 1545 609 1599 ab
623 1541 672 1598 illo
688 1542 743 1597 suit
758 1542 807 1615 qui
824 1540 909 1597 dixit:
920 1544 987 1598 stne
1041 1559 1107 1599 vero
1122 1542 1201 1599 illius
1215 1543 1293 1598 velut
1308 1541 1435 1600 imbellis
1461 1560 1567 1600 manus
1591 1543 1736 1600 infantilis
1760 1545 1867 1614 etatis,

160 1655 204 1694 mc
225 1638 298 1693 nihil
324 1637 436 1708 potestis
463 1636 553 1705 [tmere
579 1637 670 1701 (loun.
687 1649 733 1699 xv,
749 1631 788 1703 5).
806 1631 836 1687 Si
852 1630 903 1703 qui
918 1647 986 1704 erge
1040 1637 1092 1688 aut
1107 1632 1204 1706 gladie
1220 1631 1324 1698 necati,
1338 1636 1389 1687 aut
1399 1635 1475 1688 certe
1491 1630 1602 1705 plebeio
1617 1631 1746 1705 tegmine
1760 1633 1867 1689 obsen-

160 1726 231 1783 estis
248 1725 349 1798 quiad
367 1722 571 1797 perfectionem
593 1720 722 1789 tenditis
740 1719 984 1792 perseverantiam
1041 1722 1096 1777 rati
1119 1727 1207 1794 atque
1227 1721 1394 1776 obumbrati
1425 1724 1586 1778 manerent,
1604 1721 1656 1777 His
1679 1720 1728 1777 ille
1756 1720 1867 1779 auditis

162 1816 191 1871 in
202 1814 287 1871 bonis
297 1812 435 1886 operibus
445 1828 462 1865 a
473 1810 556 1865 Putre
570 1808 717 1865 luminum
734 1807 913 1880 quotidianis
925 1825 986 1880 pre·
1040 1810 1134 1883 ruptis
1146 1810 1285 1866 horarum
1297 1809 1581 1866 moduliscclerrime
1590 1808 1868 1883 advolavitsparse

161 1904 244 1960 cibus
261 1900 379 1974 poscite,
396 1903 484 1971 atque
500 1896 555 1953 boe
571 1898 683 1971 agendo
699 1896 836 1953 confidite
861 1914 918 1952 nen
934 1913 985 1953 vos
1040 1906 1085 1957 rat
1101 1904 1198 1955 autem
1215 1899 1336 1955 subdole
1351 1898 1490 1971 prefatus
1501 1897 1706 1955 childebertus
1717 1898 1807 1956 falsos
1818 1917 1866 1955 ru·

160 2007 224 2048 esse
235 1988 388 2046 alienesab
400 1987 538 2043 electione
553 1985 724 2055 electorum,
736 2002 809 2058 qnos
820 1985 908 2058 elegit
918 1990 985 2042 ante
1040 2005 1136 2045 mores
1152 1988 1181 2044 in
1198 2006 1283 2045 aures
1298 1987 1464 2062 populares,
1478 1988 1514 2044 oh
1529 1988 1584 2044 hoc
1600 1987 1787 2044 solummodo
1802 2005 1866 2044 mu·

160 2079 261 2135 mundi
277 2075 528 2141 constitutionem,
541 2080 572 2130 ut
584 2078 683 2131 essent
694 2072 788 2130 sancti
800 2078 829 2129 et
840 2074 983 2129 immacu·
1038 2082 1123 2134 tuum
1137 2076 1316 2150 colloquium
1330 2076 1437 2133 habere
1453 2074 1580 2132 voluisse
1591 2076 1665 2132 duos
1676 2077 1866 2149 fratresque

159 2168 210 2224 lati
234 2167 264 2222 in
290 2168 448 2236 conspectu
473 2165 547 2236 ejus.
563 2163 648 2218 Absit
672 2169 771 2218 autem
787 2179 803 2218 a
817 2163 899 2218 vohis
919 2163 984 2219 ideo
1039 2171 1124 2223 tenus
1136 2166 1211 2223 filios
1222 2165 1320 2222 fratris
1330 2180 1400 2222 suos
1410 2169 1530 2237 nepotes
1542 2165 1799 2238 iacerentregnars
1811 2181 1864 2238 pm

160 2258 315 2328 desperare
331 2253 473 2320 devehis,
491 2253 560 2324 quia
583 2268 664 2323 spem
680 2256 806 2306 vestram
822 2251 851 2305 in
868 2251 916 2306 illo
932 2252 983 2308 ha·
1038 2253 1248 2326 patreUndeet
1256 2252 1379 2309 celerem
1391 2252 1529 2308 nuntium
1540 2251 1670 2326 dirigunt
1681 2253 1864 2324 admatresu,

158 2347 228 2402 bere
246 2342 392 2415 jubemini
417 2345 445 2396 et
468 2357 527 2396 non
551 2340 580 2395 in
603 2339 695 2395 vobis.
713 2338 885 2395 Maledictus
905 2339 983 2395 enirn
1038 2360 1102 2415 quae
1124 2340 1253 2396 Parisius
1273 2345 1334 2396 erat
1350 2357 1384 2396 ea
1398 2344 1582 2412 tempestate,
1596 2344 1736 2415 rogantes
1751 2357 1816 2398 eam
1831 2345 1865 2399 ut

160 2432 256 2489 omnis
272 2431 321 2503 qui
337 2429 458 2486 considit
478 2428 507 2483 in
529 2428 648 2484 homine
663 2430 693 2482 et
706 2444 723 2482 a
737 2428 861 2483 Domino
876 2428 985 2484 recedit
1038 2448 1144 2504 pueros
1160 2431 1288 2486 mitteret
1302 2428 1366 2485 sine
1389 2429 1538 2498 dilatione,
1555 2433 1587 2485 ut
1601 2430 1638 2486 ab
1653 2429 1696 2486 eis
1711 2430 1862 2486 mitteren-

159 2515 981 2593 corejus.BenedictusantemvirquicenfiditinDomino,
1036 2518 1147 2588 tur,vel
1158 2516 1425 2575 sublimarenturin
1437 2535 1559 2592 regnum
1571 2518 1863 2592 patrisitegiuavero

159 2614 188 2668 et
205 2611 260 2667 erit
274 2607 417 2665 Dominus
432 2606 540 2662 fiducia
555 2606 629 2676 ejus,
647 2606 717 2677 quia
731 2606 840 2661 benum
855 2611 900 2662 est
914 2622 982 2662 con·
1037 2607 1185 2664 hilaritate
1200 2607 1328 2678 perlusa,
1344 2607 1446 2680 ignara
1461 2607 1520 2662 doli
1535 2611 1564 2663 et
1578 2607 1861 2674 simulationis,cou-

159 2701 248 2757 fidere
263 2699 293 2753 in
309 2696 444 2754 Domino.
461 2695 535 2761 Quid
550 2712 617 2751 vero
641 2694 780 2750 adhuein
797 2698 982 2767 peccatorum
1036 2698 1135 2753 festim
1152 2696 1233 2752 misit
1250 2712 1356 2768 pueros
1386 2695 1521 2769 plurimis
1545 2696 1696 2769 obsequiis
1717 2695 1862 2762 isboset

159 2782 982 2856 damnabiliumremoraminidelectationeiapprehendi-
1037 2790 1151 2842 caterva
1166 2801 1323 2858 puerorum
1339 2783 1398 2841 illis
1419 2784 1625 2841 tamulantium
1642 2785 1775 2858 stipatos,
1793 2801 1863 2858 pre-⁸

158 2881 186 2932 te
202 2873 426 2932 saluberrimam
442 2872 567 2928 salutem
583 2876 611 2928 et
625 2870 822 2944 disciplinam,
834 2877 864 2928 et
877 2871 982 2929 servite
1036 2891 1176 2946 rumpens
1191 2874 1220 2929 ia
1237 2874 1299 2930 haee
1314 2873 1402 2929 verba
1417 2890 1424 2928 ε
1441 2873 1504 2929 Non
1529 2891 1575 2930 me
1599 2877 1701 2946 reputo
1725 2872 1862 2930 amisisse

158 2962 438 3030 Dominointimore,
446 2960 624 3018 etexsultate
633 2960 658 3016 ei
666 2960 837 3016 intremere.
847 2963 882 3016 Et
892 2960 982 3017 nolite
1036 2963 1140 3033 filium,
1157 2963 1182 3019 si
1197 2962 1269 3019 istos
1284 2961 1420 3034 parvulos
1434 2962 1548 3018 videam
1564 2962 1593 3017 in
1611 2978 1701 3036 regno
1716 2963 1780 3033 ejus
1794 2978 1862 3018 ccu-

159 3068 335 3127 presumere
350 3049 492 3115 devehis,
509 3065 562 3105 nee
585 3048 679 3105 velitis
704 3048 823 3121 gloriari
846 3050 929 3122 quasi
946 3050 982 3105 de
1019 3053 1167 3109 ‘stitutos
1184 3052 1251 3107 Mox
1264 3069 1330 3108 vero
1345 3055 1379 3106 ut
1399 3051 1434 3107 ad
1459 3056 1579 3124 patruos
1603 3055 1755 3118 venerunt,
1771 3068 1789 3106 a
1804 3050 1862 3107 sibi

158 3141 294 3215 operibus
309 3138 432 3206 vestris3
449 3138 499 3194 sed
516 3137 565 3210 qui
584 3137 735 3210 gloriatur,
752 3155 810 3194 nen
826 3137 856 3192 in
872 3155 904 3193 se
918 3137 979 3211 glo·
995 3125 1017 3191 C
1037 3141 1266 3213 obsequentibus
1280 3145 1309 3196 et
1323 3138 1516 3196 nutritoribus
1532 3140 1657 3213 separati
1671 3143 1742 3195 suat
1754 3158 1760 3207 ;
1772 3143 1862 3212 atque

159 3231 260 3300 rietur,
267 3226 485 3285 sedinDemino
496 3225 546 3298 qui
555 3225 635 3281 dedit
643 3225 760 3281 vobiset
767 3224 876 3282 velleet
884 3243 980 3298 posse.
1036 3246 1070 3286 ex
1084 3229 1230 3285 industria
1245 3233 1417 3301 procuratur
1441 3226 1712 3285 truculentissimus
1727 3228 1861 3298 nuntius,

158 3319 210 3375 Cui
221 3318 349 3374 dicimus
359 3332 428 3372 eum
440 3314 581 3388 propheta
593 3332 599 3370 :
612 3313 711 3370 Ovnnic
724 3324 904 3387 opercnostrc
917 3332 981 3388 epe-
1036 3319 1154 3375 nomine
1173 3317 1348 3383 Archadius,
1373 3316 1423 3389 qui
1443 3334 1568 3390 pergens
1583 3318 1619 3373 ad
1636 3322 1759 3374 matrem
1773 3318 1864 3374 ferret

158 3415 283 3465 rarescat
293 3409 323 3462 tn
333 3407 413 3461 nohis
424 3405 500 3477 (lsai.
512 3421 588 3467 xxvr.
603 3405 656 3470 12).
669 3403 703 3459 at
717 3404 781 3460 idco
796 3404 826 3459 in
843 3403 923 3460 nulle
938 3409 983 3461 est
1036 3408 1222 3481 evaginatum
1237 3404 1368 3479 gladium
1379 3410 1408 3462 et
1419 3406 1641 3478 forcipemblox
1651 3425 1717 3463 vero
1729 3406 1862 3476 utvenit,

156 3495 342 3571 gloriandum
357 3493 474 3567 quande
489 3497 623 3548 nostrum
637 3491 710 3547 nihil
722 3499 777 3559 est,
788 3493 925 3565 quianon
937 3498 982 3550 est
1031 3497 1300 3569 juxtapraeceptum
1309 3495 1508 3564 dominorum,
1520 3498 1649 3553 ostendit
1660 3495 1764 3569 regina
1776 3496 1862 3569 signa

156 3587 186 3643 in
198 3589 339 3659 potestate
364 3587 464 3640 nostra
485 3599 535 3639 cor
549 3586 683 3638 nostrum
699 3586 728 3637 et
739 3587 844 3639 nostrae
860 3600 980 3656 congre·
1034 3584 1155 3643 terroris
1170 3589 1198 3640 et
1213 3583 1337 3657 perculit
1351 3601 1416 3640 enm
1441 3589 1550 3641 terrore
1576 3585 1673 3658 gravis
1694 3585 1798 3655 nuntii,
1814 3584 1861 3640 di-

151 3660 292 3750 gationis,
300 3672 508 3730 sedaDcmino
524 3688 643 3745 gressus
660 3671 752 3727 nostri
768 3671 983 3745 diriguntur,ut
1035 3690 1119 3732 cens:
1136 3674 1158 3730 0
1176 3673 1302 3748 gloriosa
1317 3673 1429 3746 regina,
1441 3672 1492 3729 sslii
1507 3674 1551 3729 tui
1566 3674 1677 3730 domini
1695 3673 1786 3729 nostri
1797 3690 1861 3730 ma-

156 3765 233 3821 viam
257 3764 322 3835 ejus
345 3761 479 3819 velimus.
494 3761 553 3817 Hoc
568 3761 766 3830 crediderunt,
783 3759 838 3817 hcc
859 3763 982 3834 egerunt
1035 3780 1163 3839 gnepere
1177 3762 1250 3820 scire
1264 3761 1368 3819 volunt
1387 3763 1458 3835 quid
1473 3764 1509 3819 de
1524 3763 1621 3836 pueris
1636 3779 1755 3819 censeas
1771 3779 1863 3835 agen·

158 3853 326 3925 quicunque
340 3852 377 3907 ab
393 3849 476 3906 initio
490 3851 548 3906 Deo
564 3849 748 3922 placuerunt.
1035 3850 1755 3922 dum,etvoluntsibiociusnuntiari,utrumtonse
1766 3850 1863 3922 eapite

191 3938 543 3996 supercrescentes
565 3938 649 3995 Pater
671 3944 770 3996 noster
793 3938 979 3995 indubitabili
1034 3941 1106 3999 velis
1129 3958 1179 3998 eos
1201 3941 1306 4009 vivero,
1323 3957 1359 3996 an
1375 3938 1474 4013 gladio
1497 3941 1586 3996 vitam
1612 3945 1786 4013 presentem
1800 3943 1862 3994 ter-

156 4031 253 4083 meute
269 4025 401 4093 credidit,
411 4029 440 4081 et
450 4026 547 4080 verbis
562 4024 672 4094 docuit,
689 4031 825 4099 eiusque
840 4029 875 4083 ad
892 4027 981 4084 ssnem
1035 4031 1157 4086 minare.
1178 4030 1244 4084 lia-c
1258 4028 1309 4085 illa
1324 4029 1447 4085 audiens
1461 4027 1637 4084 intolerabili
1653 4029 1744 4084 animi
1760 4027 1864 4084 delore

157 4114 219 4172 suis
231 4114 368 4187 operibus
379 4112 616 4185 servandaeque
624 4112 702 4169 enim
713 4113 798 4169 aliter
808 4119 906 4186 posset
916 4130 981 4172 esse
1035 4117 1179 4184 sauciata,
1189 4115 1269 4173 velut
1283 4116 1313 4172 in
1330 4116 1438 4172 exstasi
1455 4121 1547 4188 rapta,
1560 4116 1699 4188 ignoraus
1711 4115 1803 4173 nimia
1813 4116 1864 4173 tri-

157 4207 288 4269 sanotua,
304 4201 390 4273 crxjus
415 4199 582 4272 prosapiam
607 4201 733 4273 generis,
748 4202 882 4274 quamvis
907 4203 981 4260 bene
1034 4205 1117 4264 stitia
1141 4204 1212 4278 quid
1236 4204 1355 4271 diceret,
1372 4204 1436 4266 ait:
1463 4226 1477 4255 a
1495 4202 1593 4260 Satius
1609 4205 1695 4272 duco,
1711 4209 1740 4260 et
1755 4205 1865 4264 melius

156 4298 228 4349 nota
241 4291 281 4349 sit
295 4290 445 4355 erunibus,
460 4287 543 4345 vebis
558 4287 628 4344 huic
642 4288 753 4362 pagine
769 4289 838 4345 duxi
853 4288 981 4348 inserere
1035 4294 1106 4352 mihi
1121 4294 1235 4350 videtur
1251 4309 1301 4349 eos
1329 4292 1418 4348 vitam
1443 4292 1519 4348 hanc
1543 4296 1637 4349 morte
1658 4293 1753 4360 finire,
1771 4312 1865 4367 quam

156 4383 230 4439 stab
241 4380 306 4454 ipsa
316 4379 380 4451 ejus
391 4377 672 4452 pueritiainsignem
683 4377 855 4450 pietatemet
863 4395 979 4436 morum
1034 4383 1137 4440 incisis
1162 4381 1293 4439 crinibus
1312 4380 1441 4438 viventes
1468 4382 1626 4455 degeneres
1641 4386 1670 4438 et
1685 4382 1864 4455 ingloriosos

156 4470 331 4544 probitatem
348 4484 475 4525 narrare.
491 4467 592 4523 Traxit
620 4474 718 4523 autem
745 4482 839 4539 genus
865 4468 901 4524 ab
922 4468 980 4525 alto
994 4493 1019 4559 D
1033 4473 1163 4529 videre.»
1179 4471 1235 4528 Sed
1251 4468 1300 4526 ille
1314 4469 1442 4544 perversi
1455 4470 1546 4526 animi
1562 4471 1649 4527 homo
1665 4471 1715 4543 qui
1731 4476 1792 4526 tam
1809 4488 1865 4528 aad

156 4559 299 4630 sanguine
323 4574 436 4631 regum.
459 4555 551 4628 Cujus
575 4573 647 4614 avus
670 4555 830 4613 Clodoveus
855 4573 979 4631 reguum
1035 4559 1175 4619 sacrabile
1189 4576 1224 4616 ae
1238 4560 1346 4615 darum
1361 4557 1507 4615 detulerat
1522 4560 1705 4628 mandatum,
1719 4575 1779 4614 non
1795 4577 1863 4632 per·

156 4647 333 4704 Francorum
353 4645 489 4702 nobiliter
511 4661 625 4719 regens,
641 4643 763 4718 pulchre
778 4644 938 4719 disponens
952 4649 982 4703 et
1033 4649 1102 4707 tulit
1115 4648 1219 4706 tandiu
1233 4648 1406 4716 subsistere,
1420 4648 1513 4704 donee
1532 4648 1633 4721 regina
1647 4649 1864 4707 sedatamente

157 4735 308 4800 ordinans,
320 4749 388 4789 cum
398 4734 529 4790 Parisius
539 4733 979 4806 cursuvitesuaeexpletofinem
1035 4738 1167 4812 poscenti
1181 4753 1344 4810 congruum
1359 4736 1443 4792 daret
1458 4753 1649 4810 responsum
1659 4738 1709 4793 sed
1721 4736 1806 4793 rediit
1814 4753 1863 4793 ee-

157 4823 270 4881 vivendi
282 4821 529 4895 lecisset‚reliquit
539 4823 569 4878 in
580 4839 669 4896 regno
680 4823 980 4897 conjugemvocabule
1035 4827 1143 4898 leriter,
1159 4824 1299 4883 nuntians
1324 4828 1448 4881 matrem
1473 4826 1628 4884 decernere
1654 4825 1732 4898 qued
1753 4825 1808 4897 ipsi
1825 4827 1866 4884 ds

157 4912 320 4980 Glotildem,
344 4927 412 4967 eum
443 4910 536 4966 trihus
565 4910 634 4967 filiis
662 4911 807 4969 clothario
835 4904 980 4983 videlieet,
1034 4914 1339 4990 puerisinstitueraat
1354 4929 1450 4986 agere.

157 5001 354 5067 childeberto,
377 5003 465 5071 atque
490 4998 671 5067 Glodomere,
698 5001 806 5073 quibus
829 5000 981 5075 dispositis
1065 5002 1862 5076 6.McxergounumapprehensumClcthariuspuerum

159 5090 343 5165 portionibus
352 5086 452 5143 divisit
461 5085 661 5143 monarchiam
673 5087 719 5144 sui
730 5088 983 5162 principatus.Sed
1037 5094 1113 5151 elisit
1124 5093 1154 5148 in
1164 5097 1251 5159 terra,
1264 5091 1417 5163 defixoque
1427 5091 1457 5146 in
1468 5089 1559 5148 latere
1572 5093 1636 5162 ejus
1651 5091 1744 5148 cultro
1755 5093 1863 5150 erude-

160 5179 349 5237 clodomerus
364 5175 478 5251 genitor
498 5175 587 5246 hnjus
611 5173 703 5230 sancti
728 5176 903 5234 contessoris
918 5177 983 5235 Clo·
1038 5179 1267 5239 literinteriecit
1284 5181 1345 5246 Quo
1365 5179 1541 5236 vociferante
1556 5179 1645 5236 irater
1658 5181 1722 5252 ejus
1737 5181 1865 5253 pedibus

161 5266 268 5334 desidi,
284 5265 332 5323 cui
355 5268 433 5323 sorte
456 5266 585 5323 cesserat
608 5263 787 5338 Burgundio,
809 5281 866 5322 non
891 5267 984 5325 multo
1038 5269 1213 5328 childeberti
1227 5268 1434 5342 prosternitur,
1444 5266 1694 5342 apprehensisque
1705 5270 1770 5343 ejus
1784 5271 1867 5343 geni·

162 5361 228 5427 pest
239 5355 406 5424 defunctus,
421 5358 451 5411 et
464 5353 527 5428 ipse
544 5356 603 5410 tres
619 5351 737 5425 reliquit
751 5351 838 5410 sslios.
855 5354 984 5418 Quorum
1040 5361 1107 5429 bus,
1118 5376 1185 5416 cum
1194 5357 1332 5432 lacrymis
1342 5355 1453 5414 aiebat:
1466 5356 1760 5431 Succurre,piissime
1769 5363 1867 5431 pater,

162 5457 240 5499 unas
258 5445 416 5501 vocabatur
439 5440 634 5509 theodaldus,
654 5440 728 5499 alter
742 5440 911 5510 Geutarius,
927 5448 984 5502 ter·
1039 5467 1076 5507 ne
1087 5465 1140 5522 ege
1155 5464 1273 5522 peream
1288 5446 1366 5504 sieut
1379 5443 1466 5518 periit
1480 5444 1569 5504 irater
1579 5447 1869 5509 meusillexusvere

161 5528 222 5593 tius
247 5547 313 5591 vere
338 5531 432 5593 isdem
462 5530 646 5594 clodoaldus.
661 5531 739 5600 Quos
763 5530 843 5608 regie
862 5547 942 5594 more
957 5540 987 5598 et
1041 5540 1078 5600 ad
1093 5536 1324 5598 misericerdiam
1347 5531 1562 5611 tlhildebertus,
1580 5539 1757 5614 etrespersa
1770 5535 1871 5632 laer-gg
