3878 6096
118 312 185 385 1177
562 316 615 380 DE
637 316 773 380 castis
796 316 917 379 erl-*c
943 318 1211 384 (1111188101).-
1225 322 1326 386 PARS
1347 322 1386 386 ll.
1768 320 1829 387 318

116 450 687 529 dietusopiacopusorationcmaltavocc
698 450 948 523 protulit.Sicpos·
961 457 988 522 Α
1003 453 1033 508 in
1045 459 1140 510 castro
1155 472 1209 511 suo
1220 456 1299 511 Villa
1314 456 1420 523 Catuli,
1436 462 1464 512 et
1479 455 1534 512 luit
1549 456 1710 512 adductum
1721 473 1827 528 corpus

115 546 283 603 maionem
305 560 356 617 por
375 542 519 598 decanum
535 546 698 608 assecutos,
711 541 753 596 sic
765 547 949 596 recesserunt
1002 544 1067 614 ojus
1077 544 1312 602 Autissiodorum
1323 552 1351 601 et
1365 546 1525 603 honorifica
1540 545 1689 616 sepultum
1701 545 1828 601 inchoro
1864 593 1871 604 .

116 637 255 702 ambo,et
269 634 427 690 comitatus
443 647 540 704 regem
555 632 592 687 ad
608 631 703 687 locum
720 630 948 701 quohcspitatu·
1001 648 1019 687 a
1034 639 1115 704 parte
1127 634 1228 689 dextra
1242 651 1331 707 prope
1346 635 1430 691 sedes
1445 635 1536 690 chori.
1549 633 1646 690 Primo
1660 637 1770 689 estsua
1781 650 1827 689 se-

117 740 171 782 rus
185 732 260 791 erat,
272 723 396 780 accessit
406 722 562 794 episcopus
572 721 607 775 ad
619 720 739 775 domum
751 718 946 790 episcopalem
1001 719 1146 792 pulturaa
1156 727 1236 794 parte
1245 723 1429 795 superiori,et
1437 727 1664 795 cumpromotus
1672 721 1825 777 addictam

115 816 148 870 in
158 814 308 887 proposito
317 810 482 868 celebrandi
496 810 612 865 ordines
624 810 653 864 in
664 807 947 864 crastinoPrcedicta
1001 809 1100 863 sedem
1117 811 1229 873 luisset,
1245 828 1322 867 anno
1338 811 1511 884 precedenti
1523 811 1600 866 circa
1614 811 1723 866 testum
1749 809 1826 866 beati

115 904 197 960 enim
214 903 291 958 taeta
306 902 425 957 luerunt
439 901 485 956 die
499 899 619 955 Veneris
636 903 701 971 post
723 900 829 953 l'estum
856 897 945 951 beate
1000 897 1123 953 loannis
1137 899 1284 971 Baptistae,
1300 901 1433 973 sequitur
1447 901 1525 972 quod
1549 899 1626 956 sedit
1650 899 1747 955 solum
1775 915 1827 971 per

117 992 230 1055 Lucia:
243 992 296 1047 sed
311 989 339 1044 in
352 990 481 1044 crastino
495 1004 560 1061 rege
584 987 762 1043 accelerante
787 1001 946 1053 recessum,
1001 1003 1092 1042 tinum
1109 1005 1219 1044 annum
1235 994 1263 1044 ot
1278 989 1393 1045 circiter
1407 990 1481 1045 duos
1497 1005 1622 1044 menses.
1639 988 1691 1043 llic
1707 987 1827 1060 reliquit

117 1097 185 1136 cum
203 1081 299 1152 patria
314 1083 342 1134 et
356 1077 508 1150 potissime
523 1077 626 1131 ciuitas
641 1076 735 1131 multo
749 1076 841 1130 ardua
857 1074 946 1130 habe·
1000 1092 1052 1147 pro
1068 1094 1121 1131 suo
1136 1077 1334 1133 anniversario
1349 1078 1482 1134 Ecclesia
1496 1077 1656 1134 Autissiod.
1674 1077 1774 1132 decem
1792 1076 1825 1131 li·

118 1174 181 1225 rent
198 1184 285 1241 agere
301 1182 370 1239 erga
385 1166 598 1237 regem,dictus
613 1164 769 1236 episcopus
785 1163 815 1218 in
831 1163 945 1218 hocve·
1000 1164 1068 1220 brus
1085 1166 1175 1220 annui
1189 1168 1331 1223 redditus.

119 1258 193 1312 cavit
208 1261 238 1311 et
251 1257 290 1312 oh
303 1256 333 1311 id
348 1254 507 1326 impeditus
517 1254 635 1309 ordines
647 1252 768 1308 minime
779 1252 944 1319 celebravit,
1142 1256 1208 1310 Gur.
1226 1257 1325 1312 mx.
1342 1288 1376 1298 -
1393 1262 1431 1313 De
1445 1259 1522 1313 Petro
1539 1259 1682 1329 Aymonts.

118 1348 168 1403 aed
183 1346 326 1401 comitato
337 1360 404 1416 rege
415 1344 555 1415 usquead
568 1347 702 1398 sanctum
715 1340 946 1410 Priscum,rediit
1035 1344 1138 1399 Petrus
1153 1345 1293 1417 Aymonis
1307 1345 1525 1417 octuagesimus
1538 1345 1825 1418 episcopus,natione

120 1436 201 1490 tarde
216 1435 245 1490 iu
263 1434 433 1505 praedicet
447 1437 513 1504 post
527 1431 608 1487 misit
622 1431 658 1486 ad
675 1436 810 1486 sanctum
825 1430 945 1485 Germa·
998 1431 1109 1500 Gallus,
1126 1433 1161 1488 do
1179 1432 1314 1488 alverniae
1331 1435 1464 1507 partibus
1479 1434 1720 1504 oriundus,juris
1730 1433 1824 1489 civilis

120 1538 188 1578 uum
200 1540 254 1595 poo
268 1522 411 1578 habendis
419 1521 552 1594 pastibus
562 1519 775 1587 consuetis,scd
785 1519 820 1573 ad
832 1517 945 1591 religio·
999 1522 1100 1576 doctor
1114 1527 1142 1575 et
1156 1521 1191 1577 de
1206 1522 1302 1577 cilicio
1313 1523 1543 1578 subdiaconatus
1555 1522 1666 1577 domini
1680 1539 1761 1593 pape
1771 1522 1824 1577 Ur·

121 1628 218 1668 sorum
225 1610 508 1683 requestam,posuit
517 1607 779 1664 eosinsullerentia
789 1613 817 1663 et
825 1608 944 1663 demum
999 1611 1066 1664 bani
1078 1610 1174 1681 quinti
1185 1615 1493 1683 sumptus,promotus
1504 1611 1605 1666 suited
1622 1609 1823 1682 episcopatum

123 1701 315 1773 compositum
331 1698 443 1754 exstitit
457 1699 534 1753 inter
549 1699 640 1769 ipsos.
657 1702 691 1752 In
707 1697 835 1752 crastino
847 1701 944 1751 autem
998 1697 1170 1770 hujusmodi
1195 1717 1246 1772 pcr
1270 1701 1441 1773 praedictum
1465 1699 1686 1756 sanctissimum
1709 1697 1824 1753 Patrem

124 1789 347 1862 hujusmodidie
357 1788 494 1844 introitus
505 1788 551 1842 sui
563 1787 691 1858 predicti
701 1785 944 1841 venitolliciarius
999 1788 1150 1843 dominum
1161 1789 1311 1845 Urbanum
1320 1789 1457 1861 quintum
1473 1789 1501 1844 in
1518 1805 1573 1845 sua
1583 1804 1657 1843 nova
1666 1786 1823 1852 creatione,

125 1878 318 1934 archidiaconi
334 1894 402 1932 cum
418 1894 477 1932 uno
493 1875 632 1931 canonico
648 1875 808 1931 senonensi
830 1879 858 1929 cl
878 1874 945 1929 iecit
998 1894 1075 1932 anno
1092 1878 1205 1932 Domini
1226 1877 1382 1933 millasimo
1404 1877 1618 1933 trecentissimo
1642 1875 1824 1948 sexagesimo

125 1967 335 2040 oecumenium
350 1967 385 2022 tle
400 1965 646 2021 inthronizatione
664 1963 793 2035 predicti
816 1962 944 2034 episcopi
998 1965 1137 2031 secundo,
1154 1966 1269 2021 circiter
1292 1966 1398 2022 tostum
1423 1964 1561 2022 Omnium
1588 1966 1773 2029 Sanctorum,
1795 1969 1824 2020 ot

125 2072 205 2127 ouum
221 2057 374 2112 asserebat
383 2060 515 2126 spectare
525 2053 621 2110 solum
637 2054 672 2108 ad
689 2052 842 2108 dominum
856 2068 943 2107 suum
998 2055 1055 2109 fult
1070 2054 1117 2109 hic
1133 2055 1235 2110 Petrus
1251 2055 1346 2126 prima
1361 2071 1485 2126 persona
1495 2070 1583 2125 quem
1600 2053 1744 2124 promovit
1760 2052 1824 2124 ipse

123 2143 369 2209 archidiaconum,
384 2142 446 2207 Quo
460 2141 792 2209 audito,consultatione
808 2142 884 2196 lacta
894 2157 943 2195 su·
997 2143 1110 2214 papain
1120 2142 1332 2214 episcopatum.
1343 2144 1393 2198 Hic
1406 2142 1460 2198 t'uit
1470 2140 1823 2207 honorabiliaetcerimo·

119 2234 250 2303 perhoc,
266 2233 392 2288 accessit
412 2232 559 2287 tertiadie
575 2248 660 2286 mune
684 2229 898 2295 adecclesiam,
916 2233 944 2284 ct
998 2231 1129 2286 nialisiu
1145 2232 1380 2287 suislactistam
1397 2230 1706 2301 ecclesiasticisquam
1733 2244 1822 2283 mun-

118 2337 168 2392 pro
178 2324 249 2394 jure.
260 2319 458 2378 archidiaconi
469 2321 666 2376 conservando
678 2320 774 2374 dictus
784 2317 944 2373 oflleiarius
998 2321 1212 2385 danis,morum
1228 2320 1417 2376 honestorum
1434 2324 1462 2376 et
1477 2318 1610 2392 dapsilis,
1626 2317 1819 2389 affabilisque.

113 2415 144 2464 et
155 2410 288 2465 vicarius
303 2409 499 2465 archidiaconi
514 2409 612 2480 posuit
626 2408 723 2480 ipsum
735 2408 904 2478 episcopum
914 2405 943 2460 in
996 2408 1108 2480 Quippe
1120 2409 1248 2463 nutritus
1258 2414 1321 2464 erat
1330 2409 1359 2463 in
1371 2410 1453 2465 curia
1464 2409 1596 2463 Romana
1607 2406 1823 2461 tamcircaecr-

112 2499 258 2555 cathedra
272 2498 396 2570 lapidea,
413 2514 478 2570 qrire
492 2502 538 2552 est
561 2514 578 2552 a
602 2501 684 2568 parte
708 2496 809 2550 dextro
831 2495 941 2561 altaris,
997 2498 1111 2553 dinales
1126 2514 1215 2569 quam
1231 2498 1308 2553 circ-s
1323 2514 1456 2553 summos
1473 2495 1752 2570 pontifices,quihus
1766 2494 1823 2548 vir-

109 2588 307 2657 postmodum
318 2587 498 2659 petiitunam
508 2585 658 2641 marcham
668 2585 731 2639 auri
744 2602 794 2656 pro
805 2584 943 2656 praedicto
996 2587 1109 2641 tutibus
1125 2587 1272 2657 praedictis
1287 2587 1480 2643 invitantibus
1494 2587 1603 2642 electus
1619 2582 1822 2656 quampluries

110 2675 324 2731 archidiacono
348 2691 382 2730 ex
407 2690 497 2730 cansa
520 2673 774 2730 inthronizationis
789 2672 941 2743 predictae.
996 2675 1107 2730 exstitit
1123 2674 1245 2729 intactis
1255 2675 1393 2730 maximis
1405 2675 1485 2748 regni
1500 2675 1689 2741 ambasiator,
1704 2686 1756 2727 seu
1774 2686 1822 2726 sn-

109 2763 188 2819 tam
200 2781 255 2837 pro
269 2764 335 2836 ipso
349 2764 445 2820 otficio
461 2763 612 2819 marcham
628 2762 888 2836 argenti,etdietos
898 2777 944 2815 co·
996 2761 1360 2836 lemnisnuntius,ctsapc
1370 2763 1452 2819 aolus
1462 2763 1525 2819 sine
1536 2762 1819 2833 socioergapapam,

108 2853 241 2909 monicus
255 2853 377 2908 totidem
392 2853 651 2908 exconsuetudinc
667 2852 942 2922 antiqua3quapc-
996 2852 1213 2924 imperatorem,
1230 2868 1327 2926 regem
1343 2852 1454 2926 hughe
1476 2867 1633 2924 regemque
1655 2849 1819 2922 Hungariu,

108 2943 180 2998 altio
196 2942 253 2997 luit
266 2941 362 3014 posita
376 2942 406 2996 in
421 2940 629 2996 deliberatione
644 2949 670 2996 ct
689 2940 825 3012 promisit
849 2940 943 2993 lacere
996 2939 1026 2995 in
1042 2941 1151 3013 quibus
1166 2942 1282 2997 actibus
1296 2941 1406 3012 pluries
1421 2948 1449 2996 et
1459 2940 1663 3012 multipliciter
1676 2941 1820 3005 versatus,

116 3031 194 3103 quod
209 3034 289 3086 esset
300 3028 592 3085 rationis.l)ominico
602 3044 668 3083 vcro
682 3025 815 3098 sequenti
825 3023 944 3081 suoool‘
995 3029 1024 3084 in
1041 3034 1151 3085 secroto
1167 3029 1277 3085 domini
1293 3032 1385 3086 nostri
1401 3030 1476 3103 regis
1491 3029 1614 3086 consilio
1637 3027 1749 3085 exstitit
1768 3026 1820 3081 hc-

113 3116 191 3191 tegio
203 3118 271 3174 iecit
286 3118 496 3182 convivium,et
506 3118 552 3172 die
562 3116 638 3173 lunae
649 3119 768 3171 secutus
778 3115 941 3186 loitregom
997 3117 1115 3173 noritlcc
1130 3116 1298 3173 collocatus.

118 3206 150 3261 in
163 3206 364 3280 burgundiam
380 3212 410 3262 ct
424 3205 464 3261 ihi
479 3222 531 3278 pro
543 3222 609 3279 rege
623 3205 697 3260 rent
711 3220 778 3260 cum
795 3202 860 3259 aliis
879 3219 941 3258 mu·
957 3190 979 3257 C
1033 3205 1126 3276 Hujus
1141 3211 1272 3279 tempore
1284 3222 1400 3279 semper
1414 3208 1534 3263 scierunt
1546 3220 1668 3279 guerrae,
1685 3203 1821 3260 viriliter-

123 3295 292 3363 gistratihus
306 3296 447 3350 ducatum
462 3310 557 3366 aisque
573 3295 607 3349 nd
626 3309 752 3366 sequens
774 3292 943 3347 immediate
997 3309 1053 3365 que
1068 3299 1097 3348 et
1111 3312 1178 3350 cum
1194 3297 1310 3367 magnis
1326 3296 1518 3352 missionibus
1533 3293 1672 3351 custodiri
1689 3293 1756 3349 lecit
1767 3308 1821 3347 sua

125 3383 225 3439 mum
251 3380 485 3440 Resurrectionis
506 3383 673 3447 Dominicis,
690 3382 847 3454 incipiente
865 3397 944 3436 anno
996 3382 1301 3454 sodalitiapotissimc
1316 3381 1722 3456 vcrollegennarumetvilla
1733 3380 1820 3434 Catu—

124 3471 232 3528 ltomiui
242 3471 941 3543 millesimotrecentesimosexagesimosecundm
995 3470 1058 3538 li,et
1071 3472 1199 3543 reparari
1212 3472 1374 3543 hospitium
1390 3471 1554 3545 episcopale
1568 3469 1819 3526 autissiodorense

126 3576 250 3617 meamus
264 3561 363 3616 dictus
377 3561 533 3632 episcopus
548 3562 584 3616 de
599 3560 771 3633 Burgundio
789 3558 941 3615 mansilis
995 3562 1024 3613 et
1038 3559 1173 3616 similiter
1183 3561 1303 3615 domum
1316 3578 1400 3616 suam
1412 3556 1819 3632 episcopaleml'orisicnsem,

126 3649 285 3721 episcopatu
299 3649 408 3704 iaciens
418 3649 536 3704 ordines
550 3652 578 3702 et
588 3647 646 3703 clia
656 3646 940 3718 ministeriaopisco-
995 3647 1121 3703 multum
1136 3648 1271 3704 curabilis
1286 3654 1374 3720 atque
1389 3648 1483 3704 duleis
1508 3649 1606 3720 ipsum
1631 3645 1818 3709 adeuntibus,

127 3736 342 3807 polia‚culturas
356 3737 490 3793 reficiens
504 3737 631 3792 interris
646 3740 676 3791 et
689 3735 792 3803 vincis,
803 3735 942 3791 fortalitia
995 3736 1067 3791 nihil
1079 3742 1176 3791 tamen
1186 3737 1221 3792 de
1234 3738 1357 3809 negotiis
1367 3737 1465 3810 ipsum
1478 3735 1666 3803 tangentibus
1683 3733 1819 3789 habenti-

127 3826 213 3882 etalia
227 3825 353 3882 aedilicia
363 3825 588 3898 diligentissimo
599 3841 737 3897 reparans
746 3842 781 3880 ao
791 3824 938 3880 muniens:
994 3825 1143 3896 hosagere
1152 3822 1468 3880 cumcodem.hlultum
1478 3823 1710 3896 praesumebatur
1720 3821 1817 3894 ipsum

127 3912 230 3970 atiatau
241 3917 347 3968 caetera
356 3913 504 3969 redimens
514 3918 644 3968 castrum
656 3928 744 3968 suurn
756 3911 836 3966 Villa
846 3911 939 3967 Catuli
993 3912 1168 3968 cardinalari
1183 3913 1246 3968 suis
1257 3911 1370 3968 meritis
1385 3918 1412 3968 et
1422 3911 1683 3968 intercessionibus
1695 3910 1819 3981 impera-

127 4000 302 4058 lcmauibcs
315 3997 434 4057 illorum
447 4002 496 4074 qui
512 4001 585 4057 illud
600 4002 738 4057 tenebant
753 4001 790 4056 de
808 4005 940 4072 temporo
994 4000 1065 4056 toris
1083 4007 1113 4056 ct
1126 4017 1228 4072 rogum
1244 4001 1512 4074 suprascriptorum
1527 4005 1556 4055 ot
1570 4000 1666 4056 lavore
1687 3997 1817 4071 plurium

127 4091 360 4157 predecessorum
376 4091 537 4145 etrsddere
552 4091 725 4155 renuebant,
737 4090 780 4145 eis
795 4089 880 4145 solvit
895 4106 940 4145 oc·
993 4089 1185 4145 cardinalium
1203 4106 1328 4162 quorum
1343 4091 1373 4145 in
1398 4089 1508 4147 scholis
1533 4089 1630 4145 socius
1650 4088 1816 4153 exstiterat;

128 4175 243 4251 &gauto
258 4183 344 4234 scuta
358 4178 433 4243 euri,
449 4194 504 4233 uec
518 4194 577 4233 uon
591 4195 645 4250 pro
659 4183 736 4233 terra
750 4194 805 4234 sua
827 4178 862 4233 dc
880 4179 937 4233 To·
993 4178 1044 4233 sed
1059 4178 1170 4233 hectico
1186 4179 1287 4234 morbo
1301 4179 1451 4250 disjuncta
1466 4179 1521 4234 luit
1536 4179 1565 4234 in
1582 4195 1615 4233 eo
1639 4176 1769 4249 corporis
1790 4181 1819 4230 et

129 4263 192 4323 theo
207 4267 296 4323 solvit
318 4267 486 4323 tenentibus
510 4267 614 4322 turrim
640 4266 710 4322 dicti
729 4266 784 4322 loci
800 4282 937 4338 magnam
992 4266 1096 4321 animas
1112 4267 1246 4330 societas,
1262 4284 1339 4323 anno
1355 4268 1470 4324 homini
1494 4266 1651 4323 millesimo
1676 4269 1818 4319 trecente-

130 4350 293 4413 loreoorum
307 4371 467 4412 summam.
993 4355 1068 4410 simo
1092 4356 1309 4429 septuagesimo
1337 4357 1432 4421 tertio,
1449 4373 1550 4412 mense
1579 4352 1752 4425 Septembri,
1770 4352 1817 4407 die

153 4445 262 4510 Quibus
272 4445 347 4500 aetia
356 4445 486 4500 existens
495 4445 525 4499 in
538 4448 634 4500 castm
645 4461 699 4500 suo
708 4445 846 4516 predicto
856 4443 937 4499 Villae
992 4445 1121 4499 mcuuda
1135 4444 1164 4499 in
1179 4446 1267 4500 domo
1278 4444 1436 4516 episcopali
1447 4442 1742 4512 Autissiod.,eJ'usque
1753 4454 1816 4494 cor-

128 4528 291 4600 buticum
300 4532 411 4605 vigeret
420 4532 560 4604 epidimia
573 4532 602 4587 in
613 4533 747 4604 partibus
757 4531 937 4588 Autissiodo·
952 4555 976 4619 D
992 4548 1048 4603 pos
1063 4532 1175 4587 decenti
1188 4531 1329 4587 traditum
1345 4532 1503 4603 sepulturae
1516 4532 1546 4585 in
1561 4529 1649 4585 choro
1668 4533 1738 4583 autc
1752 4543 1816 4583 sca-

127 4620 260 4687 ncslbua,
275 4626 376 4677 tumor
390 4620 446 4676 soh
461 4620 577 4677 ascellis
592 4622 690 4693 ipsum
706 4622 830 4694 arripuit
843 4622 935 4693 quiin
990 4619 1049 4675 lam
1064 4622 1155 4691 partis
1168 4620 1294 4675 sinistra
1305 4622 1391 4691 juxta
1404 4619 1586 4691 sepulturam
1601 4619 1684 4673 bone
1705 4633 1816 4673 memo-

125 4704 191 4765 havi
203 4709 301 4782 coegit
313 4710 444 4765 animam
459 4710 523 4781 ejus
537 4726 556 4765 a
569 4725 690 4780 corpora
712 4711 851 4782 separari,
868 4727 936 4766 oum
992 4709 1040 4763 ria
1056 4709 1169 4764 domini
1185 4709 1308 4764 ioannis
1323 4711 1359 4764 de
1372 4708 1562 4780 nesciaque
1573 4708 1710 4781 iungitur
1723 4706 1818 4777 scpul-

124 4806 221 4870 atagos
232 4795 386 4854 devotione
399 4802 430 4854 et
443 4798 636 4855 sacramentis
650 4797 796 4865 Ecclesia,
806 4799 937 4855 euchari·
990 4803 1062 4852 turc
1077 4797 1158 4852 bona
1175 4799 1321 4852 momoria
1337 4796 1448 4853 domiui
1471 4796 1614 4852 (luidonis
1638 4797 1674 4851 de
1699 4794 1815 4851 Mallote

122 4886 177 4941 itia
190 4886 304 4943 scilicet
318 4891 347 4942 et
361 4886 509 4943 unctionis
523 4892 657 4943 extrema
673 4888 863 4959 perceptis,et
877 4893 936 4943 tes·

120 4976 243 5030 tammo
262 4975 400 5045 pmtectc,
416 4978 445 5029 et
459 4974 597 5030 omnibus
613 4978 691 5030 recte
705 4973 865 5046 dispositis.
883 4975 935 5031 Hic

117 5062 161 5118 aui
174 5063 328 5137 rsgiuums
341 5067 483 5134 tempore,
496 5063 554 5117 imo
565 5063 657 5119 solius
672 5062 742 5117 anui
757 5062 852 5135 spatio
866 5079 936 5118 con-

116 5150 179 5207 tulit
191 5152 293 5208 decem
306 5151 498 5207 canonicatus
512 5155 541 5207 et
563 5152 734 5223 praehendas
757 5151 937 5208 Autissiodo-

114 5241 347 5313 rmea,qucdde
359 5239 440 5296 nullo
450 5256 505 5296 auo
513 5241 725 5312 predecessore
735 5240 934 5296 auditumest:

112 5327 171 5386 mis
185 5334 287 5385 umen
301 5345 444 5402 personas
454 5329 546 5384 honae
555 5328 831 5400 assignavit,omnes
842 5330 879 5385 de
889 5345 938 5402 pc-

110 5418 167 5474 tria
180 5418 343 5474 Autissiod.
357 5417 402 5474 nel
416 5417 576 5473 &nonensi
592 5416 937 5473 oriundas.0biitautem

107 5508 141 5562 in
154 5506 258 5579 vigilia
268 5504 335 5563 l'eati
343 5505 510 5562 Natiuitatis
520 5506 612 5561 heatae
620 5504 717 5561 Maria
728 5504 850 5578 virginis
860 5523 938 5562 auno

107 5596 229 5653 Domini
234 5593 602 5653 millesimotrecenteaimo
609 5593 793 5666 sexagesimo
798 5595 937 5663 secundo,

990 4885 1139 4957 quondam
1155 4885 1284 4957 episcopi
1299 4885 1563 4941 Autissiodorensis
1577 4886 1685 4955 eteius
1701 4883 1815 4955 nepotis

990 4973 1102 5029 domini
1117 4973 1213 5028 Eraldi
1239 4974 1276 5029 do
1298 4973 1436 5047 Lisigniis
1461 4973 1596 5030 similitor
1609 4972 1747 5045 episcopi,
1764 4969 1814 5041 qui

990 5064 1076 5118 ambo
1091 5061 1247 5134 quiescunt
1262 5063 1291 5118 in
1306 5065 1408 5120 eodem
1433 5063 1613 5135 sarcophago
1636 5078 1670 5117 ao
1689 5058 1813 5125 tumulo,

990 5150 1042 5222 qui
1057 5149 1180 5206 Eraldus
1197 5151 1250 5205 luit
1263 5151 1376 5224 primus
1390 5153 1546 5225 episcopus
1562 5152 1597 5206 de
1613 5147 1814 5204 Autissiodoro

991 5241 1086 5295 sactus
1101 5238 1268 5295 cardinalis.
1278 5240 1318 5296 De
1333 5241 1414 5296 obitu
1430 5241 1495 5309 eius
1511 5241 1618 5302 Rome,
1630 5234 1815 5307 otquomodo

992 5330 1056 5400 ojus
1071 5344 1137 5384 osso
1147 5332 1294 5399 reportata
1309 5332 1426 5384 suerunt
1435 5328 1465 5382 in
1476 5328 1552 5382 hane
1566 5324 1720 5381 eeclesiam
1729 5337 1814 5379 suam

994 5416 1108 5488 plenius
1122 5417 1290 5471 continetur
1303 5415 1438 5488 superius
1449 5415 1478 5469 in
1489 5414 1580 5485 gestis
1588 5411 1814 5483 ejusdemuride·

993 5504 1060 5560 lieet
1075 5504 1104 5558 in
1121 5503 1194 5559 libro
1210 5504 1304 5575 primo
1317 5506 1470 5559 Gestorum
1486 5501 1657 5573 pontilioum
1679 5499 1815 5556 Ecclesia

994 5592 1265 5648 autissiodorensis.
1282 5596 1347 5663 lpse
1362 5591 1464 5648 Patrue
1476 5592 1627 5662 ingressus
1641 5589 1696 5646 luit
1713 5589 1814 5646 eivita-
