3878 6098
136 331 216 400 {839
230 341 232 345 ’

526 333 693 396 terunt).
715 333 767 394 AD
788 330 883 396 SAEG.
904 328 941 392 Χ.
958 362 998 377 -
1011 329 1263 401 bononense
1283 340 1439 407 tereus.

1765 347 1846 412 tato

136 472 215 536 itum,
232 468 360 542 pracedat
375 467 548 524 antecedente
561 484 624 522 enirn
639 466 761 534 diacono,
776 475 801 524 et
822 471 885 524 ante
899 483 962 523 eum
975 461 1006 535 A
1018 479 1117 528 increta.
1134 473 1270 531 Diaconos
1284 492 1346 533 uero
1360 479 1478 550 occipiat
1502 478 1675 537 thuribulum
1694 459 1732 537 'de
1756 490 1843 540 nnana

135 561 298 619 subdiacono
313 575 375 613 curn
390 558 459 613 libro
479 558 623 628 errunqetii,
639 561 666 612 et
686 561 750 612 ante
763 557 960 612 subdiaconum

136 651 261 724 acolytho
274 664 336 704 rum
350 647 533 718 thymiamate
542 665 553 710 ,·
567 650 632 701 ante
648 662 727 718 quem
749 646 801 701 duo
823 646 877 701 atii
899 662 959 701 aeo-

136 743 207 816 tyttt
227 736 382 812 precedant
402 752 463 790 ram
485 735 656 791 candelabris
679 742 704 790 et
726 736 919 800 luminaribus,
934 743 961 790 et

135 833 175 888 sie
189 828 314 885 ordinate
327 827 456 881 anaante
477 824 627 880 decretorio
642 841 705 880 eam
719 825 886 896 dntipbona,
903 824 960 879 lte-

137 918 215 976 dime
230 933 275 972 mo
290 918 319 970 et
329 913 466 969 miserere
482 914 549 979 mei,
562 916 594 968 nt
609 914 638 968 in
651 913 959 970 ecclesiisbenedieam

135 1012 163 1064 te
179 1006 256 1062 Deus
272 1002 360 1059 lsrael
378 1020 384 1057 :
400 1006 426 1056 et
441 1003 551 1057 Psalmo
565 1002 669 1058 ludica
685 1019 731 1059 me
746 1001 875 1067 Domine,
891 1018 960 1073 quo-

135 1095 213 1153 niam
230 1110 282 1166 ego
298 1093 327 1147 iu
352 1091 519 1146 innocentia
537 1108 601 1147 ntea
617 1091 767 1164 ingressus
783 1107 849 1146 sum
867 1108 873 1146 :
890 1098 916 1147 et
929 1094 959 1145 ut

131 1185 305 1260 persederint
319 1189 381 1237 aab!
395 1181 482 1235 altore
497 1182 636 1251 incipiant
651 1181 792 1236 Psatrnum
805 1197 866 1235 rum
881 1181 960 1236 Anti-

132 1276 222 1349 pbmra
239 1271 366 1328 Introibo
382 1270 417 1325 ad
433 1268 524 1325 altare
539 1269 600 1324 Dei.
617 1269 872 1336 l’sat.,budirame
885 1274 958 1325 {teus

134 1363 308 1421 atdiscerne
333 1375 450 1414 sormam
475 1375 580 1426 meam,
611 1376 672 1414 estin
702 1358 800 1415 Gloria
828 1358 916 1426 Patri,
932 1363 958 1414 et

61 1432 73 1445 ⁹
134 1454 269 1527 repetitur
281 1451 444 1520 Antiphane.
464 1448 567 1504 Deinde
582 1449 712 1503 inclinati
724 1448 831 1521 sariunt
851 1450 958 1519 carries-

132 1545 237 1601 sionem
259 1540 372 1595 diaeono
395 1541 485 1592 stante
505 1536 540 1591 ad
562 1536 701 1592 tentarant
724 1536 870 1592 sucerdotis
895 1553 958 1591 euin

132 1629 270 1701 Aeolpttm,
301 1630 326 1681 et
355 1624 537 1678 subdiaconus
560 1641 577 1677 a
602 1625 723 1678 sinistris
748 1628 837 1680 teneat
856 1625 956 1680 librum

132 1717 271 1786 evannerit
280 1718 375 1770 eorrtra
384 1713 481 1782 taciem
498 1712 566 1782 ejus.

1014 561 1139 633 acolythi
1153 569 1179 619 et
1191 564 1318 623 accedens
1333 568 1470 624 osculetur
1483 569 1582 635 ultore,
1599 586 1680 642 quern
1698 572 1842 645 subsequi-

1014 657 1059 705 tur
1072 651 1206 722 sacerdos,
1222 661 1248 710 rt
1263 655 1413 712 inclinatus
1428 667 1485 714 oret
1496 660 1576 730 prius
1588 660 1755 731 hujusmodi.

1048 740 1091 795 ud
1106 743 1134 796 te
1151 740 1312 800 plasmator
1327 762 1420 813 meus,
1432 747 1602 821 redemptor
1616 749 1843 815 meus,sulrator

1014 845 1108 896 meus,
1125 847 1178 904 ego
1194 832 1379 890 miserrimus
1392 853 1494 893 servus
1509 840 1578 893 tuus
1593 838 1629 893 ad
1644 843 1673 894 te
1688 839 1784 896 cordis
1795 841 1842 896 de-

1013 918 1129 975 votione
1144 921 1289 995 coniugio.
1305 924 1346 979 Tu
1363 925 1433 997 quia
1448 926 1515 998 pius
1529 943 1560 983 es
1585 927 1725 985 miserere
1741 930 1798 984 mei
1814 934 1842 986 et

1014 1009 1129 1080 suscipe
1145 1010 1357 1068 contessionem
1370 1030 1465 1070 meum
1479 1016 1839 1088 unicaspessalutismea,

1013 1096 1135 1154 Domine
1150 1099 1227 1156 Deus
1249 1118 1343 1159 meus.
1358 1103 1430 1159 Nam
1456 1103 1541 1177 gula,
1557 1104 1716 1173 ebrietatis,
1734 1111 1763 1162 et
1777 1124 1840 1163 ero·

1014 1186 1090 1259 palas
1105 1188 1183 1244 vitiis
1198 1190 1328 1261 quotidie
1344 1191 1406 1248 sinc
1422 1193 1638 1251 intermissione
1653 1195 1797 1266 deservio,
1813 1202 1841 1253 et

1013 1275 1149 1333 delector.
1162 1279 1384 1350 Fornicationis,
1398 1281 1611 1354 pollutionis,et
1624 1281 1758 1340 libidinis
1769 1288 1839 1342 ster-

1012 1364 1130 1423 coribus
1145 1368 1181 1424 ab
1196 1367 1260 1441 ipso
1275 1385 1348 1441 pene
1362 1369 1486 1442 pueritia
1500 1372 1682 1442 putrefactus
1700 1390 1769 1429 sum
1786 1392 1793 1429 ε
1811 1380 1841 1430 ct

1012 1455 1092 1510 omni
1108 1456 1249 1529 spurcitia
1263 1461 1293 1514 et
1306 1458 1495 1515 immunditia
1509 1457 1642 1517 libidinis
1658 1461 1740 1518 intus
1761 1467 1839 1520 eate-

1012 1543 1133 1617 riusque
1147 1545 1310 1602 maculatos
1330 1564 1407 1602 sum.
1423 1547 1553 1604 Tristitia
1577 1549 1705 1619 accedia,
1723 1567 1840 1607 somnn-

1012 1630 1112 1699 lantia,
1129 1633 1291 1699 iracundia,
1312 1635 1558 1707 coucupiscentia,
1574 1637 1747 1711 eupiditate,
1774 1657 1840 1697 ava·

1013 1720 1089 1787 ritia,
1106 1721 1225 1791 invidia,
1240 1722 1363 1789 malitia,
1374 1724 1837 1801 odio,detractione,suspicione,

959 1829 982 1893 B
1012 1809 1208 1878 simulatione,
1234 1812 1372 1885 perjurio,
1397 1813 1533 1883 salsitate,
1561 1816 1721 1888 mendacio,
1743 1817 1835 1891 negli-

1010 1900 1120 1973 gentia,
1145 1900 1352 1970 inobedientia,
1378 1919 1452 1958 vana
1466 1902 1569 1976 gloria,
1593 1903 1718 1973 levitate,
1735 1922 1768 1961 ac
1785 1923 1835 1962 su·

168 2001 312 2059 Corisrtcor
329 2002 383 2052 Deo
409 1994 612 2066 omnipotenti,
632 1999 660 2050 et
686 1995 761 2060 istis,
777 2000 805 2052 ot
819 1997 957 2055 omnibus
1011 1987 1110 2060 petiti&
1135 1990 1266 2063 perditus
1290 2007 1357 2047 sum
1374 2009 1381 2048 :
1398 1996 1427 2048 θῑ
1450 1991 1530 2048 omni
1558 1992 1637 2049 mala
1651 1994 1838 2066 cogitatmus.

74 2130 78 2137 .
132 2090 243 2150 sanctis
257 2089 370 2159 quaet
385 2083 706 2155 vobislratribus,quia
720 2101 773 2157 ego
789 2085 878 2141 miser
890 2103 956 2158 pec..
1009 2075 1167 2145 locutione,
1189 2079 1249 2136 sive
1272 2080 1395 2149 actione,
1420 2084 1508 2154 atque
1530 2082 1670 2138 omuibus
1695 2082 1781 2139 malis
1809 2088 1838 2140 et

132 2177 193 2236 cavi
210 2175 299 2232 nimis
313 2174 342 2229 in
355 2173 418 2245 lege
433 2171 483 2227 Dei
497 2171 554 2226 mei
569 2171 751 2244 cogitatione,
769 2189 912 2239 sermone,
929 2179 957 2231 et
1010 2166 1218 2241 iniquitatibus
1233 2169 1378 2226 extinctus
1394 2187 1471 2225 sum.
1488 2171 1543 2226 Sed
1559 2174 1591 2226 tu
1617 2170 1669 2243 qui
1690 2171 1834 2242 justificas

132 2283 227 2338 opere,
244 2262 403 2338 pollutione
418 2261 526 2317 mentis
541 2267 569 2315 et
584 2260 756 2333 corporis‚et
771 2262 799 2316 in
819 2263 957 2321 omnibus
1010 2254 1117 2329 impios
1131 2261 1161 2312 et
1175 2256 1303 2314 vivificas
1318 2258 1589 2330 mortuos,justillca
1604 2276 1652 2316 me
1660 2261 1836 2317 elresuscita

132 2355 229 2422 malis,
246 2353 354 2426 quibus
369 2351 500 2406 humana
521 2347 663 2422 fragilitas
688 2351 890 2407 eoutaminari·
905 2369 956 2425 po·
1010 2361 1057 2401 mc
1071 2345 1194 2402 Domine
1209 2345 1287 2403 Deus
1301 2363 1395 2403 meus.

130 2449 198 2506 test,
214 2445 367 2516 propterea
381 2454 483 2510 precor
497 2455 557 2504 vos,
572 2442 605 2493 ut
619 2438 707 2494 oretis
723 2456 774 2511 pre
787 2455 833 2495 me
850 2439 957 2496 misero
1045 2434 1147 2491 Deinde
1159 2439 1254 2504 stirpat
1268 2439 1296 2491 et
1309 2435 1445 2492 osculetur
1462 2437 1550 2492 attare
1562 2436 1656 2493 dicem
1671 2456 1682 2493 .·
1698 2437 1839 2511 Omnipo-

131 2535 290 2606 peccatare.
1011 2526 1076 2579 tens
1090 2524 1269 2597 sempiterne
1289 2524 1375 2591 Deus,
1393 2524 1442 2596 qui
1467 2540 1513 2581 me
1536 2530 1720 2598 peccatorem
1747 2527 1840 2582 sacris

166 2619 305 2676 Precibus
320 2622 349 2672 et
363 2615 476 2672 meritis
490 2621 596 2672 sanetae
612 2613 662 2670 Dei
684 2614 834 2688 genitricis
848 2621 877 2673 et
891 2617 955 2672 Vir·
1009 2611 1151 2669 altaribus
1165 2617 1260 2669 astare
1274 2612 1401 2685 voluisti,
1413 2617 1442 2669 et
1456 2615 1549 2669 saneti
1565 2614 1693 2670 nominis
1709 2616 1753 2671 tui
1770 2615 1834 2671 lau-

129 2708 207 2785 ginis
222 2708 317 2764 Maria
332 2709 361 2762 et
375 2705 507 2760 omnium
532 2707 700 2760 sauctorum
725 2721 847 2760 suorum
867 2705 955 2762 mise·
1008 2701 1077 2758 dare
1092 2702 1262 2775 potentiam,
1278 2702 1403 2759 concede
1418 2719 1588 2775 quaesumus
1608 2719 1660 2775 per
1682 2704 1778 2777 hujus
1793 2721 1841 2761 sa·

129 2802 228 2856 reatur
241 2796 322 2853 vobis
337 2795 522 2866 omnipotens
548 2793 698 2859 Dominus,
715 2796 742 2849 at
762 2793 891 2850 dimittat
904 2811 954 2850 vo·
1008 2791 1148 2848 crementi
1165 2791 1335 2863 mysterium
1352 2807 1484 2848 meorum
1501 2791 1573 2848 mihi
1593 2792 1710 2849 veniam
1735 2811 1839 2866 pecea-

128 2887 175 2944 bis
189 2885 290 2942 omnia
301 2886 419 2958 peccata
432 2887 529 2939 vestra
543 2881 856 2954 praeteritapraesentia
869 2887 897 2938 et
913 2883 926 2937 i
944 2912 955 2924 ·
1008 2883 1115 2948 torum,
1131 2883 1233 2935 ullum
1259 2880 1404 2952 majestati
1419 2880 1506 2954 digne
1521 2880 1690 2938 ministrare
1704 2897 1831 2939 merear.

129 2981 216 3033 tura:
234 2974 338 3030 liberet
351 2988 403 3026 vos
428 2971 464 3025 ab
486 2969 565 3025 enini
591 2969 679 3036 malo,
695 2975 846 3027 conservet
858 2988 909 3027 vos
924 2972 953 3026 in
1008 2973 1071 3034 Per,
1088 2973 1144 3025 etc.

129 3063 209 3120 omui
224 3077 310 3133 opere
324 3060 411 3125 bono,
427 3065 455 3114 et
470 3059 609 3130 perducat
628 3076 681 3114 nos
697 3059 805 3131 pariter
819 3060 953 3118 Christus
1042 3059 1076 3112 Et
1098 3058 1138 3113 sie
1160 3060 1266 3129 accepto
1289 3056 1429 3114 tburibulo
1452 3057 1484 3114 de
1505 3074 1595 3117 manu
1617 3047 1732 3115 diaconi
1749 3062 1839 3132 faciat

129 3150 220 3210 Filius
235 3149 285 3205 Dei
300 3147 354 3202 viui
370 3146 400 3201 in
415 3146 503 3201 vitam
520 3151 668 3202 aternam.
683 3149 786 3203 Arnen.
1010 3148 1151 3202 incensum
1164 3162 1246 3218 super
1260 3147 1355 3212 attare,
1372 3153 1398 3202 et
1416 3146 1511 3203 reddat
1532 3148 1617 3203 etiam
1638 3147 1755 3204 dinamio
1772 3165 1835 3221 par·

164 3236 379 3311 indulgentiam
390 3233 635 3291 etabsolutionem
645 3192 990 3294 ctremissionemom-C
1009 3237 1101 3306 naeus
1126 3236 1153 3291 ei
1176 3234 1307 3291 osculnm.
1334 3235 1469 3291 Diaconos
1492 3252 1554 3292 vero
1578 3237 1667 3307 facim
1696 3238 1835 3293 inscensum

128 3330 210 3388 nium
225 3329 410 3401 peccatorum
422 3327 600 3392 nostrorum,
617 3328 646 3379 et
663 3324 790 3396 spatium
807 3342 879 3382 vera
895 3344 953 3400 pae-
1005 3327 1110 3382 meeum
1125 3325 1222 3390 attare,
1238 3331 1264 3379 et
1279 3340 1401 3380 reuersus
1415 3325 1522 3381 odorem
1540 3325 1666 3397 praebeat
1689 3325 1832 3393 sacerdoti,

126 3417 253 3474 nitemia
278 3432 328 3488 per
356 3412 595 3469 intercessionem
622 3414 755 3469 amnium
784 3420 952 3472 sanctarum
1006 3414 1164 3486 redditoque
1178 3413 1320 3470 tbaribalo
1335 3414 1459 3486 aeolptbo
1472 3416 1523 3470 stet
1543 3418 1601 3479 pest
1613 3414 1793 3482 sacerdotem,
1808 3418 1833 3469 rt

126 3523 247 3564 suorum
263 3504 374 3559 tribuat
390 3501 475 3557 nobis
489 3503 685 3574 pinnipotens,
701 3503 778 3574 pius,
795 3509 823 3560 et
838 3505 953 3561 miseri·
1005 3504 1188 3561 subdiaconus
1211 3512 1283 3559 retro
1306 3507 1367 3575 post
1391 3519 1462 3558 eum.
1478 3504 1578 3559 Finitis
1602 3502 1632 3557 in
1652 3504 1735 3559 ebora
1750 3502 1834 3576 Kyrie

126 3593 352 3652 eorsDuminus·
370 3593 470 3646 Amen·
1005 3593 1125 3659 eleison,
1147 3595 1173 3649 si
1195 3601 1299 3664 temam
1322 3593 1418 3664 feeerit,
1442 3593 1516 3648 dieat
1538 3592 1662 3647 sacerdos
1686 3590 1787 3647 Gloria
1806 3591 1835 3647 in

164 3683 391 3741 derationastis
415 3697 468 3735 nos
491 3679 569 3735 Deus
593 3679 732 3738 salutaris
748 3686 855 3739 noster.
872 3686 950 3757 ttesp.
1005 3682 1126 3739 excelsis
1138 3682 1206 3738 Deo.
1225 3680 1328 3737 Deinde
1351 3697 1442 3737 versus
1466 3679 1501 3737 od
1526 3681 1669 3754 populum,
1695 3696 1760 3737 cum
1784 3697 1836 3752 quo

126 3773 159 3829 Et
173 3773 269 3827 averte
281 3768 355 3824 iram
370 3772 452 3822 tuam
468 3784 485 3821 a
501 3766 594 3823 uobis.
1003 3773 1073 3827 verti
1087 3771 1162 3827 debet
1184 3779 1211 3827 et
1233 3769 1363 3826 diaconiis
1388 3768 1462 3825 diem
1476 3768 1618 3825 Dominus
1637 3769 1791 3824 vobiscum
1808 3776 1835 3824 et

161 3859 285 3933 Dignare
300 3855 423 3913 Domine
435 3855 481 3910 die
495 3854 552 3910 ista
567 3855 631 3911 sine
652 3863 768 3928 peccata
785 3876 837 3914 nos
853 3864 950 3915 custo·
1004 3862 1165 3917 orationem.
1180 3861 1239 3928 Qua
1252 3858 1325 3914 diem
1338 3859 1518 3914 subdiaconus
1532 3861 1627 3913 eontra
1648 3858 1739 3913 altam
1764 3858 1838 3930 lepra

126 3950 197 4007 dire.
1003 3949 1156 4021 epistolam,
1179 3952 1264 4020 'qaam
1288 3946 1354 4003 dum
1377 3948 1484 4018 incipit,
1504 3946 1629 4001 sacerdos
1651 3949 1678 4002 et
1701 3945 1835 4001 diaeonus

161 4037 224 4093 Fiat
238 4033 359 4090 Domine
375 4032 576 4089 misericordia
590 4037 641 4090 tua
655 4051 743 4107 super
759 4053 811 4093 nos
827 4055 834 4092 :
849 4055 950 4110 (quem-
1003 4037 1114 4094 sedeant
1129 4039 1158 4093 in
1172 4036 1303 4093 sedilibus
1316 4036 1374 4091 suis
1391 4033 1426 4090 ad
1441 4034 1582 4092 dexteram
1594 4038 1704 4107 portem
1718 4035 1833 4099 attaris,

125 4124 285 4182 admodum
301 4120 482 4192 speravimus
498 4121 527 4175 in
543 4126 580 4192 te,
1000 4127 1084 4200 juata
1098 4143 1164 4198 quos
1178 4129 1204 4181 et
1217 4125 1401 4181 subdiaconus
1423 4129 1484 4198 post
1510 4125 1608 4180 lectam
1631 4123 1776 4195 epistolam
1790 4138 1835 4177 se-

160 4211 282 4270 Domine
290 4208 394 4266 exaudi
408 4209 569 4264 orationem
581 4227 686 4267 meam.
700 4213 735 4268 Et
747 4211 858 4268 clamor
867 4230 951 4271 meus
1004 4217 1075 4273 deat.
1091 4214 1192 4272 Deinde
1203 4218 1320 4270 conatur
1334 4213 1480 4279 Graduale,
1498 4213 1629 4279 Alleluia,
1646 4211 1688 4266 rel
1715 4213 1836 4275 Tractus,

124 4303 161 4361 ud
177 4299 321 4359 iuveniat·
373 4297 393 4310 ’“
1004 4322 1053 4363 seu
1079 4303 1230 4376 tequemio.
1246 4302 1360 4358 interim
1382 4317 1445 4358 vero
1469 4301 1578 4357 dieitur
1600 4317 1617 4356 o
1638 4297 1779 4355 sacerdote
1793 4300 1836 4354 ret

1004 4395 1140 4451 ministris
1155 4394 1217 4450 ista²
1231 4393 1375 4448 arodenes.

402 1854 531 1925 Sequitur
544 1853 684 1922 confessio.

477 4416 601 4469 tlremns.

1366 4507 1469 4562 Dratia.

158 4533 277 4589 Airlera
291 4531 375 4588 nobis
391 4547 560 4604 quesumus
577 4531 698 4588 Domine
712 4531 883 4605 iniquitates
898 4550 950 4588 oo·
965 4557 990 4624 D

124 4626 260 4687 struant
283 4620 318 4675 ad
343 4619 449 4675 Sancta
477 4623 649 4675 Sanctorum
679 4621 760 4693 puris
785 4637 952 4677 mereamur
1041 4622 1253 4696 Benignissime
1264 4637 1298 4677 ao
1312 4615 1789 4684 misericordissime,serenissima
1802 4632 1835 4671 ac

123 4709 273 4768 mentibus
286 4706 414 4762 introire.
431 4708 541 4763 Exaudi
557 4726 728 4780 quaesumus
743 4710 865 4766 Domine
881 4728 951 4783 sup·

123 4799 233 4875 plieum
251 4813 361 4871 preces,
378 4800 406 4851 et
420 4796 622 4852 confitentium
639 4797 691 4853 tibi
713 4816 798 4872 poree
812 4800 949 4871 pecualis,

123 4893 156 4945 ut
168 4888 275 4962 pariter
295 4886 380 4943 uobis
404 4885 618 4958 indulgentiam
632 4887 745 4944 tribuas
761 4889 908 4962 benignus
923 4896 951 4947 et

123 4993 235 5051 pacem.
252 4975 304 5031 Per
321 4974 486 5042 Dominum,
503 4979 558 5031 etc.

159 5066 266 5139 Quibus
282 5065 396 5136 captetis
410 5064 595 5120 subdiaconus
620 5070 745 5136 apertum
764 5067 865 5123 tibrum
878 5083 950 5138 pree·

123 5155 184 5210 beat
197 5153 333 5208 sacerdoti
346 5152 534 5208 osculandam.
552 5154 676 5209 Oneratas
691 5164 783 5211 auten
798 5156 948 5225 euangelio,

121 5243 193 5318 quod
207 5258 237 5298 eo
251 5241 297 5297 die
311 5240 454 5312 legendum
468 5248 515 5310 est,
532 5242 604 5298 dieat
620 5261 631 5296 .·
646 5246 705 5297 Pax
726 5243 843 5312 Christi,
860 5260 949 5317 quam

120 5330 206 5389 nobis
222 5347 273 5403 per
287 5329 469 5401 evangelium
486 5348 572 5386 suurn
593 5330 724 5399 tradidit,
749 5338 899 5389 conservet
922 5339 950 5389 et

122 5421 275 5475 eontlrmel
289 5418 376 5472 eorda
386 5422 522 5473 nostrast
536 5419 789 5491 eorporainvitam
799 5426 947 5478 eternam.

122 5507 228 5561 Amen.
247 5508 280 5560 et
294 5505 474 5562 subdiaconus
494 5508 622 5564 claudens
647 5510 749 5564 tibrum
769 5515 854 5582 promat
868 5528 949 5582 saper

53 5654 56 5663 ¹
122 5594 211 5648 talama
226 5594 256 5646 in
269 5596 381 5650 sinistro
395 5611 490 5651 cornu.
508 5599 576 5653 Crem
588 5613 650 5653 aero
665 5599 817 5670 inceperint
826 5600 855 5654 tn
868 5599 948 5658 ebora

121 5679 209 5754 Kyrie
224 5677 342 5750 eleison,
359 5684 480 5756 aeatytbi
493 5685 632 5758 deponant
643 5686 807 5746 candelabra
822 5690 853 5745 tn
867 5691 947 5761 pari·

1005 4711 1234 4771 elementissimo
1249 4711 1336 4778 Deus,
1353 4709 1400 4764 oui
1416 4709 1513 4766 omnis
1525 4705 1656 4780 angelica
1672 4704 1836 4761 tantulotur

1004 4801 1216 4873 virtus,coique
1230 4798 1370 4872 quiequid
1384 4801 1519 4854 sanctum
1530 4800 1558 4850 et
1570 4795 1717 4851 muudum
1729 4799 1772 4848 est
1785 4794 1836 4848 ob-

1006 4891 1149 4964 sequitur,
1165 4893 1232 4945 ante
1256 4891 1447 4960 conspectum
1471 4885 1575 4941 divinae
1595 4882 1760 4954 majestatis
1775 4886 1833 4937 tun

1005 4979 1111 5037 assisto
1126 4995 1205 5045 reus,
1221 4975 1400 5033 sacrosancti
1421 4973 1551 5047 mysterii
1576 4975 1736 5044 usurpator
1757 4971 1834 5026 satis

1004 5068 1145 5142 indignus
1162 5083 1168 5123 :
1185 5065 1257 5138 quin
1272 5069 1301 5121 ct
1316 5065 1449 5120 invocare
1464 5066 1598 5119 sanetum
1614 5077 1648 5116 ae
1665 5058 1835 5115 venerabile

1004 5174 1110 5215 nomen
1126 5162 1210 5212 tuom
1226 5171 1284 5210 aon
1300 5171 1366 5208 sum
1381 5152 1515 5220 idoneus,
1527 5150 1635 5223 quippe
1643 5148 1696 5221 qui
1713 5164 1781 5203 sum
1789 5148 1833 5202 in·

1004 5244 1237 5303 numcrabilibus
1255 5240 1429 5298 criminibus
1449 5240 1654 5314 pregravatus,
1669 5235 1830 5308 superbia-

1003 5335 1134 5402 inflatus,
1159 5330 1318 5388 cenodoxia
1340 5328 1488 5402 turgidus,
1510 5325 1620 5382 invidia
1655 5321 1831 5388 demolitus,

1004 5423 1103 5480 acedia
1119 5419 1264 5486 anxiatus,
1281 5417 1403 5474 libidine
1420 5416 1559 5482 fracidus,
1571 5411 1689 5469 lascivia
1704 5410 1833 5466 dissolu·

1003 5517 1062 5580 tus,
1078 5509 1229 5567 iracundia
1245 5505 1425 5573 stimulatus,
1442 5505 1508 5562 odie
1530 5503 1719 5568 inveteratus,
1736 5499 1833 5555 detra·

1003 5603 1098 5660 ctione
1110 5597 1252 5674 perditus,
1260 5594 1404 5669 protervia
1417 5592 1560 5661 tumidus,
1575 5589 1686 5646 ventris
1702 5586 1833 5661 ingluvie

1002 5696 1032 5749 et
1045 5687 1120 5765 gulae
1133 5686 1264 5763 appetitu
1280 5678 1621 5752 immoderatus,iallaoia
1635 5676 1833 5751 repletus,im·
