3878 6098
121 270 201 388 ia*

120 551 268 625 liccadant
282 544 304 606 a¹
313 567 360 606 me
374 551 461 606 amici
472 549 659 624 mei‚sintque
671 556 809 624 perpetuo
820 550 942 606 inimici.

119 640 192 699 Huic
207 656 260 712 ego
285 639 458 712 cirographo
483 657 500 695 a
520 658 565 696 me
580 642 667 707 edito,
685 640 715 696 in
742 640 942 696 testimonium

120 720 333 786 benedictionis
347 728 391 785 vel
407 727 621 784 maledictionis
637 746 707 784 meae
723 728 945 796 subscrib0,fra-

120 822 238 897 tresque
267 822 296 873 et
320 816 395 873 filios
419 835 499 873 meos
525 823 556 873 ut
580 817 767 873 subscribant
790 834 869 890 rogo.
884 818 943 890 Ego

118 908 259 965 Arnulfus
274 906 509 979 archiepiscopus
526 906 697 978 subscripsi.

153 999 183 1054 61
200 999 335 1068 Amulius
351 997 384 1031 ⁵²⁵
400 996 564 1051 libellum⁶²⁵
579 1012 614 1050 aa
621 1002 698 1067 pirric
711 997 809 1068 probol
823 998 943 1062 ⁶²⁵,eteac

114 1096 193 1160 perte
207 1088 343 1158 vituperat
356 1085 398 1139 ⁹²⁵.
414 1116 448 1125 -
463 1084 524 1147 Quo
541 1085 696 1146 recitatos
707 1086 810 1141 sinodo
828 1086 943 1141 investi-

116 1181 204 1248 gutur
222 1192 258 1229 au
283 1172 408 1242 alicujus
432 1173 666 1243 reprehensionis
689 1180 740 1229 aut
764 1174 942 1231 defensionis

114 1264 174 1319 vim
198 1264 304 1319 hahere
329 1263 471 1318 videatur.
490 1264 571 1318 Tunc
596 1263 771 1319 venerahilis
786 1265 941 1336 episcopus

114 1341 265 1419 arnulfus,
282 1368 315 1407 eo
331 1353 409 1424 quod
423 1352 552 1408 alliciam
574 1352 784 1425 interpretandi
811 1353 836 1408 ei
861 1370 940 1408 com-

115 1441 240 1501 missum
255 1446 340 1498 erat:
359 1465 372 1492 a
390 1442 424 1496 Et
439 1459 490 1514 pro
506 1458 547 1507 se,
562 1441 667 1512 inquit,
684 1459 718 1497 ex
734 1447 815 1513 parte
838 1443 940 1498 defen-

116 1531 227 1588 sionem
243 1531 382 1595 continet,
399 1536 427 1586 et
440 1531 560 1586 riresex
575 1536 657 1602 parte
682 1531 940 1602 reprehensoribus

116 1620 328 1676 accommodat.
349 1620 444 1676 Causa
468 1637 595 1692 namque
619 1625 651 1674 ut
673 1620 861 1686 scriberetur,
876 1623 941 1691 ejus

116 1716 217 1778 auctor
230 1708 370 1764 Amulius
385 1708 514 1772 faltoni
530 1726 597 1763 cum
608 1709 785 1764 detestanda
801 1709 941 1780 cupidita·

669 325 829 391 lthllilfil
852 329 885 390 S.
908 327 1061 391 eeurcu
1084 327 1277 391 MONAGHI.

120 459 178 519 mei
204 459 299 533 pauci,
315 464 344 516 et
366 457 567 534 episcopatum
596 478 694 518 meum
720 462 843 536 accipiat
860 461 943 519 alter.
960 462 984 530 Α
1000 478 1068 518 cuna
1083 461 1145 535 ipse
1161 440 1318 535 episcopus
1331 459 1505 533 proditionis
1521 464 1623 517 auctor
1641 459 1777 530 extiterit,
1793 479 1814 519 u

1770 326 1829 392 {aa

1815 429 1829 481 t

999 568 1087 606 suum
1104 549 1245 625 flagitium
1262 550 1391 606 melioris
1405 549 1457 605 aeli
1473 551 1584 605 fervore
1600 550 1827 623 tegeret,multra

999 640 1311 696 excommunicationis
1326 644 1356 696 et
1370 637 1585 696 maledictionis
1601 639 1828 709 anathematae·

999 746 1118 801 corpore
1146 734 1174 785 et
1199 730 1342 802 sanguina
1366 727 1481 784 bomini
1504 728 1659 801 separavit,
1677 734 1764 801 atque
1788 730 1830 786 ab'

998 817 1121 873 eeclesia
1136 818 1267 873 fidelium
1280 818 1444 889 suspendit,
1455 816 1641 873 Baniensium
1655 819 1827 890 praedonum

998 912 1142 970 auctores,
1160 908 1294 972 faetores,
1306 911 1519 979 cooperatores,
1535 907 1673 974 fautores,
1685 912 1714 962 et
1729 925 1746 962 a
1761 925 1827 980 prn-

998 995 1070 1067 priis
1085 995 1214 1051 dominis
1230 1012 1328 1050 rerum
1344 996 1399 1050 suh
1414 995 1571 1068 emptionis
1586 995 1705 1051 nomiae
1720 995 1826 1053 abalie-

998 1091 1123 1140 natores.
1140 1086 1193 1140 Sed
1209 1103 1276 1140 cum
1291 1084 1364 1139 tanti
1382 1084 1451 1140 nauli
1466 1083 1622 1158 episcopus
1638 1090 1742 1140 auctor
1762 1086 1827 1141 exi·

997 1178 1065 1241 stat,
1080 1173 1265 1229 anathemate
1289 1172 1437 1229 involutus
1464 1171 1704 1229 manifestissime
1735 1179 1826 1246 patet.

997 1264 1077 1329 Quod
1094 1263 1183 1318 etiam
1200 1263 1235 1317 ad
1250 1263 1315 1333 eius
1335 1261 1628 1334 condempnationem
1655 1279 1712 1318 non
1736 1263 1825 1320 mini·

996 1369 1078 1407 mum
1095 1351 1179 1406 valer.
1198 1374 1212 1400 »

1032 1442 1074 1495 e't.
1091 1439 1248 1510 fudipnatiu
1262 1440 1384 1497 dimicari
1397 1441 1427 1495 in
1440 1441 1598 1511 Briaulsum.
1615 1473 1649 1481 —
1667 1439 1827 1497 Gualterus'
1855 1475 1860 1482 ·

995 1529 1272 1602 augustudunensis
1289 1530 1445 1602 episcopus
1460 1528 1532 1584 dixit
1545 1545 1552 1584 ι
1569 1553 1582 1579 a
1596 1531 1638 1584 An
1654 1529 1730 1585 male
1744 1534 1831 1586 sanie

996 1619 1103 1674 meritis
1119 1619 1166 1674 hic
1181 1619 1336 1690 episcopus
1352 1635 1409 1673 nou
1425 1617 1534 1690 estqui
1551 1635 1602 1690 pro
1618 1635 1649 1674 se
1674 1617 1823 1676 defensio·

996 1726 1047 1764 nes
1063 1708 1176 1771 nititur,
1193 1725 1259 1762 cum
1276 1706 1394 1779 regibus
1418 1712 1446 1764 et
1471 1711 1513 1763 tot
1536 1708 1669 1780 patribus
1684 1708 1750 1779 ejus
1768 1707 1832 1764 ini-'

115 1797 153 1853 tis
168 1798 269 1853 morbo
285 1798 410 1853 nimium
426 1798 582 1863 laboraret,
600 1797 658 1869 egit
674 1797 938 1869 quodreprehendi
958 1835 980 1899 Β
995 1802 1092 1868 quites
1107 1797 1235 1851 dilucide
1253 1802 1359 1867 pateat,
1375 1801 1403 1851 et
1418 1796 1540 1868 insuper
1554 1797 1717 1869 presbyteri
1734 1794 1825 1852 malo·

116 1890 221 1959 potest,
238 1903 305 1942 cum
317 1886 437 1955 juratus
452 1886 539 1941 fidem
556 1903 613 1942 non
630 1886 763 1941 servavit.
781 1887 839 1943 Hoc
862 1904 941 1942 emm

26 2021 28 2026 .
115 1974 332 2046 reprehensioni
351 1975 526 2031 succumbit.
536 1976 568 2030 aa
583 1975 661 2047 quod
677 1975 824 2046 sapientes
834 1980 862 2030 et
872 1975 940 2030 bani

115 2064 144 2119 id
174 2065 342 2132 effecerunt,
360 2064 437 2136 quod
462 2063 538 2119 dolis
568 2069 597 2119 et
620 2064 734 2120 astutia
749 2063 942 2135 perditissimi

116 2152 244 2209 hominis
259 2153 427 2219 contrairet,
442 2157 543 2209 contra
559 2153 697 2224 querulos
714 2152 875 2209 defensioni
892 2154 941 2208 fir-

115 2241 248 2299 mitatem
263 2243 388 2305 alfectat‚
404 2241 538 2314 viresque
564 2242 722 2296 ministrat.
737 2243 772 2296 lit
797 2241 941 2313 quidquid

117 2329 189 2386 illud
206 2331 256 2398 sit,
273 2331 441 2387 testimonio
461 2335 559 2385 tamen
583 2331 781 2387 roborandum
806 2335 859 2385 cst.
876 2330 942 2385 Pro-

117 2420 202 2475 oedat
222 2418 383 2490 Adalgerus
408 2419 567 2490 presbyter.
579 2420 669 2474 Adest
683 2435 810 2489 namque
825 2419 875 2489 qui
898 2436 942 2474 re-

119 2525 184 2564 rum
200 2508 305 2563 seriam
322 2507 495 2578 proditionis
507 2507 642 2563 conscius
657 2508 767 2579 optime
787 2506 873 2562 novit.
891 2505 942 2562 lile

120 2596 240 2668 inquam
256 2596 342 2661 adsit,
359 2600 388 2650 et
402 2600 502 2652 vestra
518 2594 685 2651 claritudini
701 2581 868 2650 inauditum
883 2611 942 2650 see·

119 2684 166 2741 lus
180 2685 326 2753 edicat,ut
340 2690 369 2741 et
384 2685 432 2741 nbi
449 2683 675 2765 sitlvituperatio
689 2682 824 2739 habenda
838 2700 942 2756 coguo-

119 2773 208 2828 scatis
222 2778 250 2829 et
265 2774 316 2829 ubi
331 2772 396 2830 laus
412 2774 598 2829 concedenda
611 2773 744 2828 videatis.
765 2796 774 2821 n

153 2863 197 2916 62.
214 2861 378 2920 admovetur
391 2863 426 2898 ⁶²⁶
440 2861 589 2931 adalperua
605 2863 639 2897 ⁶¹⁶
651 2862 819 2917 demutationi
833 2862 876 2917 ⁶²⁶.
893 2862 942 2918 liic

118 2967 187 3008 rar..
214 2952 401 3008 occaectic⁶²⁸.
419 2982 451 2992 -
470 2950 631 3023 adalgerus
657 2951 755 3022 itaque
784 2951 942 3006 accersitus

117 3040 310 3113 adestsuper
320 3041 375 3097 hac
390 3039 631 3112 reinterrogatus
647 3045 675 3096 et
690 3039 731 3094 nil
743 3043 873 3095 moratus
884 3055 942 3095 res·

117 3131 245 3202 pondet:
263 3129 421 3196 «Utinam,
438 3133 536 3201 patres
551 3129 655 3194 sancti,
672 3129 701 3183 in
719 3128 772 3183 hac
792 3129 940 3184 vocatione

996 1904 1061 1940 runi
1077 1885 1186 1941 conscii
1203 1884 1372 1941 testimonio
1387 1883 1596 1941 convincatur?
1613 1888 1653 1940 dn
1670 1885 1732 1958 ipse
1753 1884 1824 1941 mali

998 1974 1137 2041 inseritur,
1154 1973 1317 2046 periculum
1348 1974 1544 2029 anathematis
1568 1974 1689 2029 evadere
1714 1973 1822 2046 potuit,

996 2081 1062 2119 cum
1093 2063 1155 2134 ipse
1180 2061 1248 2118 mali
1277 2061 1411 2118 inventor
1440 2068 1467 2117 et
1496 2062 1824 2129 fautor,inventoreset

996 2152 1129 2216 factores,
1146 2151 1334 2223 fautoresque
1359 2149 1572 2206 maledictionis
1597 2150 1654 2207 telo
1678 2150 1825 2223 perfodit?

995 2242 1038 2294 An
1053 2240 1147 2311 ipsam
1161 2239 1345 2294 Divinitatem
1362 2238 1414 2294 hec
1430 2241 1608 2312 perpendere
1624 2257 1682 2295 nou
1692 2239 1825 2296 animad-

996 2327 1091 2394 vertit,
1109 2345 1174 2383 cum
1191 2329 1332 2399 scriptum
1350 2328 1397 2396 sit,
1409 2329 1484 2399 proed
1495 2328 1569 2384 ocati
1582 2330 1693 2384 Domini
1708 2331 1737 2384 iu
1748 2330 1825 2388 omni

997 2418 1052 2472 loco
1067 2418 1284 2488 connominatur
1299 2417 1380 2472 tonos
1402 2425 1427 2473 et
1449 2418 1534 2473 turrim
1551 2419 1643 2484 (Pron.
1666 2433 1713 2485 xv,
1726 2418 1777 2490 3)‘i
1791 2414 1827 2474 dt

997 2509 1073 2561 certe
1086 2506 1298 2576 arbitror,quia
1313 2505 1385 2560 dicit
1397 2508 1531 2577 insipiens
1546 2507 1575 2561 ia
1591 2505 1670 2561 corde
1683 2523 1734 2562 erto
1744 2525 1754 2561 :
1765 2507 1824 2563 Non

995 2601 1035 2649 est
1048 2599 1116 2649 bour
1136 2595 1222 2659 (Psoi.
1239 2612 1287 2657 nu.
1304 2595 1341 2662 l).
1368 2594 1598 2649 Aniruadvertite
1616 2609 1696 2667 crgo,
1712 2598 1824 2666 patres,

997 2699 1085 2754 quam
1102 2683 1230 2754 corrupti
1246 2688 1315 2738 sunt
1329 2689 1358 2738 et
1374 2682 1584 2738 abominabiles
1599 2682 1676 2738 'faeti
1701 2688 1772 2739 sunt
1791 2683 1823 2739 in

996 2772 1102 2827 studiis
1119 2772 1181 2826 suis
1197 2773 1287 2827 factor
1302 2776 1331 2827 et
1345 2774 1451 2829 fautor.
1469 2795 1482 2820 n

1030 2862 1075 2915 65.
1094 2860 1194 2916 Orionis
1208 2863 1326 2933 episcopi
1335 2862 1484 2917 edisseratio
1499 2861 1532 2896 ⁶¹⁸
1547 2861 1579 2917 dc
1589 2862 1691 2934 juditio
1705 2861 1740 2897 ⁶¹⁸
1750 2878 1825 2918 acce·

996 2949 1107 3005 ferundo
1122 2950 1165 3004 ⁶²⁸.
1183 2981 1216 2991 -
1232 2951 1292 3005 Ode
1308 2948 1533 3006 silvanectensis
1547 2951 1701 3022 episcopus
1723 2951 1798 3007 dixit
1815 2968 1823 3008 :

995 3061 1009 3088 a
1026 3039 1169 3104 Quoniam
1184 3038 1333 3111 religionis
1349 3056 1447 3109 causa,
1464 3043 1493 3094 et
1508 3041 1591 3110 jussu
1618 3038 1824 3097 serenissimo·

995 3143 1061 3180 rum
1074 3143 1186 3197 regum,
1203 3127 1249 3181 hie
1265 3126 1376 3182 collecti
1400 3144 1513 3193 sarnus,
1531 3145 1589 3183 non
1611 3130 1656 3183 est
1679 3127 1820 3184 differen-

116 3217 374 3274 concedaturmihi
385 3216 485 3288 aliqua
496 3216 678 3273 remissionis
690 3216 939 3290 indulgentiaSed
956 3203 977 3270 C
995 3214 1065 3269 dum
1080 3214 1205 3270 habendi
1218 3215 1318 3286 juditii
1335 3233 1466 3271 examen.
1481 3217 1512 3272 ld
1537 3214 1615 3272 enim
1641 3234 1724 3290 regas
1743 3235 1819 3290 prae·

117 3307 186 3380 quia
200 3307 236 3362 ad
252 3307 281 3362 id
296 3305 408 3370 deveni,
423 3311 456 3360 ut
471 3305 494 3361 si
511 3305 580 3376 quid
605 3306 683 3378 equod
708 3322 759 3378 pro
784 3323 830 3361 me
854 3305 941 3362 faciat
995 3302 1149 3359 stelantur.
1179 3303 1278 3359 Clarus
1303 3307 1332 3359 et
1355 3305 1436 3377 plebs
1465 3303 1543 3360 idem
1568 3310 1730 3377 expectant.
1763 3304 1821 3363 Nec

117 3394 239 3450 inveniri
254 3395 358 3467 possit,
377 3394 403 3448 id
417 3400 520 3449 contra
536 3411 581 3449 me
594 3401 672 3451 stare
687 3395 827 3461 videatur,
844 3395 940 3451 verbis
994 3395 1039 3447 cst
1055 3392 1082 3446 in
1094 3391 1304 3448 diuersissimis
1329 3393 1542 3448 sententiarum
1566 3393 1729 3451 rationibus
1753 3394 1821 3451 diu-

116 3482 298 3538 brevioribus
310 3483 387 3554 quod
399 3483 529 3555 queritis
545 3483 667 3538 edicam.
680 3484 875 3548 Dudo,Karoli
886 3484 938 3538 mi·
994 3480 1053 3536 tius
1069 3481 1298 3548 immorandum,
1315 3500 1383 3538 cum
1399 3500 1445 3538 res
1461 3482 1500 3536 sit
1523 3482 1653 3550 evidens,
1669 3485 1699 3538 et
1721 3476 1820 3556 juditii

116 3569 169 3638 les,
184 3571 316 3629 hortatus
330 3578 384 3641 est,
397 3571 522 3634 uthanc
538 3573 615 3628 unda
630 3573 678 3628 hic
693 3573 823 3642 quaeritis
839 3573 939 3645 prodi·
994 3569 1067 3624 ratio
1094 3572 1123 3624 in
1150 3577 1286 3643 promptu
1316 3571 1363 3626 sit.
1378 3571 1418 3626 De
1445 3571 1555 3643 quibus
1579 3589 1635 3627 uon
1660 3571 1759 3628 solum
1775 3579 1822 3645 pa'·

115 3659 226 3717 tionem
240 3660 407 3734 aggredere,
415 3661 456 3717 sic
472 3661 591 3717 domino
605 3678 669 3716 meo
685 3660 798 3734 placere
809 3663 937 3733 juratus.
994 3664 1073 3715 trum
1090 3665 1200 3716 statuta
1216 3659 1322 3733 legitis,
1339 3678 1440 3716 verum
1456 3661 1543 3716 etiam
1567 3677 1619 3733 per
1638 3677 1820 3734 consequen-

115 3749 196 3807 Unde
212 3768 279 3806 oum
306 3750 331 3806 ei
357 3769 414 3807 non
436 3751 594 3815 crederem,
605 3749 758 3806 dominum
775 3768 874 3806 meum
889 3768 940 3823 per
993 3748 1049 3804 tias
1064 3766 1161 3804 rerum
1178 3749 1316 3821 equitatis
1334 3766 1489 3805 censuram
1505 3747 1632 3821 proferre
1655 3766 1712 3806 non
1738 3749 1819 3824 igno·

115 3856 162 3895 me
176 3840 360 3913 interrogavi.
376 3847 444 3896 Sese
459 3841 488 3895 id
505 3840 567 3896 fieri
578 3839 649 3896 velle
665 3840 824 3911 rospondit.
840 3840 876 3896 Ut
888 3857 938 3895 au·
993 3838 1075 3893 ratis.
1094 3864 1106 3887 a
1347 3835 1353 3840 '

115 3933 173 3983 tem
190 3928 244 3983 hoc
260 3929 386 3985 dedecus
410 3929 506 4000 specie
530 3928 644 3984 honesti
665 3929 819 3996 velaretur,
834 3930 939 3985 h'arolo
1028 3927 1073 3981 bb.
1093 3927 1202 3997 ernulfi
1216 3929 1357 3997 persuasio
1367 3928 1402 3962 ⁶²⁹
1416 3926 1451 3982 ad
1465 3926 1617 3998 defensores
1631 3928 1666 3962 ⁶²⁰
1680 3935 1712 3983 ut
1736 3928 1820 3985 litere

115 4033 221 4080 uranus
237 4017 318 4084 dedi;
331 4018 453 4088 ejusque
469 4018 772 4087 l'actus‚proditi0nem
784 4035 940 4089 persacra-
992 4016 1027 4050 θ’]
1038 4015 1182 4086 disputant.
1200 4047 1231 4058 --
1248 4015 1388 4070 Araulfns
1403 4015 1622 4072 Aurelianensis
1646 4018 1818 4090 episcopus·

116 4109 249 4160 mentum
270 4105 424 4176 spopondi.
441 4106 476 4160 Et
497 4105 550 4160 feci
567 4106 697 4177 quidem,
709 4106 759 4160 sed
776 4123 832 4161 non
850 4106 940 4176 injus-
993 4103 1089 4160 dixit:
1107 4128 1120 4154 ι(
1139 4104 1226 4170 Licet,
1245 4111 1341 4175 patres
1356 4105 1520 4169 venerandi,
1534 4105 1586 4160 hec
1608 4104 1773 4161 certissime
1788 4122 1819 4161 se

114 4210 175 4249 sus.
192 4194 273 4260 Quod
289 4192 314 4249 si
330 4193 412 4248 robis
434 4192 542 4250 falsum
566 4194 710 4262 videatur,
728 4199 847 4265 paratus
872 4212 938 4252 sum
993 4192 1035 4249 sic
1059 4193 1195 4260 habeant,
1225 4197 1258 4247 ut
1288 4193 1323 4248 de
1348 4192 1469 4248 Arnulfo
1497 4192 1703 4266 praedicantur,
1730 4192 1819 4267 pluri-

42 4324 45 4327 ·
113 4280 213 4337 omnia
223 4280 401 4352 juditiorum
417 4298 525 4353 garrera
540 4282 649 4337 subire.
668 4304 681 4330 »
994 4281 1109 4353 misqae
1130 4280 1285 4337 sententiis
1309 4286 1436 4353 patrum,
1448 4283 1531 4353 juste
1554 4281 1662 4352 ‚juditio
1683 4276 1818 4338 damnari

147 4372 191 4426 63.
208 4373 302 4428 Breuis
316 4379 342 4427 et
355 4371 388 4405 ⁸²⁷
403 4369 526 4426 dilucido
539 4371 572 4405 ⁵³⁷
584 4371 782 4427 demonstratio
791 4373 825 4406 ⁶2⁷
842 4375 938 4427 crimi-
992 4371 1094 4438 valeat,
1112 4376 1209 4426 tamen
1228 4389 1262 4426 ne
1279 4370 1429 4427 videamur
1446 4373 1481 4426 de
1495 4372 1594 4427 fratris
1617 4371 1704 4427 ruina
1725 4370 1819 4427 letan·

113 4461 156 4515 rats
170 4461 202 4495 ⁶²³
218 4479 235 4515 a
250 4459 371 4517 duidcne
384 4460 559 4530 episscopoffl.
576 4491 610 4532 -·
625 4458 719 4515 Guido
746 4459 938 4516 Suessionen-
993 4464 1048 4529 tos,
1064 4464 1092 4516 et
1107 4462 1135 4514 in
1150 4461 1214 4529 ejus
1230 4459 1419 4516 damnatione
1432 4460 1545 4530 absque
1563 4461 1646 4533 justo
1669 4451 1818 4530 ardentes,

112 4548 154 4603 sis
169 4549 324 4621 episcopus
340 4549 431 4604 dixit:
449 4571 467 4612 a
481 4547 517 4604 Ut
533 4547 580 4604 hic
604 4565 638 4604 ex
663 4548 775 4603 ratione
792 4550 879 4618 hujus
894 4550 937 4605 in·
954 4571 977 4634 D
993 4549 1182 4603 statuendum
1198 4549 1346 4603 communi
1363 4549 1477 4605 decreto
1493 4548 1630 4616 arbitror,
1647 4552 1678 4603 ut
1692 4547 1820 4620 quicun-

112 4634 263 4708 telligitur,
280 4637 368 4692 unius
385 4641 483 4693 reatus
506 4639 579 4692 forte
602 4637 688 4692 ambo
703 4642 849 4692 tenantur.
863 4639 937 4693 Nam
992 4654 1048 4709 que
1072 4637 1099 4690 in
1117 4639 1180 4709 ejus
1197 4637 1366 4693 defensione
1389 4637 1500 4710 aliquid
1524 4637 1619 4692 dicere
1644 4637 1760 4703 nititur,
1776 4636 1820 4694 lo-

112 4740 180 4780 cum
209 4725 255 4781 hic
279 4742 344 4783 sese
367 4725 498 4782 effecisse
522 4731 645 4791 asserat,
663 4743 720 4781 non
736 4731 781 4781 est
796 4726 938 4784 immunis
991 4742 1058 4781 cum
1074 4725 1244 4781 defensandi
1266 4725 1382 4792 habeat,
1399 4723 1526 4781 revolvat
1547 4724 1706 4794 volumina,
1723 4730 1820 4799 prole·

111 4815 176 4886 ejus
199 4813 348 4880 domiuus,
365 4814 414 4886 qui
440 4814 555 4869 facinus
577 4815 805 4888 perpetrandum
832 4816 935 4883 suasit,
991 4820 1036 4870 rat
1050 4821 1121 4886 quot
1135 4814 1197 4870 ruit
1212 4815 1382 4884 sententias,
1398 4819 1486 4886 atque
1509 4812 1608 4870 emnia
1631 4832 1696 4887 ques
1716 4815 1752 4871 ad
1768 4816 1819 4872 de-

110 4919 144 4958 eo
161 4903 236 4975 quod
251 4899 369 4958 sceleris
382 4920 500 4959 eausam
517 4920 547 4959 se
563 4902 659 4976 ipsum
680 4904 845 4976 praebuerit.
861 4907 935 4973 Quo·
991 4904 1152 4959 sensionem
1168 4903 1288 4975 paravit,
1300 4903 1347 4959 hic
1362 4920 1460 4959 eoram
1476 4899 1517 4958 nil
1530 4905 1666 4979 metuens
1676 4903 1818 4961 effundat.

47 5006 50 5010 ’
110 4991 188 5048 niam
206 5008 276 5065 ergo
292 4991 448 5064 utriusque
465 4992 612 5064 negotium
630 4991 742 5047 inditiis
752 4994 936 5051 evidentibus
990 4994 1083 5064 Atque
1099 4992 1153 5047 hoc
1166 4992 1403 5048 constituendum
1415 5009 1489 5060 reor,
1507 4989 1627 5047 utultra
1651 4991 1694 5047 eis
1716 4990 1821 5048 defen-

109 5085 233 5147 conslat,
246 5097 313 5136 curn
330 5079 404 5136 aller
420 5079 533 5136 facinus
548 5081 683 5147 suaserit,
699 5081 773 5136 alter
796 5083 934 5151 effecerit,
990 5080 1072 5138 sandi
1089 5078 1172 5136 iocus
1188 5097 1245 5136 non
1261 5084 1367 5152 pateat.
1386 5081 1436 5136 llic
1452 5076 1567 5137 tanturn
1588 5097 1667 5136 nunc
1691 5078 1823 5153 co'gitatn

105 5168 204 5239 juditii
222 5174 491 5236 censura,vestram
508 5170 711 5242 paternitatem
728 5187 786 5226 nou
798 5170 875 5228 latet.
886 5173 935 5227 list
990 5164 1659 5241 edicant.»Tunesiguinusepiseopusarnule
1672 5161 1819 5226 etatulam

108 5257 195 5313 etiam
221 5260 297 5330 quod
325 5258 432 5331 juditio
455 5258 590 5314 habendo
606 5258 681 5313 viros
703 5258 840 5330 praeeat,
856 5262 934 5332 quod
990 5259 1140 5333 approbat,
1158 5276 1191 5314 ac
1206 5257 1402 5313 decretalibus
1419 5254 1581 5314 interdictis
1596 5256 1640 5326 ⁶³⁰,
1656 5257 1759 5343 uiolari
1773 5259 1820 5314 in-

788 5382 910 5439 VARlAE
930 5380 1139 5441 taurianae.

133 5469 179 5550 '⁶²⁵
195 5468 314 5536 bellurn,
331 5472 444 5544 probat,
459 5472 520 5529 ritu
537 5474 650 5528 (alteiae.
688 5474 722 5506 ⁶²⁶
738 5476 848 5535 oretur,
866 5492 928 5537 rus,
940 5493 984 5545 ac,
1002 5474 1041 5539 ni,
1059 5475 1097 5544 io,
1112 5475 1228 5530 abscisa.
1266 5474 1301 5508 ⁶¹¹
1313 5476 1345 5545 et·
1356 5472 1397 5544 di,
1411 5487 1496 5554 mon,
1507 5471 1608 5549 minis,
1624 5471 1821 5549 piscopoabr·

110 5555 204 5680 qqqqis)
230 5543 263 5576 ⁶²⁸
278 5541 375 5611 admo,
388 5544 507 5614 ,juditim
526 5546 582 5601 ndo
595 5546 711 5601 circae.
762 5544 797 5578 ⁶²⁹
812 5560 872 5615 per,
889 5546 984 5612 defen,
1000 5562 1048 5601 cre
1063 5545 1179 5600 absciso.
1231 5545 1265 5580 ⁶³⁰
1280 5544 1357 5600 inter
1372 5538 1545 5600 interdictis.
1571 5541 1629 5600 aad.
1650 5545 1691 5616 (io
1714 5540 1821 5601 dachus
