3878 6098
117 310 181 378 ess·
228 393 230 397 ¹
621 317 863 380 relucescit
889 315 1024 378 rruuuu
1047 316 1322 385 charrubium.
1477 288 1480 291 ’
1765 330 1825 389 ese

115 453 198 508 denti
215 469 274 508 uon
290 450 458 509 assistimus
470 458 501 510 ut
516 452 745 526 fugiatanobis,
753 451 862 507 idcirco
872 449 945 507 servi
962 450 1159 523 Astipendio,
1175 453 1205 508 id
1232 459 1277 511 est
1306 456 1457 514 retributio
1486 457 1606 530 peccati,
1628 474 1717 526 mors,
1733 460 1827 530 gratia

114 544 143 596 et
158 540 272 597 ancilla
290 540 341 597 Dei
361 542 397 597 de
412 540 484 599 locis
499 541 561 598 suis
574 541 689 614 expulsi
704 544 784 605 suut,
798 543 827 595 et
841 556 895 594 nos
910 539 946 594 de
1000 545 1098 596 autem
1115 541 1163 597 hei
1178 557 1231 613 pro
1249 544 1336 600 nobis
1351 544 1490 617 operibus
1511 545 1575 619 ipsa
1588 547 1697 602 donata
1711 553 1755 602 est
1769 547 1828 603 vita

115 630 215 701 quiete
230 629 356 686 coelestis
386 630 515 702 paradisi
534 637 562 686 et
583 631 619 685 de
644 629 790 686 consortio
819 626 946 684 eoelestis
999 633 1115 685 aterna.
1129 629 1162 684 Et
1177 630 1255 686 sicut
1266 634 1384 703 quando
1396 631 1527 691 solemus
1541 634 1578 690 de
1591 633 1657 690 istis
1672 634 1828 707 frequenti⁴

114 719 256 784 ecclesia,
266 719 295 774 id
306 723 352 775 est
362 720 533 792 angelorum
546 717 818 790 sanctornm,ejeeti
828 732 944 784 sumus,
1000 717 1056 773 bus
1071 717 1225 775 itineribus
1240 720 1343 776 reverti
1357 722 1394 777 ad
1405 722 1574 779 mansiones
1584 728 1701 779 nostrae
1712 723 1827 780 detonsi

114 807 173 863 nisi
195 825 248 881 per
262 807 368 881 dignos
391 807 566 880 poenitentiae
582 809 697 864 fruetus
720 807 757 863 ad
781 806 842 862 hec
868 805 945 860 unde
999 809 1028 860 et
1038 805 1162 862 delavati
1172 823 1240 862 cum
1256 809 1377 882 drappis
1392 813 1421 866 et
1430 809 1630 867 calciamentis
1639 810 1825 883 depannatis,

112 897 278 952 cecidimus
293 895 458 952 redeamus.
472 896 507 953 lit
517 898 585 969 quia
596 914 650 953 nos
662 896 736 953 tales
751 896 898 951 efficimus
910 894 945 950 de
999 900 1028 951 et
1042 900 1113 950 ωηο
1137 912 1190 952 nos
1212 897 1368 954 refecimus
1383 904 1412 954 st
1426 915 1608 971 reparamus,
1624 899 1666 956 ita
1679 898 1723 955 vel
1747 917 1826 957 nuno

114 985 256 1059 qualibus
263 985 406 1043 Dominus
416 1002 468 1058 per
479 986 651 1059 prophetam
659 983 946 1043 dixit:caasoarduae
999 1000 1170 1056 reparemus
1185 1003 1239 1042 nos
1254 1003 1306 1059 per
1314 1003 1364 1043 cor
1378 988 1536 1044 contritum
1547 987 1783 1057 ethumrliatum,
1795 994 1826 1048 et

112 1087 169 1131 cea
192 1074 348 1146 iuqredimr
361 1073 397 1129 ad
410 1090 468 1142 eos;
486 1075 556 1147 quis
571 1074 614 1131 sio
630 1075 708 1146 apud
724 1091 778 1130 nos
801 1077 846 1129 est
869 1073 946 1127 facta
999 1088 1051 1145 per
1064 1073 1263 1131 confessiones
1277 1093 1312 1132 ex
1321 1093 1394 1148 puro
1405 1078 1502 1143 corde,
1513 1081 1543 1133 et
1552 1093 1604 1150 per
1613 1077 1824 1151 benignitatem

111 1162 366 1234 renalisjustitia,
380 1167 413 1218 ut
432 1164 469 1218 ad
493 1179 558 1218 eam
573 1178 660 1218 nemo
673 1162 768 1236 possit
783 1160 944 1234 pervenire,
999 1162 1157 1228 montisel
1172 1179 1225 1235 per
1237 1165 1422 1221 concordiam
1433 1182 1501 1222 eum
1514 1165 1566 1224 Dei
1580 1164 1743 1234 voluntate3
1754 1166 1824 1240 quia

113 1252 175 1307 nisi
189 1251 267 1307 mam
282 1251 308 1306 ei
324 1251 492 1323 aperuerint
507 1268 640 1319 munera,
653 1251 718 1307 ideo
732 1256 798 1307 vota
813 1249 944 1306 fidelium
997 1266 1051 1322 per
1060 1250 1236 1308 discordiam
1247 1256 1276 1308 et
1288 1268 1411 1324 regnum
1422 1254 1501 1310 istud
1512 1254 1673 1328 temporale
1684 1255 1823 1311 imminu·

111 1346 141 1397 et
158 1341 254 1413 pretia
269 1344 538 1413 peccatorumque
559 1340 651 1397 saeris
666 1339 739 1397 locis
753 1339 867 1397 conlata
883 1339 946 1394 fue·
998 1344 1061 1395 tum
1074 1344 1102 1394 et
1112 1341 1530 1412 penadesertum,etoeternum
1539 1359 1662 1416 reguum
1673 1344 1822 1417 perditum

108 1433 194 1499 runt,
211 1434 331 1502 propter
343 1433 463 1501 peccata
478 1430 625 1485 unstrode
640 1427 695 1485 hoc
710 1444 799 1500 regno
815 1431 885 1483 sunt
900 1441 947 1498 pe·
999 1427 1154 1496 hahemus,
1166 1429 1239 1495 Quia
1264 1446 1317 1487 nec
1336 1447 1438 1487 omnes
1453 1447 1535 1505 reges
1559 1447 1624 1489 esse
1651 1419 1822 1505 possumus,

109 1519 195 1574 uitus
212 1522 370 1590 exportata,
384 1522 413 1573 et
431 1502 593 1574 vendentes
613 1518 762 1589 justitiam
786 1522 816 1573 et
838 1515 946 1572 verita-
999 1531 1052 1570 uec
1064 1531 1161 1588 regem
1173 1533 1261 1587 super
1276 1534 1330 1573 nos
1345 1534 1362 1573 a
1376 1518 1434 1574 Deo
1446 1519 1736 1592 constitutumquia,
1746 1519 1826 1577 sicut

106 1613 182 1673 tem,
194 1612 224 1662 et
238 1607 268 1662 in
282 1606 329 1661 his
346 1605 456 1662 scilicet
468 1607 567 1679 ipsum
581 1605 733 1662 Christum
744 1606 794 1678 qui
806 1609 852 1661 est
861 1604 946 1661 nobis
1000 1601 1143 1676 scriptum
1154 1609 1208 1672 est,
1218 1603 1359 1678 imposuit
1369 1605 1502 1662 homines
1512 1608 1703 1681 supereapits
1712 1612 1827 1685 nostra,

108 1711 129 1753 a
142 1696 204 1752 Deo
221 1696 315 1751 factus
325 1694 455 1767 justitia,
469 1699 499 1750 et
513 1695 564 1767 qui
577 1695 651 1750 dixit
666 1712 672 1750 :
691 1696 744 1764 Epo
758 1711 820 1750 sam
834 1695 944 1759 comtos,
1000 1690 1107 1748 habere
1117 1693 1371 1758 sustinemus,non
1384 1694 1567 1750 attendentes
1577 1695 1738 1768 quissicut
1751 1697 1825 1755 dicit

109 1784 172 1841 nisi
186 1785 274 1857 digne
289 1783 488 1856 meminerint,
498 1800 566 1839 cum
577 1783 654 1839 tuda
669 1784 809 1839 traditore
824 1781 944 1838 curisti·
961 1808 986 1883 B
1000 1779 1167 1853 Apostolus,
1176 1781 1233 1837 Nou
1245 1789 1285 1837 est
1297 1789 1413 1853 potestas
1424 1785 1482 1838 uisi
1490 1800 1507 1838 a
1520 1784 1587 1849 oeae
1598 1791 1624 1840 et
1637 1785 1685 1857 qui
1697 1787 1826 1856 potestati

110 1879 224 1930 aeterna
237 1876 391 1945 expectant
405 1872 550 1928 incendia.
565 1874 599 1927 lii
612 1872 682 1943 quia
698 1869 820 1943 sanguis
830 1865 948 1943 sangui'
999 1870 1110 1938 resistit,
1126 1872 1174 1926 dei
1190 1869 1360 1926 ordinationi
1382 1873 1494 1928 resistit.
1510 1871 1652 1936 Quoniam
1668 1872 1757 1943 Deus,
1773 1872 1824 1948 qui

111 1978 184 2025 nem
198 1961 305 2034 tetigit,
317 1961 346 2016 id
362 1965 417 2029 est,
427 1960 522 2033 culpas
540 1960 637 2033 culpis
659 1960 803 2031 adjuncta
819 1963 899 2027 suat,
914 1963 943 2014 et
997 1958 1193 2015 essentialiter
1209 1963 1254 2014 est
1278 1975 1327 2014 rex
1351 1974 1453 2031 regam
1467 1965 1497 2016 et
1510 1960 1648 2017 deminus
1659 1956 1822 2019 'dominan-

111 2051 193 2107 sicut
220 2049 364 2121 scriptum
393 2052 448 2117 est,
468 2048 637 2105 adulterium
662 2057 688 2106 et
715 2048 901 2114 hommidium,
917 2055 944 2103 et
996 2047 1084 2112 tium,
1094 2045 1315 2118 participatione
1330 2047 1457 2103 nominis
1469 2052 1497 2103 et
1511 2048 1644 2105 numinis
1655 2049 1717 2118 Dei,
1732 2050 1762 2105 id
1777 2055 1823 2108 est

109 2138 288 2194 mendacium
302 2145 329 2193 et
342 2137 450 2207 furtum
463 2144 489 2192 et
502 2138 667 2209 periurium,
684 2137 898 2201 inundaverunt,
914 2140 944 2191 et
997 2135 1229 2213 potestatissuas,
1238 2133 1330 2191 voluit
1338 2138 1437 2192 stesso
1448 2141 1476 2191 et
1485 2135 1580 2192 vocari
1587 2151 1686 2210 regem
1692 2142 1724 2194 et
1731 2138 1823 2194 domi·

110 2228 285 2300 iniquitates
302 2232 408 2282 nostra
425 2243 621 2299 supergressa
637 2230 705 2282 sunt
720 2225 817 2298 cupita
831 2230 941 2292 nostra,
997 2240 1069 2280 num
1085 2240 1137 2296 pro
1147 2223 1256 2280 honore
1268 2229 1297 2279 et
1306 2224 1366 2280 vice
1377 2240 1432 2282 sua
1442 2241 1539 2298 regem
1551 2225 1582 2281 iu
1593 2225 1689 2283 terris.
1701 2227 1735 2283 llt
1745 2228 1824 2285 sie'ut

108 2316 178 2371 ideo
190 2314 303 2371 nobiles
313 2315 406 2370 nostri
417 2318 446 2370 et
456 2316 492 2370 de
502 2313 661 2387 episcopali
671 2314 773 2371 ordine
785 2319 813 2369 et
826 2315 862 2370 de
877 2313 942 2369 aliis
997 2313 1259 2385 archangelus,qui
1272 2330 1350 2368 nune
1360 2317 1404 2368 est
1414 2313 1636 2380 diabolus,cum
1647 2317 1710 2372 suis
1720 2332 1824 2390 sequa·

108 2404 268 2461 ordinibus
282 2403 469 2472 interierunt,
483 2408 513 2459 et
533 2404 610 2476 capti
627 2420 694 2461 cum
711 2403 838 2459 maximo
853 2400 942 2458 detri·
996 2402 1091 2470 cihus,
1103 2402 1173 2474 quia
1188 2418 1240 2474 per
1260 2402 1436 2459 humilitatis
1452 2403 1663 2474 subjectionem
1679 2406 1824 2463 conditori

108 2500 214 2550 mento
229 2499 259 2548 et
274 2493 354 2564 regni
369 2497 399 2549 et
413 2490 541 2548 ecclesia
566 2497 636 2549 suut
659 2497 710 2547 aut
735 2490 876 2563 redempti
893 2494 944 2546 aut
998 2508 1051 2548 suo
1066 2491 1203 2549 subditus
1219 2507 1283 2547 esse
1297 2490 1401 2556 noluit,
1414 2497 1443 2547 et
1453 2509 1506 2564 per
1515 2482 1712 2565 equalitatem
1722 2494 1825 2552 carita·

109 2582 295 2654 interempti.
307 2583 342 2638 st
356 2581 426 2654 quia
440 2598 495 2638 uos
514 2598 566 2655 per
585 2587 705 2653 peccata
720 2585 819 2637 nostra
834 2596 852 2636 a
866 2585 944 2637 terra
996 2580 1035 2636 tis
1050 2579 1198 2653 coangelis
1213 2580 1276 2636 suis
1296 2579 1394 2636 socius
1409 2597 1474 2636 esse
1489 2581 1630 2654 despexit,
1640 2583 1676 2638 de
1691 2581 1762 2640 coelo
1776 2600 1824 2640 ce·

110 2672 274 2728 uiuentium
298 2671 473 2745 peregrinati
498 2687 614 2737 sumus,
634 2670 751 2739 idcirco,
772 2671 849 2726 sicut
871 2669 942 2725 acri·
997 2669 1077 2733 cidit,
1089 2669 1130 2724 ita
1144 2675 1173 2724 et
1187 2667 1229 2724 illi
1247 2668 1296 2740 qui
1312 2669 1449 2740 potestati
1466 2686 1483 2726 a
1498 2670 1556 2726 Deo
1575 2672 1741 2729 constitutas
1756 2689 1824 2746 pro·

113 2767 198 2835 ptum
215 2765 277 2816 est:
291 2760 593 2833 Proffltmaetsacerdos
605 2763 698 2816 ierunt
710 2763 738 2816 iu
750 2768 944 2831 menumquam
996 2763 1061 2830 pter
1073 2762 1166 2813 ὓοηηη
1181 2763 1209 2813 et
1224 2758 1254 2813 in
1270 2758 1328 2815 Deo
1342 2758 1467 2829 subjecti
1484 2775 1549 2816 esse
1564 2758 1678 2828 nolunt,
1694 2766 1723 2818 et
1737 2778 1823 2834 pares

114 2848 290 2920 iesuralem.
306 2848 342 2904 lit
357 2852 424 2920 post
448 2847 509 2904 hac
534 2848 635 2903 omnia
658 2847 724 2919 pius
748 2853 839 2920 pater,
856 2849 943 2919 cujus
995 2846 1041 2904 vel
1055 2845 1218 2919 coequales
1233 2847 1262 2902 in
1279 2861 1367 2919 regno
1387 2846 1493 2904 habere
1514 2865 1573 2905 uon
1598 2849 1754 2918 salierunt,
1771 2868 1823 2925 per

115 2936 219 2993 multis
233 2937 473 2993 miserationibus
488 2953 546 2992 non
562 2953 666 2993 sumus
681 2936 859 3008 reassumpti,
873 2935 944 3008 quia
997 2952 1085 3008 quam
1095 2936 1224 2992 debitam
1235 2935 1446 3007 subjectionem
1452 2939 1482 2992 et
1491 2923 1614 3010 parilem
1625 2938 1820 3012 equalitatem

116 3043 173 3082 aon
189 3026 360 3082 defecerunt
374 3025 578 3083 miserationes
597 3029 673 3097 ejus,
690 3031 824 3082 materna
837 3026 943 3097 pietate
997 3024 1047 3080 Dei
1063 3024 1150 3080 amici
1171 3029 1201 3079 et
1223 3023 1392 3096 angelorum
1418 3029 1569 3082 consortes
1583 3042 1648 3095 ease
1676 3033 1820 3102 poteraut,

115 3132 169 3170 nos
185 3113 324 3187 flagellat,
334 3118 362 3169 et
373 3116 505 3186 expectat
516 3120 548 3169 ut
559 3114 624 3186 ipsa
633 3115 744 3170 vexatio
755 3115 843 3169 donet
859 3114 943 3170 intel-
997 3112 1121 3184 subjecti
1136 3112 1254 3169 diaholo
1268 3116 1297 3168 et
1311 3112 1362 3169 Dei
1376 3113 1488 3171 inimici
1503 3115 1730 3176 constituuntur.
1745 3121 1822 3186 Qua·

115 3203 224 3260 lectum
244 3202 360 3259 auditui
375 3208 485 3267 nostro,
502 3203 573 3275 quia
595 3202 645 3258 illo
660 3203 777 3259 credere
793 3203 942 3260 noluimus
955 3176 979 3253 ii
995 3207 1115 3276 propter
1128 3202 1164 3258 de
1179 3201 1295 3258 diabolo
1310 3202 1452 3275 scriptum
1467 3209 1512 3260 eat
1527 3221 1534 3260 :
1551 3207 1609 3278 lpse
1622 3215 1663 3263 eet
1676 3223 1823 3281 rexsuper

115 3309 178 3365 qua
191 3291 415 3369 perscripturus
430 3292 515 3348 nohis
535 3290 738 3347 se·illaturum
755 3293 900 3363 promisit,
917 3292 943 3348 si
995 3293 1136 3348 universos
1159 3291 1232 3362 filios
1245 3292 1391 3363 superbire.
1408 3291 1443 3347 lit
1456 3291 1536 3348 illius
1560 3294 1701 3366 subjectis
1722 3297 1821 3352 Domi·

116 3381 193 3437 illius
207 3384 389 3437 voluntatem
406 3397 464 3436 non
481 3379 646 3436 fecerimus.
663 3380 697 3436 Et
715 3381 843 3436 ostendit
858 3380 943 3437 uobis
996 3397 1064 3448 nus,
1076 3381 1154 3451 apud
1166 3395 1254 3452 quem
1270 3396 1328 3435 non
1344 3384 1389 3436 est
1401 3379 1614 3438 vicissitudinis
1624 3382 1821 3453 obumbratio,

116 3468 142 3525 in
157 3469 354 3527 exterioribus
377 3468 591 3525 vastationibus
606 3486 670 3542 que
694 3469 730 3524 de
753 3469 943 3526 interioribus
996 3468 1127 3542 quandiu
1143 3468 1173 3523 in
1189 3468 1253 3540 ipso
1266 3467 1344 3523 malo
1359 3471 1555 3541 perseverant,
1567 3485 1683 3544 semper
1692 3472 1723 3528 in
1733 3473 1824 3530 Evan-

118 3557 746 3633 depopulationibusintelligeredebeamus,
758 3561 786 3614 et
797 3558 944 3615 intellecta
996 3556 1071 3632 gello
1086 3556 1156 3612 dicit
1173 3574 1180 3612 ε
1199 3557 1246 3613 Vos
1260 3572 1295 3612 ee
1317 3564 1394 3629 patre
1408 3556 1517 3614 diabolo
1530 3561 1615 3627 estia,·
1638 3578 1697 3619 non
1722 3563 1823 3635 quiaa

119 3648 253 3704 edilium
270 3648 424 3704 redeamus
438 3651 467 3702 et
481 3647 636 3703 credamus
651 3645 721 3718 quia
735 3647 842 3702 iterum
858 3647 942 3702 nobis
996 3645 1111 3701 diabolo
1127 3643 1187 3700 sint
1203 3644 1270 3699 facti
1292 3649 1343 3700 aut
1363 3646 1565 3717 generalised
1580 3648 1650 3721 quia
1670 3649 1820 3709 diabolum

119 3735 309 3808 inscriptura
323 3735 525 3807 multipliciter
539 3735 683 3808 promisit.
697 3735 849 3807 interque
864 3751 943 3790 vera·
996 3739 1067 3790 sunt
1081 3733 1198 3789 imitati.
1210 3733 1389 3806 Repareruus
1401 3750 1470 3806 ergo
1484 3751 1537 3790 nos
1552 3752 1604 3807 per
1617 3740 1820 3811 poenitentiam

121 3826 189 3882 citer
213 3827 294 3882 sicut
308 3823 415 3879 veritas
435 3823 509 3878 dixit
524 3839 531 3878 :
548 3826 727 3881 heoertimiai
741 3824 775 3880 ad
788 3841 841 3890 me,
855 3834 882 3880 et
895 3841 943 3896 epa
997 3828 1025 3881 et
1039 3822 1263 3888 confessionem,
1279 3827 1308 3877 et
1328 3839 1380 3894 per
1393 3821 1603 3897 eleemosynas,
1615 3829 1820 3903 unusquisque

120 3923 239 3972 reuertar
261 3913 296 3968 ad
316 3928 379 3980 ουκ
402 3918 432 3969 et
452 3929 458 3967 :
479 3917 571 3983 Quare
593 3915 752 3969 moriemimi
775 3916 806 3970 iu
827 3915 943 3984 peccatis
996 3910 1821 3992 secundumpossibilitatemsuam;etquantumquisqus

120 4006 230 4063 urum?
246 4003 280 4058 m
296 4002 366 4075 quia
388 4019 447 4058 non
473 4003 653 4058 credidimus
675 4002 865 4074 promittenti,
882 4019 943 4059 cre·
997 4018 1029 4058 se
1044 3998 1256 4072 recognoscite
1275 3999 1333 4055 Deo
1357 4000 1471 4056 aruisse
1499 4017 1552 4073 per
1578 4003 1690 4077 culpas,
1707 4011 1823 4068 tautum

118 4094 224 4150 damus
240 4092 360 4147 tandem
375 4091 534 4163 aliquando
547 4090 590 4146 vel
602 4092 736 4162 juranti:
756 4093 817 4148 five
831 4108 889 4161 epa,
901 4092 944 4147 di·
998 4089 1079 4171 bibat
1093 4087 1329 4160 compunctionis
1351 4104 1411 4144 sore
1433 4087 1587 4162 lacrymas.
1603 4093 1638 4149 llt
1651 4098 1722 4151 tune
1736 4099 1824 4171 profl-

115 4186 146 4242 cit
161 4182 312 4246 floruimus,
327 4181 390 4236 uolo
404 4185 519 4236 mortem
538 4182 698 4253 peccatoria,
714 4181 758 4236 aed
780 4189 810 4236 ut
831 4197 945 4238 coacer-
999 4178 1076 4235 cient
1086 4177 1116 4233 in
1127 4193 1204 4249 aqua
1216 4177 1356 4248 istaquas
1372 4177 1496 4234 facimus
1506 4179 1540 4214 '³⁹
1552 4179 1718 4250 firmitates,
1732 4186 1757 4241 si
1773 4204 1826 4259 per

114 4277 190 4330 tatur
204 4278 231 4327 et
246 4271 331 4324 uiuat.
346 4269 380 4324 lit
395 4267 451 4324 nisi
474 4269 605 4324 conversi
630 4268 782 4335 fuerimus,
795 4268 871 4325 sicut
881 4271 945 4341 Jam
999 4268 1077 4323 bona
1090 4282 1179 4339 opera
1202 4266 1496 4331 restruxerimusm',
1511 4284 1585 4340 quas
1611 4269 1640 4324 iu
1665 4270 1751 4328 nobis
1772 4273 1825 4329 de·

111 4362 265 4427 edemus,
276 4357 407 4431 gladium
422 4374 510 4414 suum
525 4357 649 4414 vibravit
659 4360 716 4426 Μ’,
729 4375 830 4415 arcum
845 4375 945 4426 suum,
1001 4359 1171 4412 struxerunt
1194 4359 1323 4427 peccata,
1339 4354 1482 4410 virtutum
1507 4357 1697 4413 munitiones.
1713 4358 1781 4423 Qua
1797 4365 1826 4417 et

110 4444 140 4508 id
153 4455 206 4508 est
215 4447 562 4515 vindictam,tetendit,et
571 4448 683 4520 paravit
692 4448 728 4503 ad
739 4448 946 4505 excercendum
1000 4449 1070 4501 tunc
1086 4444 1249 4517 proficient,
1262 4444 1286 4500 si
1298 4442 1375 4499 mala
1389 4460 1453 4514 que
1468 4443 1536 4498 lecit
1548 4444 1615 4515 quis
1630 4443 1722 4517 prius,
1740 4453 1827 4519 prout

111 4539 271 4597 duriorem
281 4536 452 4592 vindictam.
463 4536 545 4592 Sicut
559 4537 629 4593 item
639 4538 677 4593 de
691 4537 822 4610 reprobis
835 4536 946 4593 dictum
962 4550 986 4617 ρ
1001 4534 1129 4607 potuerit
1143 4523 1350 4598 emendaverit,
1366 4535 1418 4587 aut
1439 4535 1523 4603 rapta
1547 4529 1696 4599 solvendo,
1710 4539 1762 4591 aut
1775 4551 1827 4609 per

111 4634 159 4686 est
175 4647 183 4684 :
202 4627 291 4697 lpum,
319 4625 447 4698 sulphur,
473 4633 498 4682 et
526 4628 641 4698 spirituc
667 4627 861 4698 procellarum,
881 4643 948 4700 pars
1003 4620 1218 4694 indulgentiam
1232 4619 1425 4691 deprecando,
1443 4623 1495 4675 aut
1509 4619 1588 4676 mala
1606 4625 1702 4680 cetera
1716 4639 1768 4697 per
1783 4626 1826 4681 di·

115 4719 215 4774 calicia
224 4731 330 4771 comm.
339 4714 374 4769 Et
384 4714 439 4770 hcc
447 4715 524 4787 quod
534 4715 668 4771 videmus
679 4719 708 4771 et
715 4714 871 4784 sentimus,
881 4732 949 4787 pars
1002 4727 1091 4784 gnam
1106 4706 1307 4782 penitentiam
1323 4706 1476 4763 abolendo.
1491 4708 1526 4763 Et
1540 4713 1610 4765 tunc
1626 4712 1788 4783 proficient,
1801 4715 1827 4770 si

118 4810 146 4861 et
157 4805 311 4872 vindictam
327 4803 398 4876 quia
422 4804 534 4876 majora
548 4807 577 4860 et
594 4803 680 4877 plura
702 4808 731 4859 et
753 4805 887 4877 graviora
900 4822 948 4860 ve·
1002 4798 1032 4854 in
1048 4803 1115 4854 ante
1140 4814 1171 4853 se
1195 4794 1374 4861 custodierit,
1392 4812 1428 4851 ne
1442 4796 1478 4852 de
1493 4796 1551 4854 illis
1578 4815 1609 4855 se
1638 4801 1768 4859 sordidet
1791 4803 1827 4859 de

122 4895 202 4952 nient
212 4909 303 4966 super
313 4893 445 4959 nosmet
457 4892 601 4949 fuerimus
612 4894 754 4959 conversi,
764 4898 795 4947 ut
806 4894 948 4966 scriptum
1003 4886 1112 4961 quibus
1128 4901 1159 4942 se
1172 4884 1350 4949 emundavit,
1363 4884 1432 4957 quia
1442 4885 1584 4958 scriptum
1599 4893 1658 4945 est:
1672 4893 1826 4959 bauamiui,

127 4989 183 5040 ut:
200 4982 340 5054 meabit
352 4997 403 5054 pre
417 4997 447 5038 eo
465 4983 540 5038 ardu
555 4991 693 5038 terarum
705 4991 801 5038 contra
826 4985 948 5039 insenso-
1002 4976 1100 5033 muudi
1113 4983 1202 5031 estote.
1218 4975 1327 5045 Auferte
1340 4975 1446 5030 matum
1462 4979 1658 5046 captationem
1675 4987 1828 5036 uestrarum

129 5071 374 5137 aedhaesisse
391 5070 465 5127 dicit
482 5069 661 5144 Apostolus:
678 5071 755 5126 Sicut
774 5071 950 5127 exhibuimus
1004 5066 1038 5122 ab
1061 5065 1147 5121 ocutis
1169 5065 1249 5129 mete,
1265 5063 1334 5120 divit
1354 5067 1496 5121 Dominus·
1509 5065 1643 5135 Quietem
1665 5082 1745 5138 uem
1765 5084 1828 5140 per·

130 5161 244 5217 umora
258 5168 353 5217 uestra
376 5175 455 5215 arura
476 5161 632 5232 iniquitatis
645 5167 751 5231 peccato
771 5159 807 5214 ad
829 5162 950 5215 scraien-
1003 5170 1087 5222 uerae,
1103 5153 1197 5209 discite
1212 5154 1458 5224 benefacereouia
1472 5155 1523 5226 qui
1538 5171 1569 5211 se
1584 5154 1828 5228 bonisoperibos,

132 5247 190 5305 mm
201 5249 390 5307 immunditie
406 5257 433 5306 et
447 5250 600 5322 iniquitati,
616 5251 657 5304 ita
673 5249 851 5305 exhibeamus
865 5265 950 5304 mem-
1004 5247 1034 5301 et
1047 5242 1194 5316 lacrymis,
1210 5246 1239 5298 et
1262 5243 1444 5300 orationibus
1467 5261 1484 5298 a
1506 5247 1625 5316 peccato
1650 5245 1784 5314 mundat,
1795 5251 1830 5304 et

134 5336 174 5393 tra
187 5346 282 5396 uestra
296 5340 399 5394 seruire
418 5339 539 5409 justitiae
554 5340 584 5394 iu
607 5336 862 5408 sanctificationem.
879 5336 952 5403 Quia
1006 5336 1111 5391 iterum
1127 5331 1226 5406 gravis
1251 5337 1369 5405 peccata
1388 5336 1545 5404 perpetrat,
1556 5331 1624 5389 talis
1648 5337 1701 5405 est,
1713 5339 1746 5391 ut
1760 5353 1829 5394 san·

806 5442 927 5498 VARIAE
946 5440 1154 5501 cucumulae.

133 5526 391 5590 ·'⁸⁷⁸·vtbravitS.
429 5505 985 5605 ⁹⁷⁹Sirmeudusruaeruposuttfecimus
1006 5523 1081 5591 ola.
1120 5529 1164 5568 '³⁸‘
1181 5529 1830 5607 SicmauupoauitSirmoudus3atteqittaa·

131 5613 185 5667 tum
199 5604 225 5666 si
244 5605 472 5666 restruxerimus
488 5606 563 5666 aaa.
579 5604 605 5663 si
620 5605 698 5664 bona
711 5605 943 5667 destruxerimus
956 5606 985 5686 3,
1825 5641 1828 5645 ·
