3878 6098
59 311 149 376 1097‘
452 313 673 384 eruuntur..
697 313 939 375 caussatur.
964 315 1014 380 ΕΤ
1037 316 1221 381 suerunt.
1244 316 1389 380 thllAE.
1695 316 1775 379 tuus

54 446 128 501 bota
138 445 288 518 improvisi
300 443 754 516 regisadrentu.srdsururaeum
764 445 885 512 lumine,
903 448 929 514 Α
945 449 1254 523 delinquendisitque
1269 451 1296 506 in
1314 467 1349 506 ea
1363 456 1444 507 ousta
1458 450 1656 522 virginitas‚et
1670 454 1773 507 ornata

51 540 83 590 et
101 534 322 608 precedentium
338 533 485 606 virginum
512 535 598 590 choro
618 536 722 604 juncta
747 539 889 602 oet-unu,
948 537 1066 610 pariter,
1083 545 1113 595 ct
1127 544 1253 608 armata,
1270 538 1326 595 lide
1341 538 1465 612 integra,
1482 557 1534 612 spe
1548 545 1636 606 certa,
1653 538 1774 595 caritate
1854 603 1863 621 Ι

53 628 85 681 et
99 641 156 681 non
168 623 340 681 excludatur
350 640 416 678 curn
428 623 538 690 stulte,
551 623 677 695 regalem
684 624 807 692 januam
824 641 891 679 cunr

52 713 242 787 sapientibus
257 712 421 785 uirginibus
446 711 568 768 licenter
582 711 719 778 introeat,
735 718 763 768 et
779 713 807 767 in
822 714 892 786 agni

53 804 101 860 tui
118 802 258 860 contituta
274 807 414 874 perpetuo
431 801 593 874 probabilis
607 818 746 856 mansura
757 801 890 858 castitate

52 895 238 966 permaneat.
255 892 308 946 Per
323 890 459 946 eundem.
478 891 671 946 ttenutictioue
695 891 805 962 cepta
831 893 888 961 rpi-

52 998 153 1053 srcpus
175 982 268 1035 mittat
292 980 417 1035 tulumcu
439 996 519 1051 super
543 983 625 1051 eaput
649 980 736 1051 ipsius
761 980 898 1050 uirpt'ut‘s.¹

52 1071 163 1142 Accipe
179 1069 308 1124 velamen
325 1086 439 1124 sucrum
457 1067 562 1140 puella,
576 1068 653 1140 quod
675 1069 809 1140 pruteras
824 1067 888 1124 sine

54 1155 175 1213 macula
195 1162 262 1212 ante
282 1156 411 1212 tribunal
430 1158 481 1212 unt
499 1157 541 1211 uri
560 1157 611 1211 thu
629 1157 681 1228 Xpi
699 1157 744 1211 eui
763 1157 888 1212 ssectitur

54 1265 146 1302 omne
171 1264 246 1319 genu
274 1246 447 1310 caelestium,
464 1246 647 1300 terrestrium
661 1251 690 1299 et
706 1246 886 1301 internorum

53 1337 87 1392 in
104 1335 211 1391 sucula
232 1334 420 1390 sucularum.
436 1336 539 1390 [tinen.
559 1336 631 1389 Tunc
656 1338 813 1389 rnrrtrturn
829 1336 885 1388 cir·-

52 1425 258 1480 euutstuutitrus
278 1424 312 1478 nil
331 1424 455 1491 uinqtttus
478 1424 639 1494 rtrttipttuun.
657 1423 755 1479 luduit
770 1439 815 1476 me
831 1427 886 1476 tto-v

53 1514 157 1570 minus
173 1513 281 1569 ciclade
292 1529 363 1569 auro
375 1517 452 1568 texta
463 1517 491 1568 et
504 1511 657 1568 immensis
671 1511 833 1567 monitibus
842 1527 886 1566 or·

54 1604 139 1660 navit
152 1619 208 1658 me.

218 1691 311 1747 tlratt'o
331 1694 389 1762 pest
405 1695 573 1762 nsuurrmturu
589 1691 722 1745 celatura.

947 627 1071 694 sirteeru,
1081 634 1111 682 ut
1123 633 1284 700 preparata
1293 628 1401 695 auimo,
1411 629 1446 684 ad
1458 628 1670 684 continentiam
1681 627 1779 683 uirtus

946 716 1776 790 tantaprestetur,quusuperetdiaholiuniuersaflgtnen=

945 808 984 874 ta,
1001 811 1089 878 atque
1103 806 1318 861 contemnendo
1342 806 1498 878 presentie
1520 807 1620 863 lutura
1635 811 1772 861 sectetur.
1838 827 1841 833 ·

943 893 1775 968 Jejuniaepuliscarnotibusproteret,etleetionessoeras

943 987 972 1039 et
982 983 1127 1040 orationes
1141 983 1279 1040 conviviis
1294 986 1324 1039 et
1339 983 1538 1056 potationibus
1554 987 1723 1055 anteponat,
1740 987 1774 1039 ut

943 1071 1775 1144 orationibuspastaeteruditionibusexpleta,iltumiuete

941 1159 1050 1232 vigiliis
1061 1178 1135 1231 opus
1146 1161 1244 1233 gratiae
1253 1160 1404 1233 virginalis
1416 1166 1556 1217 exerceat.
1569 1159 1619 1216 llis
1629 1160 1773 1216 virtutum
1797 1189 1809 1203 ι

943 1248 1115 1304 arnrishauc
1124 1256 1204 1304 tuam
1217 1250 1357 1305 tumulum
1369 1251 1493 1305 interius
1504 1250 1773 1320 exteriusqueuont·

942 1338 1090 1403 muniens,
1113 1343 1219 1409 presta
1243 1339 1417 1393 inette-usum
1448 1356 1569 1394 cursum
1585 1335 1781 1411 wirgiuitutiq-

941 1426 1074 1499 implere.
1091 1427 1154 1483 Per.

1192 1516 1232 1571 rid
1245 1516 1382 1571 aruruturu
1396 1515 1526 1571 dandum.
1801 1586 1809 1593 ῃ

977 1604 1085 1677 Accipe
1100 1604 1245 1661 annulum
1266 1605 1345 1676 fidei,
1361 1603 1547 1677 signaculum
1561 1604 1687 1678 Spiritus
1702 1621 1773 1662 sau,-

941 1694 990 1761 eti,
1009 1698 1041 1749 ut
1056 1711 1166 1766 sponsa
1181 1693 1231 1750 Dei
1245 1694 1358 1750 'voceris
1371 1695 1394 1749 si
1411 1693 1436 1750 ei
1454 1693 1578 1750 fideliter
1592 1692 1736 1763 servieris.

92 1779 244 1836 Faunnlum
268 1784 350 1835 tuam
374 1778 495 1834 hunrine
520 1783 577 1833 tutu
605 1778 739 1834 custodia
768 1777 884 1832 muniat
899 1815 922 1879 B
973 1783 1080 1856 Accipe
1095 1782 1213 1855 signum
1229 1782 1337 1838 Christi
1353 1783 1499 1855 incapite,
1511 1783 1773 1855 utuxorejusettl·

55 1869 183 1942 pietatis,
201 1875 233 1924 ut
247 1867 430 1925 continentie
446 1872 553 1922 sumta¹
565 1866 746 1939 propositum
763 1867 840 1938 quod
856 1871 883 1921 te

54 1958 218 2031 inspirante
229 1957 403 2029 suscepit,te
415 1961 583 2028 protegente
594 1955 718 2011 illesum
729 1955 883 2011 custodiat.

54 2049 188 2120 Sequitur
201 2047 363 2117 urrtiptrouu.
381 2045 440 2117 ipsi
465 2062 532 2099 sum
557 2045 734 2116 desponsata
755 2044 812 2111 cui,
829 2050 884 2099 etc.

57 2143 98 2192 tta
108 2152 279 2208 quesumus
290 2135 474 2205 outrripotcns
488 2141 573 2201 heus,
585 2140 618 2188 ut
629 2133 689 2189 hine
702 2132 812 2188 lurnuln
823 2136 884 2200 tuo,

56 2242 122 2298 quae
139 2239 258 2297 prospe
274 2222 475 2279 retributionis
491 2227 603 2277 telerna
620 2223 673 2278 tibi
695 2222 817 2278 Domino
832 2222 885 2277 de·

55 2316 168 2371 siderut
182 2311 356 2372 consecrari.
374 2311 461 2384 plena
484 2312 541 2367 tide
564 2311 723 2385 animoque
738 2311 767 2366 in
784 2314 885 2367 sancto

58 2403 210 2477 proposito
234 2405 413 2473 permaneat.
429 2401 473 2455 'tu
490 2417 565 2456 eam
593 2401 779 2473 omnipotens
803 2400 887 2456 Pater

58 2492 244 2549 sanctificare
257 2495 286 2544 et
307 2488 477 2544 benedicere
492 2494 521 2543 et
536 2491 565 2544 in
581 2493 753 2560 perpetuum
769 2505 884 2544 cunser-

56 2599 126 2640 vare
145 2579 284 2654 digneris.
300 2579 407 2633 Tribue
433 2577 459 2633 ei
483 2576 691 2647 humilitatem,
708 2578 884 2644 castitatem,

57 2666 455 2737 obedientiam,caritnten1et
465 2669 597 2723 omniunt
609 2669 752 2723 bonorum
763 2683 884 2739 operum

57 2760 265 2836 quantitatem.
281 2763 323 2813 tta
338 2757 363 2813 ci
380 2756 499 2813 Doniinc
524 2774 575 2829 pro
600 2757 737 2829 operibus
749 2755 884 2829 gloriam,

56 2867 110 2924 pro
126 2849 237 2922 pudore
253 2846 453 2912 reverentiam,
470 2863 522 2917 pro
544 2844 685 2917 pudicitia
699 2844 884 2900 sanctitatem

56 2947 90 2996 ut
105 2939 143 2995 ad
160 2938 297 2993 meritum
323 2933 415 3008 possit
439 2934 536 3006 gloria
557 2933 716 3005 pervenire.
733 2933 795 2988 Per.
813 2934 886 2988 Tunc

55 3032 216 3085 ruutctura
232 3025 470 3081 circumstantibus
486 3024 646 3095 antiphona.
656 3022 756 3078 Posuit
766 3022 883 3094 signnm

56 3119 87 3174 in
103 3118 209 3173 taciem
225 3130 331 3181 meam,
348 3120 380 3169 ut
395 3111 507 3169 nullum
526 3120 629 3184 prater
643 3129 709 3167 eunt
724 3117 884 3168 amatorem

940 1872 1081 1933 cluniset
1097 1870 1122 1927 si
1139 1871 1168 1926 in
1183 1888 1216 1927 eo
1232 1870 1439 1942 permanseris,
1456 1871 1485 1926 in
1501 1874 1676 1944 perpetuum
1692 1887 1772 1927 eoro-

941 1959 1029 2016 neris.

976 2052 1089 2106 trierim
1103 2049 1214 2105 dicutur
1223 2050 1373 2120 orttipttmut
1384 2068 1394 2104 .·
1409 2048 1525 2104 Annulo
1539 2066 1594 2104 suo
1605 2048 1782 2104 subarravit·

940 2156 986 2194 me
998 2139 1139 2194 Doruinus
1154 2156 1239 2194 orcus
1248 2138 1335 2194 lesus
1345 2138 1479 2192 Christus
1489 2141 1518 2192 et
1528 2141 1670 2208 tanquam
1681 2152 1768 2208 spon·

940 2244 1003 2283 sam
1019 2227 1165 2283 decorarit
1176 2244 1222 2283 me
1232 2244 1348 2282 corona.
1360 2226 1489 2298 Sequitur
1504 2225 1662 2282 terreturio.
1679 2229 1768 2282 Beue·

939 2316 1018 2371 dieat
1034 2322 1062 2372 te
1075 2315 1208 2372 conditor
1223 2315 1287 2370 coeti
1301 2320 1329 2371 et
1344 2321 1426 2371 terre
1442 2314 1520 2370 Deus
1537 2316 1620 2370 Pater
1633 2313 1781 2386 omnipo··

939 2411 1015 2472 tens,
1027 2406 1077 2477 qui
1089 2410 1116 2461 te
1127 2405 1233 2479 eligere
1244 2406 1383 2478 dignatur
1392 2406 1427 2459 ad
1441 2410 1547 2460 sauctae
1559 2404 1768 2461 Merismatris

940 2494 995 2550 Dni
1012 2494 1055 2550 nri
1072 2493 1131 2549 thu
1142 2494 1210 2567 Xpri
1225 2494 1416 2558 consortium,
1429 2498 1461 2548 ut
1472 2493 1615 2566 integram
1626 2495 1656 2548 et
1665 2492 1769 2548 immu-

939 2583 1066 2639 eututom
1083 2583 1291 2656 virginitatem,
1303 2600 1392 2655 quum
1408 2583 1542 2655 professa
1555 2598 1586 2638 es
1601 2597 1699 2637 eorem
1716 2584 1779 2637 tto-‘

937 2672 1019 2734 nrino
1035 2677 1064 2728 et
1079 2671 1192 2744 angelis
1204 2673 1269 2742 ejus
1284 2687 1447 2737 conserves,
1459 2669 1642 2743 propositum
1655 2674 1766 2738 teneus,

939 2760 1102 2816 castitatem
1127 2760 1245 2833 diligas,
1262 2759 1433 2832 patientiam
1462 2774 1570 2828 serves,
1585 2763 1614 2814 et
1628 2773 1767 2815 coronam

939 2847 1115 2922 virginitatis
1131 2849 1260 2920 accipere
1274 2846 1424 2904 merearis.
1443 2847 1504 2902 Per.

974 2943 1038 2994 Post
1053 2937 1112 2995 truc
1128 2938 1285 3010 relinquens
1308 2953 1396 2993 cereos
1414 2936 1509 3009 puettu
1529 2936 1626 3008 atteret
1648 2936 1766 2993 oblatio-

937 3044 1010 3082 nem.
1028 3029 1127 3083 lterum
1141 3027 1276 3099 accipiens
1289 3034 1449 3091 aerecatttu
1463 3025 1607 3093 inclinata,
1616 3024 1768 3097 usquedum

938 3118 1127 3183 renunciaret,
1143 3123 1169 3171 et
1181 3118 1267 3172 missu
1288 3113 1408 3188 finietur
1430 3113 1526 3170 ordine
1545 3120 1768 3186 summaquense

57 3207 225 3264 admittam.
241 3204 361 3259 ntuetr
377 3204 514 3274 tpt'sropus
534 3202 747 3257 iurisdictionem
762 3183 921 3257 natumst
940 3207 1128 3271 comruuuicet
1146 3212 1262 3261 reservet
1286 3203 1319 3259 de
1343 3206 1403 3275 ipsa
1426 3204 1617 3260 corrrmuaioas
1636 3205 1768 3276 usquein

56 3295 180 3369 apostati
201 3309 283 3364 super
302 3309 373 3348 crire.
388 3294 433 3347 er.
452 3296 527 3346 Deus
550 3290 710 3363 plasmator
728 3306 884 3361 corporum

58 3387 176 3442 atllutor
187 3383 365 3451 animarum,
377 3380 428 3452 qui
443 3379 551 3435 nullam
568 3379 682 3451 spernis
697 3382 884 3444 tutaturumon

57 3486 164 3532 sexum
188 3469 337 3542 reprobas,
354 3467 464 3524 nullam
493 3467 689 3523 conditionem
715 3467 810 3539 gratia
835 3472 886 3522 tua

57 3563 144 3619 ducis
160 3559 328 3633 indignam;
341 3557 391 3613 sed
406 3557 537 3613 omnium
554 3555 675 3628 aqualis
690 3560 802 3611 creator
816 3572 847 3611 es
857 3559 886 3610 et

58 3653 226 3717 redemtor;
242 3646 365 3703 tu'hanc
380 3644 521 3702 tumulum
543 3650 637 3711 tuam,
652 3661 741 3716 quam
757 3660 792 3699 ex
805 3642 885 3699 omni

57 3755 184 3797 nurnero
190 3731 885 3810 gregispastorbonuseligereadconserrandam

57 3844 199 3886 cononem
216 3829 362 3899 perpetuen
377 3822 554 3896 virginitatis
565 3826 592 3878 et
603 3819 807 3878 castanentum
823 3818 885 3876 ani·

59 3910 888 3989 medignatuses;tueprotectionisscutocircumtegant

59 3997 888 4075 adomneopusuirtutisetgloria‚nrugistruntesapientia

60 4110 203 4166 praepara,
217 4097 248 4148 ut
257 4090 397 4147 innocens
408 4088 504 4145 curnis
516 4087 677 4154 illecebras,
690 4092 719 4143 et
730 4086 809 4141 licita
822 4102 888 4140 con·

60 4182 162 4247 nubio,
176 4196 313 4237 recusans
326 4176 513 4234 insolubilem
532 4175 595 4233 Filii
610 4175 653 4231 tui
666 4174 780 4232 [tornini
795 4174 887 4230 nostri

60 4271 132 4327 lesu
147 4269 255 4326 Christi
271 4267 405 4341 copulam
421 4271 584 4341 mereatur.¹
595 4265 668 4321 Hinc
684 4265 811 4337 petimus
833 4269 886 4318 tto-

61 4360 153 4428 miue,
170 4374 253 4415 arma
280 4372 422 4429 suggeras
448 4372 507 4410 nan
535 4352 674 4417 carnalia,
691 4353 741 4409 sod
766 4351 888 4424 spiritus

60 4452 168 4503 virtute
187 4445 327 4518 potentia,
354 4448 386 4500 ut
409 4448 436 4499 te
462 4443 612 4498 muniente
640 4442 704 4512 ejus
732 4457 837 4498 sensus
860 4446 889 4497 et

939 3294 1011 3350 diem
1038 3301 1171 3358 octuuuru,
1186 3297 1217 3348 ut
1246 3292 1310 3348 iude
1331 3294 1510 3348 comeruuicet
1525 3293 1609 3362 (225).
1627 3293 1703 3347 Etsi
1716 3299 1765 3357 est,

939 3385 988 3454 qui
1001 3386 1029 3439 ei
1040 3384 1225 3440 testimouium
1237 3381 1388 3452 pertitinet,
1402 3381 1495 3435 mittet
1509 3395 1569 3435 eant
1582 3381 1721 3450 episcopus
1735 3379 1766 3434 in

938 3489 1038 3528 ritanus
1052 3489 1115 3527 suus
1130 3471 1223 3526 diceus
1238 3488 1246 3523 :
1263 3468 1365 3524 Videte
1380 3467 1527 3540 quomodo
1543 3467 1629 3524 istum
1645 3465 1703 3523 Deo
1718 3483 1765 3524 su·

940 3566 1050 3617 eratum
1067 3563 1256 3632 representes
1270 3555 1490 3612 immacutatum
1500 3553 1767 3612 anteiribuuulDui

940 3649 986 3705 nri
1001 3649 1065 3721 Xpi.

1188 3737 1255 3792 trem
1268 3737 1352 3810 ιιιιιιιι
1366 3735 1515 3804 uirginum.

976 3827 1040 3883 Tibi
1057 3826 1130 3882 dixit
1153 3843 1203 3881 cor
1223 3841 1332 3880 nisum.
1349 3829 1395 3879 Ρι.
1412 3822 1555 3878 Dominus
1579 3819 1766 3879 illuminatio.

941 3917 984 3972 Da
999 3931 1169 3988 quesumus
1191 3912 1314 3969 Domine
1334 3911 1445 3969 ancille
1461 3915 1517 3966 tue
1533 3927 1622 3982 quam
1636 3909 1766 3985 virginit.

942 4007 988 4062 Gr.
1007 4005 1142 4062 Miserere
1164 4002 1221 4058 mei
1245 4002 1333 4057 Deus.
1351 4002 1375 4062 t.
1393 3999 1502 4056 Misitd
1536 3999 1618 4055 coelo.
1633 3996 1768 4063 Alleluia.

942 4095 1041 4151 Lauda
1052 4094 1151 4148 anima
1162 4108 1227 4147 mea
1237 4091 1405 4147 Dominum.
1418 4089 1469 4161 Off.
1482 4089 1605 4160 Sperent
1615 4088 1644 4144 iu
1655 4093 1693 4144 te.
1706 4087 1767 4145 Suc.

942 4183 1052 4240 Oblatis
1068 4180 1172 4237 hostiis
1187 4180 1318 4236 Domine.
1331 4181 1408 4251 lutra
1423 4195 1485 4235 cau.
1499 4176 1580 4235 Hanc
1592 4175 1769 4249 igiturobta·

941 4273 1062 4328 tionem.
1079 4271 1213 4326 benedict.
1231 4269 1354 4324 Douriae
1366 4273 1443 4325 Deus
1458 4270 1573 4332 eterne,
1589 4265 1639 4336 qui
1656 4268 1769 4321 utrum·

942 4377 999 4434 que
1013 4377 1115 4416 sexum
1131 4359 1167 4414 de
1183 4358 1301 4414 interitu
1317 4360 1463 4428 perpetuae
1482 4352 1585 4409 mortis
1600 4351 1768 4424 pertesum

942 4449 1091 4505 Christum
1101 4447 1207 4505 Filium
1217 4451 1301 4502 tuum
1318 4446 1353 4500 de
1366 4443 1458 4499 Maria
1468 4440 1587 4513 Virgine
1602 4444 1704 4497 natum
1716 4438 1769 4495 mi·

62 4537 197 4593 membru
207 4535 237 4593 in
247 4536 311 4606 ejus
326 4550 445 4605 corpore
459 4537 489 4588 el
502 4531 600 4588 animo
617 4548 674 4586 110ss
688 4529 781 4604 possit
796 4530 888 4586 domi·
905 4554 927 4618 p
943 4537 1129 4593 sericorditer
1143 4532 1304 4601 redemisti,
1320 4532 1395 4587 hanc
1411 4528 1553 4586 famulam
1568 4532 1651 4584 tuam
1667 4527 1771 4593 devota

62 4627 124 4682 uari
138 4629 301 4698 peccatum,
313 4627 400 4694 atque
411 4622 466 4678 sub
479 4627 527 4677 tuu
538 4619 632 4693 gratia
651 4619 745 4676 virere
760 4619 888 4691 cupienti

63 4714 135 4770 nihil
151 4712 207 4768 sibi
229 4714 364 4768 defensor
379 4711 522 4767 malorum
539 4715 567 4764 et
581 4709 718 4765 iuimicus
734 4709 889 4778 bonorum,

63 4802 168 4858 dehoc
197 4817 264 4857 vase
286 4801 351 4872 jam
381 4798 491 4854 nomini
518 4803 567 4852 tuo
595 4802 709 4852 sacrato
735 4796 890 4868 prevaleat

64 4892 225 4948 vendicare.
238 4889 362 4945 Omnem
373 4888 462 4943 etiam
478 4887 639 4959 genuinum
656 4885 780 4941 calmum
797 4886 891 4939 irnbrr

64 4980 163 5051 gratie
179 4985 234 5033 tua
255 4976 383 5033 coelestis
405 4976 573 5048 extinguat;
591 4974 689 5028 lumen
707 4991 772 5028 vero
789 4990 889 5045 perpe·

64 5071 118 5125 tus
128 5067 273 5125 castitatis
283 5067 423 5123 accendat
436 5083 441 5121 :
455 5065 543 5121 sanies
557 5063 703 5121 scandalis
716 5064 822 5136 pudica
833 5081 891 5120 non

65 5163 171 5230 patent,
187 5173 240 5214 nec
255 5157 372 5214 incaute
387 5154 568 5212 occasionem
586 5154 695 5209 tribuat
711 5151 893 5227 neglegentia

98 5317 176 5391 (223)
192 5318 276 5373 [litus
291 5317 339 5373 bic
354 5317 442 5372 dandi
467 5331 580 5372 sacram
598 5315 734 5381 hostiam,
750 5316 826 5371 unde
841 5334 893 5388 per

64 5389 216 5446 octiduum
233 5387 430 5444 communiret
442 5387 574 5459 virgaut
584 5386 652 5442 olim
664 5387 692 5442 iu
711 5387 893 5443 ordinatione

63 5458 239 5517 sacerdotali
268 5476 324 5516 usu
345 5459 489 5525 veniebat,
508 5459 707 5530 prescribitur
726 5458 755 5512 iu
772 5460 830 5513 ani
857 5476 893 5513 uo

64 5531 173 5589 Ordine
188 5530 221 5587 ll.
233 5531 381 5602 variisque
394 5529 479 5585 libris
495 5528 713 5600 pontificatibus
728 5531 804 5600 apud
852 5548 895 5586 nr-

61 5605 189 5672 teuiuru,
204 5601 256 5665 tib.
272 5618 303 5672 ιι,
318 5602 355 5661 de
369 5600 460 5677 antiq.
478 5599 556 5661 Eccl.
573 5600 642 5672 tut..
657 5619 683 5661 o.
698 5602 726 5671 a,
739 5618 768 5661 n.
784 5603 828 5664 15.
844 5602 893 5666 tti-

223 5728 356 5794 Ptrnou.
378 5728 568 5835 Cttxxvltl.

945 4634 1040 4684 mente
1056 4625 1108 4681 tibi
1133 4623 1306 4680 servientem
1329 4618 1407 4675 omni
1425 4617 1627 4675 benedictione
1642 4615 1769 4690 spiritali

944 4715 1114 4771 benedicere
1129 4712 1260 4784 dignare.
1276 4711 1378 4764 Amen.
1396 4706 1432 4765 tu
1448 4707 1591 4779 integram
1614 4706 1702 4763 tidem
1718 4706 1770 4761 ba·

945 4804 1020 4870 beat,
1032 4807 1060 4857 et
1072 4801 1100 4855 in
1113 4797 1266 4871 preceptis
1287 4795 1360 4871 tegis
1385 4801 1440 4851 tua
1465 4810 1583 4866 semper
1596 4797 1770 4868 perseveret,

943 4895 1059 4948 terrena
1072 4893 1101 4944 ct
1114 4884 1283 4942 transitoria
1298 4883 1564 4956 despiciatutcrua
1574 4889 1602 4939 et
1613 4880 1772 4938 inuisibilia

944 4982 974 5036 in
990 4983 1071 5035 tanta
1094 4975 1282 5032 meditatione
1302 4972 1414 5046 diligat.
1431 4974 1533 5029 Anien.
1550 4971 1586 5027 Ut
1602 4972 1631 5026 in
1647 4985 1771 5026 numero

945 5073 1113 5127 sanctarum
1121 5064 1269 5136 virginum
1281 5079 1456 5135 permanens
1467 5059 1575 5118 coelesti
1587 5074 1694 5130 sponso
1702 5073 1777 5114 cunt

945 5155 1132 5233 lampadibus
1140 5154 1283 5210 bonorum
1295 5168 1416 5224 operum
1429 5148 1770 5216 fiducialiteroccurrere,

948 5322 996 5373 tus
1012 5315 1058 5370 hie
1075 5315 1103 5369 in
1123 5312 1292 5369 triduanam
1306 5307 1542 5366 communionem
1558 5310 1773 5365 esteommuta·

947 5395 1006 5452 tus,
1023 5392 1055 5442 ut
1081 5383 1284 5459 prescriptum
1309 5381 1399 5437 tradit
1418 5381 1480 5438 tos.
1495 5378 1653 5435 (talotenus
1667 5394 1701 5434 ex
1715 5393 1771 5434 ms.

949 5462 1087 5521 Vaticano.
1105 5456 1172 5513 circ.
1190 5472 1258 5513 ann.
1276 5453 1374 5523 tout
1391 5450 1580 5510 lummene.
1609 5450 1640 5516 in
1666 5448 1773 5515 Pontii.

950 5532 997 5599 u..
1014 5547 1042 5606 p.
1058 5529 1120 5587 362.
