3878 6098
108 281 169 345 997
732 276 918 342 tubicinat
941 272 1208 340 venalitatis.
1239 312 1243 319 ·

107 408 236 478 camina,
265 408 300 464 ut
327 409 357 465 iri
387 410 513 483 pristina
541 411 706 468 sanitates
730 416 757 469 te
785 412 939 470 restitutus
954 409 1249 493 Aconsolationibus
1275 409 1340 469 suis
1363 410 1494 481 adtollat,
1509 412 1618 486 quibus
1641 420 1670 472 et
1693 417 1728 474 de
1752 432 1823 493 pra·

108 499 387 576 gratiarumtibiin
403 499 590 558 eeclesiatua
606 518 696 557 sanus
720 502 827 558 referat
850 502 941 558 actio·
995 501 1069 558 senti
1105 504 1304 571 consequatur
1337 500 1479 559 auxilinm
1504 507 1535 561 et
1561 508 1668 562 eterna
1694 509 1821 566 remedia

107 590 295 648 nes.Ps.lld
320 589 406 646 Dum.
432 606 494 646 cam
517 590 626 647 Gloria·
651 590 726 647 Oret.
750 592 857 648 Adesto
881 595 941 646 Dne
995 588 1313 662 comprehendatper.
1408 639 1411 643 .

108 678 378 753 supplicationibus
412 679 531 749 uostris,
560 696 614 736 nec
642 680 681 736 sit
708 680 745 736 ab
772 680 837 737 hoc.
868 680 941 736 lite.
1061 677 1267 750 ltisscqaoado
1282 681 1757 752 enimeiacponeeaitectebont.
1820 695 1824 698 “

108 767 328 842 Duelthpe,
346 768 444 842 quies
469 768 590 825 salvatio
615 773 643 826 et
667 768 807 826 redemtio
830 771 940 836 nostra,
1031 768 1092 824 lat.
1114 766 1377 825 Circumdederunt
1408 786 1455 827 me
1482 771 1610 843 gemitus
1637 772 1750 830 mortis.
1776 775 1823 830 Pr.

110 857 209 932 etqui
225 872 338 914 esvera
359 855 440 914 salus
464 862 493 915 et
519 858 822 932 medicina,etaquo
846 855 942 914 omnis
995 856 1121 930 Diligam
1151 860 1180 913 te
1210 857 1282 914 Dne.
1312 857 1504 931 Omnipotens
1530 859 1708 933 sempiterne
1733 862 1823 931 Deus,

109 946 227 1004 sanitas
242 948 270 1002 et
285 946 532 1003 medicamentum
552 946 634 1004 venit
649 965 656 1004 :
674 947 725 1020 qui
750 944 874 1020 apostoli
899 944 942 1001 tui
996 948 1182 1002 conservator
1202 945 1378 1016 animarum,
1395 946 1444 1020 qui
1472 964 1546 1020 quos
1567 948 1666 1024 diligis
1689 951 1823 1026 corripis,

106 1052 182 1093 voce
201 1051 254 1091 nos
280 1034 412 1104 instruis,
429 1038 462 1091 ut
485 1035 641 1110 languidos
665 1036 721 1093 olai
741 1035 855 1110 liquore
878 1039 941 1092 tan·
997 1039 1026 1091 et
1040 1051 1113 1107 quos
1129 1034 1236 1107 recipis
1255 1034 1304 1108 pia
1327 1035 1532 1093 emendatione
1555 1054 1681 1107 coerces,
1697 1044 1725 1096 te
1746 1041 1824 1097 invo·

111 1127 218 1198 gentes
243 1128 300 1181 tuae
329 1122 513 1197 postulemus
541 1125 771 1182 misericordiam
806 1124 941 1198 pietatis,
997 1140 1100 1179 camus
1122 1122 1193 1191 Due,
1212 1127 1243 1178 ut
1266 1123 1409 1181 medelam
1435 1128 1518 1181 tunm
1539 1127 1669 1184 conferre
1695 1128 1825 1203 digneris

110 1212 228 1287 respice
251 1213 395 1287 propitius
421 1230 510 1286 super
532 1213 610 1270 huuc
637 1213 780 1270 famulum
805 1218 889 1268 tuum
907 1213 942 1268 ab
998 1213 1108 1268 famulo
1133 1217 1193 1284 tuo,
1214 1212 1263 1285 qiii
1287 1213 1317 1268 iu
1341 1230 1461 1286 corpore
1485 1214 1596 1288 patitur
1624 1217 1824 1275 membrorum

108 1301 165 1358 illa
181 1301 308 1359 mirabili
324 1302 464 1359 sumitate
485 1301 635 1371 coelorum,
652 1307 685 1358 ut
709 1320 796 1376 quem
820 1302 945 1376 languor
998 1298 1190 1369 debilitatem,
1206 1301 1265 1355 vim
1294 1300 1413 1370 laboris,
1440 1302 1576 1361 stimulos
1599 1305 1802 1364 infirmitatum

111 1395 216 1448 curvat
230 1392 267 1447 ad
289 1391 410 1458 exitum,
426 1395 454 1447 et
477 1391 584 1449 virium
610 1393 770 1450 contractio
790 1394 853 1464 jam
878 1408 944 1464 per·
998 1389 1037 1445 da
1051 1389 1076 1445 ei
1092 1388 1212 1445 Domine
1226 1389 1351 1463 gratiam
1371 1395 1453 1447 tuam
1477 1392 1507 1447 iii
1531 1393 1603 1449 hora
1626 1395 1722 1452 exitus
1747 1395 1827 1452 illins

111 1480 205 1536 trabit
221 1480 255 1536 ad
271 1497 419 1548 occasum,
438 1480 551 1537 medela
575 1484 631 1537 ture
656 1480 756 1556 gratie
779 1480 866 1538 saluti
883 1495 942 1536 rcs-
1002 1479 1038 1534 de
1053 1494 1182 1550 corpore,
1199 1481 1230 1534 ut
1254 1478 1365 1550 absque
1388 1479 1498 1551 peccati
1521 1482 1637 1539 macula
1657 1484 1709 1540 tibi
1732 1484 1828 1541 daturi

109 1569 203 1625 titnat
232 1569 419 1643 castigatum.
441 1570 583 1644 Extingue
607 1570 636 1626 in
661 1571 762 1627 eodem
785 1569 944 1627 libidinum
998 1566 1115 1639 proprio
1131 1583 1182 1640 per
1203 1583 1309 1623 manus
1334 1571 1504 1625 sauctorum
1528 1571 1699 1645 augelorum
1723 1589 1828 1647 repra-

111 1662 144 1716 ct
168 1656 294 1715 febrium
317 1663 411 1728 actus,
427 1658 561 1715 dolorum
588 1658 734 1728 stimulos,
751 1676 784 1716 ac
807 1658 956 1714 vitiorum‘
999 1656 1107 1712 scalari
1124 1661 1272 1714 mereatur
1286 1657 1350 1728 ejus
1366 1657 1474 1714 anima.
1491 1657 1554 1714 Per.

113 1745 249 1821 opprime
278 1747 437 1816 cruciatus,
464 1748 682 1822 egritudinum,
698 1753 727 1805 et
750 1748 982 1862 cupiditatumB
1378 1747 1452 1803 Alie.

113 1839 265 1894 tormenta
293 1836 431 1906 dissolve,
460 1837 604 1911 superbiae
633 1836 826 1904 inflationem,
856 1835 943 1893 timo·
1034 1833 1229 1892 afflictionem
1245 1833 1349 1891 famuli
1364 1834 1407 1890 tui
1428 1852 1599 1908 quesumus
1622 1842 1683 1894 Due
1707 1838 1829 1898 intende

115 1941 240 1998 remque
255 1941 418 1998 compesce,
435 1924 534 1982 ulcere
558 1930 586 1982 et
609 1926 779 2000 putredines
807 1925 944 1981 vitiorum
1000 1921 1144 1995 placatus,
1162 1926 1194 1978 ut
1210 1921 1325 1978 indulta
1338 1924 1422 1979 venia
1435 1926 1620 1996 peccatorum
1637 1926 1742 1984 detuis
1754 1944 1829 1985 serii·

117 2031 239 2086 evacua,
269 2013 414 2071 viscerum
447 2015 572 2084 interna,
603 2015 794 2088 cordiumque
823 2032 856 2071 ac
884 2029 944 2069 me·
1003 2027 1054 2083 per
1070 2010 1220 2067 beneficiis
1239 2010 1389 2085 glorietur.
1407 2012 1469 2067 Per.
1485 2013 1557 2069 Alie.
1576 2015 1681 2071 Praesta
1705 2016 1828 2073 Domine

117 2102 269 2160 dullarum
294 2106 323 2159 et
347 2103 557 2177 cogitationum
584 2121 656 2159 sana
679 2103 860 2170 discrimina,
877 2119 945 2158 con·
1002 2099 1113 2157 famulo
1138 2105 1188 2156 tuo
1214 2117 1383 2173 quaesumus
1398 2100 1608 2159 consolationis
1631 2103 1783 2173 auxilium,
1799 2119 1829 2161 nt

116 2191 309 2249 scientiarum
333 2196 421 2266 atque
446 2193 598 2267 plagarum
623 2194 761 2249 obducito
784 2193 945 2261 cicatrices,
1005 2188 1153 2245 diuturnis
1168 2188 1388 2245 calamitatibus
1400 2188 1581 2247 laborantem
1597 2192 1741 2266 propitius
1767 2211 1812 2250 rea

108 2281 260 2356 physicis,
280 2280 443 2354 typicisque
467 2282 566 2338 adesto
590 2282 739 2355 periculis,
754 2286 866 2338 veteres
891 2281 956 2337 im-·
1004 2278 1100 2351 pirare
1114 2278 1247 2334 concede.
1265 2277 1327 2334 Per.

116 2385 297 2444 mensasque
323 2386 438 2427 remove
461 2372 624 2444 passiones,
650 2388 738 2446 opere
762 2371 859 2429 carnis
883 2387 949 2427 san·
1215 2369 1285 2423 lect.
1301 2368 1446 2425 Hieremiae
1460 2369 1613 2441 Propheta.

115 2458 278 2533 'guinisque
307 2459 460 2515 materiam
484 2476 636 2534 compone,
652 2477 685 2516 ac
709 2459 884 2518 delictorum
906 2459 948 2515 illi
1038 2453 1069 2509 ln
1098 2455 1202 2512 diebus
1231 2454 1290 2511 illis
1317 2454 1390 2511 dixit
1417 2455 1587 2514 Hieremias.
1617 2456 1739 2530 Domue,
1768 2476 1829 2518 oin·

119 2547 239 2604 veniam
254 2547 428 2621 propitiatus
453 2549 592 2618 attribue,
608 2549 709 2622 sicque
733 2548 817 2605 illum
836 2548 950 2622 jugiter
1003 2559 1066 2612 nes,
1095 2544 1145 2616 qui
1178 2547 1207 2600 te
1242 2543 1448 2617 derelinquunt
1480 2545 1706 2603 confundentur.
1741 2548 1830 2606 lisce-

118 2635 268 2693 custodiat
295 2635 389 2709 pietas
416 2642 479 2707 tua,
510 2641 542 2692 ut
575 2654 627 2694 neo
661 2638 697 2695 ad
731 2637 949 2711 corruptionem
1003 2632 1136 2688 dentesa
1154 2637 1182 2689 te
1209 2633 1239 2695 iu
1269 2636 1347 2690 terra
1374 2633 1550 2704 scribentur,
1580 2633 1719 2708 quoniam
1747 2637 1830 2695 dere·

119 2724 283 2798 aliquando
309 2725 431 2795 sanitas,
449 2743 501 2782 nec
531 2727 567 2782 ad
598 2727 791 2800 perditionem
815 2731 844 2783 te
871 2725 950 2782 auxi·
1003 2718 1154 2793 liquerunt
1175 2737 1279 2777 venam
1303 2738 1447 2795 uquarum
1471 2723 1632 2781 viventium
1659 2724 1829 2784 Dominum.

118 2814 211 2870 liaute
228 2830 306 2869 uunc
324 2815 466 2888 perducat
490 2815 646 2873 infirmitas
662 2833 669 2872 :
686 2816 795 2888 fiatque
821 2814 864 2872 illi
889 2815 950 2871 liae
1004 2809 1083 2866 Sana
1098 2827 1145 2866 me
1169 2809 1293 2866 Domine
1316 2815 1344 2866 et
1368 2812 1503 2882 sanabor,
1520 2828 1634 2886 saprum
1665 2829 1711 2870 ma
1735 2815 1834 2872 facet

119 2901 180 2960 olei
198 2919 282 2959 saera
305 2904 457 2976 perunctio
481 2907 582 2960 eontra
607 2905 701 2961 morbi
725 2904 877 2978 praesentis
901 2920 949 2960 ex·
1005 2898 1103 2956 salvus
1131 2916 1191 2969 ero,
1217 2899 1358 2973 quoniam
1381 2898 1447 2956 laus
1471 2916 1537 2957 mea
1555 2905 1593 2970 ,tu
1617 2918 1659 2958 es.
1679 2903 1752 2961 llcce
1775 2904 1832 2978 ipsi

121 2990 233 3066 pulsio,
248 2995 277 3047 et
306 2997 490 3063 peccatorum
519 2992 651 3049 omnium
682 2996 780 3065 optata
804 2991 949 3064 remissio,
1004 2988 1107 3045 dicunt
1130 2989 1166 3044 ad
1190 3004 1247 3058 me,
1273 2987 1323 3044 ubi
1350 2992 1394 3044 est
1421 2990 1543 3046 verbum
1573 2989 1830 3050 Dominiirenist.

120 3086 152 3137 te
167 3079 355 3150 concedente,
381 3081 514 3139 Salvator
543 3082 657 3150 mundi,
683 3082 733 3154 qui
759 3081 831 3139 vivis
852 3085 880 3138 et
903 3099 950 3138 rc·
1005 3078 1040 3134 Et
1052 3094 1105 3151 ego
1120 3095 1178 3148 uon
1195 3093 1260 3134 sum
1276 3077 1414 3133 turbatus
1427 3082 1456 3135 te
1479 3082 1626 3151 pastorem
1651 3097 1787 3154 sequens,
1805 3087 1834 3139 ot

121 3185 241 3243 regnas.
966 3165 1085 3243 fidium
1117 3166 1248 3223 hominis
1284 3183 1343 3223 non
1380 3167 1552 3225 desideravi.
1586 3169 1629 3226 Tu
1659 3170 1718 3228 scis
1754 3172 1833 3245 quod

505 3259 579 3315 Alie.
1008 3273 1159 3330 egressum
1174 3259 1220 3313 est
1234 3257 1269 3312 de
1285 3255 1371 3313 labiis
1386 3256 1469 3325 meis,
1487 3260 1598 3314 rectum
1620 3261 1650 3313 iii
1675 3265 1834 3332 conspectu

163 3346 341 3420 Propitietur
356 3348 437 3404 Dnus
453 3348 567 3406 cunctis
583 3347 789 3423 iniquitatibus
804 3346 894 3423 hujus
910 3350 954 3405 in·
1007 3349 1058 3402 tuo
1082 3345 1146 3402 luit.
1162 3345 1225 3402 Non
1251 3344 1292 3402 sis
1320 3344 1392 3401 mihi
1419 3349 1450 3402 tu
1479 3345 1644 3404 formidinis
1672 3365 1741 3422 spes
1769 3365 1834 3406 meu

122 3433 217 3504 firmi,
230 3438 259 3491 ct
284 3439 368 3492 sanet
396 3453 499 3494 omues
525 3435 683 3511 languores
711 3437 801 3507 illius,
817 3437 954 3495 redimat·
1008 3439 1040 3491 tu
1056 3433 1086 3490 in
1112 3435 1159 3490 die
1183 3432 1359 3490 afflictionis.
1381 3433 1603 3491 Confuudantur
1626 3436 1676 3510 qui
1701 3453 1748 3494 mc
1772 3454 1835 3510 pcr-

123 3539 185 3596 quc
207 3523 243 3579 de
270 3522 390 3580 interitu
418 3529 563 3599 perpetuos
590 3526 692 3582 mortis
720 3527 811 3582 vitam
839 3526 913 3597 ejus,
926 3530 955 3584 et
1007 3527 1151 3580 secuntur
1178 3527 1205 3578 et
1227 3539 1286 3578 uon
1311 3523 1475 3578 confundar
1498 3539 1570 3596 eg03
1587 3529 1712 3598 paveant
1737 3525 1835 3594 illi,et

123 3611 296 3669 corroboret
328 3630 361 3670 uc
392 3613 479 3670 faciet
506 3613 535 3669 in
564 3614 650 3671 bouis
678 3615 816 3672 omuibus
844 3616 955 3673 deside·
1008 3629 1067 3669 nou
1082 3629 1202 3685 paveam
1224 3627 1287 3685 ego.
1304 3611 1394 3668 lnduc
1417 3629 1506 3684 super
1527 3629 1577 3670 cos
1602 3613 1679 3670 diem
1704 3613 1835 3671 afflictio·

123 3699 205 3757 rium
222 3698 326 3774 ipsius,
343 3701 490 3774 quisolus
507 3702 537 3758 in
555 3704 699 3760 'liinitate
721 3721 799 3760 uuus
824 3704 956 3762 Deusvi·
1009 3701 1065 3769 nis,
1094 3705 1123 3758 et
1148 3700 1258 3774 duplici
1288 3699 1468 3775 contricione
1493 3705 1609 3758 contere
1638 3718 1688 3760 ces
1712 3703 1835 3761 Domine

95 3788 168 3845 ¹vit
182 3793 212 3846 et
230 3793 334 3863 regnat
356 3807 409 3864 per
432 3790 611 3848 immortalia
638 3794 745 3850 secula
768 3792 953 3852 sacculorum.
1008 3790 1086 3847 Deus
1101 3794 1210 3846 noster.

122 3881 229 3934 lmen.
244 3880 291 3935 llis
314 3882 353 3936 ιἰιι
376 3883 505 3952 peractis,
520 3889 621 3953 septem
644 3883 786 3939 continuos
809 3882 867 3940 dies
881 3883 954 3957 (147)
1045 3876 1251 3934 Gredlldiutor
1265 3893 1349 3934 meus
1368 3880 1397 3935 et
1422 3876 1561 3935 liberator
1583 3896 1669 3937 meus
1693 3884 1765 3953 esta,
1782 3881 1837 3939 llo·

122 3968 150 4024 si
162 3970 309 4028 necessitas
337 3971 491 4040 contigerat,
509 3977 565 4026 tom
590 3969 623 4026 de
645 3973 845 4042 communione,
873 3989 954 4046 qnam
1009 3966 1098 4036 minc,
1116 3983 1152 4023 ue
1167 3966 1338 4023 tardaveris.
1354 3983 1382 4022 v.
1398 3966 1624 4025 Coniuudantur
1638 3973 1667 4026 ct
1682 3987 1836 4028 revereari-

122 4054 520 4130 deatr'oosfietoseciaatitti,
537 4061 566 4115 et
586 4059 741 4116 suscitabit
763 4077 830 4117 eum
856 4061 954 4117 Domi·
1008 4062 1058 4113 tur
1072 4055 1184 4112 inimici
1200 4056 1269 4123 mei,
1286 4055 1338 4129 qui
1354 4060 1490 4128 quarunt
1513 4055 1644 4116 animam
1667 4077 1774 4118 ineam.
1790 4061 1837 4117 Se-

122 4160 184 4201 uus
199 4144 236 4201 ad
253 4144 390 4215 salutem,
406 4151 435 4203 et
449 4147 474 4203 si
489 4146 519 4203 iu
540 4149 667 4220 peccatis
693 4148 790 4219 fuerit,
807 4149 956 4207 dimittan·
1008 4146 1128 4203 cendam
1142 4146 1314 4205 tolcaaem..
1330 4145 1363 4202 ln
1379 4144 1429 4202 illo
1444 4149 1575 4219 ternpore
1596 4148 1670 4206 dixit
1683 4149 1732 4206 lhs
1748 4150 1837 4206 disei-

121 4237 175 4289 tur
188 4233 227 4303 ei,
242 4242 274 4290 et
287 4236 425 4308 apestolus
438 4236 515 4293 dicit.
533 4238 636 4294 Debent
654 4239 739 4293 etiam
761 4254 796 4294 esc
818 4240 955 4295 miabtris
1009 4233 1171 4310 pulissuis.
1188 4240 1281 4291 Amen
1296 4251 1383 4292 amen
1398 4234 1463 4292 dico
1478 4235 1571 4306 volis,
1587 4237 1658 4310 quia
1671 4237 1835 4310 plorabitis,

122 4328 231 4380 sonctae
260 4323 390 4383 Ecclesiae
421 4341 485 4381 cnm
517 4341 623 4382 camme
655 4328 808 4384 reverentie
836 4328 956 4399 infimis
1009 4330 1038 4382 ct
1055 4323 1164 4381 flebitis
1178 4339 1240 4380 vos.
1252 4323 1381 4381 Mundus
1395 4329 1493 4381 autem
1508 4327 1657 4399 gaudebit,
1671 4344 1723 4383 vos
1737 4331 1836 4383 auten

123 4409 272 4469 exemere
302 4429 353 4486 per
384 4415 507 4484 sinentes
538 4415 596 4472 dies
625 4417 819 4489 vespertinales
846 4425 872 4474 et
895 4434 956 4474 me·
1010 4412 1266 4471 contristabimini.
1298 4412 1354 4470 Sed
1384 4413 1503 4471 tristitia
1530 4418 1627 4471 vestra
1650 4419 1778 4472 vertetur
1807 4413 1836 4471 iu

123 4500 258 4558 tetiaoles
290 4501 385 4559 laedes
417 4519 481 4559 cnm
516 4506 624 4577 antiph.
658 4513 684 4561 et
716 4520 867 4579 responsor.
900 4508 957 4563 siae
970 4535 995 4602 D
1010 4503 1162 4578 gaudium.
1178 4501 1284 4559 Mulier
1298 4518 1366 4558 cum
1380 4502 1459 4575 parit
1478 4501 1629 4560 tristitiam
1653 4503 1752 4577 habet,
1767 4505 1837 4577 quia

123 4588 515 4650 neminemneminer
528 4593 564 4649 ad
587 4594 637 4650 liae
657 4596 870 4666 pertinentibus.
887 4597 955 4653 Ora·
1009 4593 1088 4650 venit
1102 4592 1174 4649 hora
1184 4591 1258 4663 ejus.
1274 4591 1347 4647 Cum
1363 4595 1461 4647 autem
1474 4592 1618 4663 pepererit
1632 4594 1836 4667 postumium

122 4679 175 4735 tio.
202 4677 395 4753 Omnipotens
421 4681 598 4756 sempiterne
627 4687 714 4751 Deus,
739 4682 789 4755 qui
817 4685 955 4742 subvenis
994 4699 1070 4755 ¹non
1086 4680 1222 4737 meminit
1236 4695 1380 4754 pressura
1397 4684 1516 4753 propter
1532 4682 1685 4756 gaudium,
1701 4684 1771 4757 quia
1784 4700 1837 4740 nu-

123 4765 154 4822 iu
186 4767 325 4839 periculis
352 4774 382 4826 et
407 4770 437 4826 iu
465 4771 638 4829 necessitate
663 4767 866 4831 laborantibus
896 4790 957 4832 ma·
1008 4774 1117 4828 tuaest
1131 4768 1219 4825 homo
1235 4768 1264 4823 in
1278 4768 1434 4824 mundum,
1451 4770 1550 4828 Dtvos
1564 4771 1658 4846 igitur
1672 4790 1750 4829 nuuc
1772 4775 1839 4845 qul·

119 4853 262 4926 jestatem
291 4859 373 4914 tuam
401 4859 573 4933 suppliciter
600 4877 765 4929 exoramus,
787 4866 820 4918 ut
841 4863 956 4920 mittere
1010 4860 1077 4917 dem
1093 4857 1246 4914 tristitiam
1258 4855 1384 4914 habetis.
1400 4858 1510 4916 lterum
1532 4864 1631 4918 autnn
1654 4861 1759 4918 videbo
1773 4876 1835 4930 vos,

124 4941 260 5016 digneris
284 4951 420 5004 sunctum
444 4949 582 5022 angelum
606 4955 702 5017 tuum,
728 4950 779 5023 qui
810 4952 955 5008 famulum
1011 4952 1039 5006 et
1051 4946 1192 5022 gaudebit
1213 4962 1263 5002 cor
1282 4950 1423 5003 vestrum.
1439 4948 1475 5005 lit
1489 4950 1631 5023 gaudium
1646 4954 1774 5007 vestrum
1790 4965 1838 5006 ne·

119 5033 211 5089 tuum
231 5031 263 5088 in
287 5036 435 5110 augustiis
464 5041 493 5094 et
521 5038 745 5096 necessitatibus
774 5038 955 5098 laborantem
1011 5055 1060 5094 mo
1075 5036 1295 5094 tolletavobis.

146 5209 237 5293 ‚tisri
247 5205 332 5270 Duae
342 5215 431 5272 ritum
445 5215 635 5301 continuandi
645 5233 696 5290 per
706 5222 819 5302 septem
829 5220 958 5304 integros
1011 5217 1104 5274 abbas
1119 5215 1227 5299 aliique
1242 5215 1429 5300 infirmorum
1448 5216 1616 5301 unctionem
1627 5233 1685 5273 uon
1701 5215 1795 5274 solum
1806 5215 1838 5298 iu

123 5279 190 5339 diss
201 5286 363 5344 extremam
375 5292 546 5345 unctionem
554 5293 720 5361 sequuntur
730 5289 862 5363 plerique
871 5297 959 5350 ritue·
1011 5289 1113 5346 eadem
1129 5288 1313 5361 egritudine,
1329 5288 1379 5343 sed
1395 5305 1425 5343 iu
1441 5288 1656 5371 diversaetium
1672 5305 1730 5346 non
1744 5304 1839 5362 magis

123 5349 168 5415 les
183 5356 254 5412 ante
267 5360 296 5414 et
310 5363 378 5431 post
387 5374 497 5417 anuum
505 5360 613 5417 Christi
624 5359 817 5446 millesimum
827 5379 860 5419 uc
870 5364 958 5449 etiam
1012 5361 1176 5443 iterandam
1192 5359 1350 5441 censebant
1371 5375 1459 5431 quain
1482 5358 1672 5442 baptismum,
1686 5359 1840 5446 conflrma-

121 5429 958 5645 ffiifufffpiiissllsspflpffin‘iQK‘Liii,iistigiiitpf
1012 5430 1328 5571 ttltttttttltt
1344 5430 1676 5562 ttttltutttlttffl
1702 5434 1840 5490 ‘m‘

278 5588 368 5642 ueni,
430 5592 464 5634 eo
536 5592 570 5634 us
614 5591 759 5634 mereant
797 5620 803 5634 .
840 5593 960 5639 oemae
