3878 6098
144 381 222 445 {³33

517 592 598 649 dicct.

178 698 285 753 Panem
301 697 447 754 coelestem
464 699 616 774 accipiam,
631 705 659 758 et
675 719 781 759 nornen
798 703 910 760 Domini
927 706 969 763 in·

141 787 260 844 vocabo.

431 877 562 950 Sequitur
576 882 673 937 oratio.

177 975 325 1048 Perceptio
338 976 467 1048 corporis
482 976 527 1032 tui
538 979 657 1035 Domine
667 979 736 1035 Jesu
752 980 966 1055 Christe,qnam

139 1065 281 1138 indignus
296 1081 413 1121 sumere
433 1083 588 1139 presumo,
601 1085 658 1123 non
675 1068 747 1124 mihi
763 1072 914 1142 proveniat
930 1074 965 1129 ad

135 1153 295 1226 judicium,
305 1158 334 1210 et
356 1153 640 1226 condemnationem,
654 1158 704 1214 scd
728 1177 779 1231 prro
794 1162 845 1217 tua
859 1162 966 1239 pietate

140 1241 233 1315 prosit
256 1241 328 1297 mihi
358 1242 394 1298 ad
423 1245 555 1299 tutamen
586 1245 703 1312 mentis,
715 1250 743 1302 ct
766 1249 966 1323 corporis,qui

139 1348 207 1388 cum
223 1331 306 1388 Patre
319 1335 373 1388 etc.

518 1422 590 1477 rllt'a.

174 1521 237 1576 Fiat
246 1519 317 1574 mihi
328 1519 449 1574 obsecro
461 1519 580 1575 bomine
590 1518 644 1576 huc
654 1527 868 1579 sacramentum
880 1528 963 1581 tuum

136 1610 215 1682 quod
246 1608 396 1681 indignus,
423 1611 451 1663 et
479 1613 613 1681 peccator
641 1627 787 1681 praesumo
817 1613 965 1687 percipere

135 1699 267 1756 confisus
282 1698 317 1754 de
332 1701 384 1753 tua
398 1696 479 1770 larga
501 1696 655 1753 clearentia
669 1699 705 1754 ad
722 1700 834 1756 viscera
850 1702 963 1760 miseri-

136 1788 241 1845 cordia
252 1793 318 1852 tua,
328 1790 356 1843 et
363 1785 499 1860 gratiam,
510 1785 623 1855 salutis,
634 1788 670 1843 ud
681 1789 835 1845 sanitatem
847 1791 963 1861 animae,

136 1883 166 1934 et
180 1875 319 1949 corperis,
332 1874 596 1948 remissionemque
611 1876 744 1932 omnium
764 1884 961 1951 pcccatorum,
979 1898 1001 1962 Β

138 1981 168 2022 ut
183 1983 242 2021 non
257 1965 293 2021 ad
305 1964 463 2036 judicium,
473 1964 523 2020 sed
535 1964 570 2020 ad
579 1965 752 2034 remedium,
765 1966 836 2024 illud
849 1985 963 2028 merear

135 2055 283 2129 percipere
297 2052 429 2110 Salvator
445 2054 558 2120 mundi,
575 2059 629 2120 etc.

387 2154 457 2209 Cum
469 2168 566 2224 cerpus
580 2155 710 2209 sumitur.

169 2251 281 2322 Corpus
296 2249 328 2305 D.
346 2250 379 2305 N.
395 2249 421 2304 J.
439 2251 468 2306 C.
486 2249 525 2304 sit
540 2249 613 2305 mihi
628 2251 790 2308 remedium
806 2254 960 2326 sempiter-

133 2356 205 2396 num
220 2338 251 2394 in
265 2338 355 2393 vitam
371 2342 519 2394 aternam.

169 2427 286 2503 Quande
298 2428 410 2483 calicem
425 2429 454 2483 iu
474 2444 572 2484 merua
587 2431 685 2502 accipit
700 2431 823 2487 sacerdos
838 2431 922 2489 dicet.

133 2518 206 2584 Ouid
223 2515 383 2572 retribuam
400 2515 522 2572 Domino
546 2533 598 2589 pro
622 2518 851 2592 omnibusque
877 2521 960 2578 retri-

132 2607 197 2663 buit
217 2603 301 2661 mihi.
317 2604 444 2661 Calicem
468 2605 608 2662 salutaris
630 2607 783 2678 accipiam,
800 2612 829 2664 et
853 2627 958 2666 nemen

132 2693 247 2750 Domini
268 2693 418 2750 invocabo.
436 2695 572 2750 Laudans
590 2695 730 2753 invocabo
746 2697 914 2766 Dominum,
930 2705 960 2756 et

132 2785 170 2840 ab
186 2781 313 2839 inimicis
328 2782 401 2839 meis
417 2783 516 2839 salvus
531 2800 590 2840 ero.

425 2880 554 2952 Sequitur
566 2885 664 2939 oratio.

167 2977 409 3045 Communicatie,
426 2983 454 3034 ct
476 2980 659 3036 confirmatio
679 2983 819 3054 corperis,
838 2987 866 3039 ot
890 3000 957 3039 san·

131 3066 229 3140 guinis
246 3071 277 3123 D.
294 3068 327 3122 N.
343 3068 370 3123 J.
387 3069 417 3123 C.
434 3067 526 3139 prosit
541 3067 613 3122 mihi
630 3068 658 3123 in
675 3069 877 3126 remissionem
894 3089 956 3129 om-

86 3144 97 3152 ”
131 3156 213 3211 nium
229 3160 412 3228 peccatorum
433 3171 576 3224 meorum,
589 3160 617 3212 et
635 3161 785 3214 conservet
800 3175 846 3215 me
862 3161 897 3216 ad
913 3160 957 3215 vi·

131 3249 191 3300 tarn
208 3250 356 3300 eternam.

400 3334 464 3390 Atto
478 3334 513 3390 ad
527 3331 682 3407 atrumque.

164 3430 288 3487 Domine
303 3435 403 3488 sancte
416 3432 695 3505 Pateromnipotcns
709 3438 816 3490 uterne
831 3433 908 3490 Dcus
919 3436 957 3491 da

128 3519 201 3575 mihi
218 3519 272 3575 hoc
282 3524 435 3591 corpus,et
445 3521 618 3593 sanguinem
632 3521 693 3576 lilii
706 3521 759 3586 tui,
773 3523 813 3577 ita
827 3539 953 3589 sumere,

128 3613 159 3664 ut
175 3625 227 3681 per
241 3608 295 3665 hoc
312 3623 426 3665 merear
449 3609 651 3665 remissionem
668 3609 800 3666 omnium
823 3615 954 3681 peccato·

127 3714 193 3753 rum
209 3697 387 3769 acciperc,et
400 3702 450 3754 tuo
466 3703 568 3754 sancto
583 3697 692 3769 Spiritu
710 3698 823 3770 repleri,
839 3699 907 3772 quia
921 3705 954 3756 tu

128 3802 158 3841 es
175 3785 263 3852 Deus,
274 3790 303 3842 et
312 3790 417 3858 prater
426 3791 454 3842 te
467 3791 582 3843 nonest
597 3785 683 3853 alius,
696 3787 782 3858 cujus
792 3786 952 3860 gloriosum

129 3890 233 3930 acmen
251 3880 402 3946 permanet
418 3876 446 3931 iu
463 3875 562 3932 secula
576 3874 752 3931 seculorum.
769 3879 871 3932 Amen.

372 3971 440 4027 Cum
452 3975 567 4043 sceptris
580 3975 709 4029 sumitur.

162 4069 288 4142 Sanguis
304 4074 336 4126 D.
352 4070 386 4126 N.
402 4070 429 4125 J.
445 4070 552 4126 Christi
574 4071 721 4128 custodiat
737 4089 784 4128 me
808 4072 837 4127 in
861 4073 952 4131 vitum

122 4162 273 4216 eternam.

294 4251 358 4305 Post
371 4257 527 4321 perceptum
547 4251 776 4307 communionem.

157 4345 278 4402 Domine
288 4347 314 4402 J.
327 4347 357 4403 C.
369 4346 422 4403 Fili
435 4346 483 4403 Dei
499 4347 565 4416 vivi,
578 4347 628 4420 qui
644 4364 678 4402 ex
693 4346 842 4404 voluntate-
856 4350 950 4407 Putris

119 4438 294 4507 cooperante
310 4436 420 4509 Spiritu
437 4439 539 4493 sancto
559 4452 610 4509 per
627 4440 751 4493 mertem
767 4441 848 4493 tuam
864 4456 948 4496 urun-

119 4525 190 4580 dum
206 4523 370 4592 vivificasti,
386 4525 480 4582 libera
495 4543 541 4582 me
562 4541 614 4599 per
628 4525 683 4582 hec
699 4543 816 4582 sacrum
832 4544 948 4600 corpus,

117 4616 146 4667 et
161 4612 337 4685 sanguinem
353 4618 437 4670 tuum
454 4631 471 4669 a
486 4614 600 4670 cunctis
616 4613 833 4686 iniquitatibus,
845 4620 873 4670 et
887 4616 950 4671 uai-
964 4635 987 4700 D

116 4699 210 4756 versis
227 4700 315 4757 malis
332 4701 416 4769 meis,
429 4705 458 4758 ct
473 4701 517 4758 lac
531 4719 576 4758 me
586 4701 645 4756 tuis
661 4701 777 4757 obedire
789 4702 945 4771 mandatis,

116 4793 219 4845 etate
235 4807 389 4863 nunquam
409 4791 438 4847 in
463 4796 638 4864 perpetuum
654 4806 790 4863 separare
806 4790 946 4863 digneris.
969 4856 972 4861 ¹

116 4877 171 4940 Qui
184 4877 256 4934 vivis
267 4885 322 4935 cte.

498 4969 571 5024 illie.

150 5052 262 5125 Corpus
280 5058 364 5113 tuum
381 5057 513 5123 Domine,
522 5056 597 5128 quod
609 5056 720 5128 accepi,
731 5059 760 5110 et
770 5055 844 5111 calix
857 5073 944 5128 quem

114 5142 221 5213 putavi,
236 5144 405 5202 adhaereant
421 5147 450 5202 in
466 5145 628 5202 visceribus
650 5144 734 5211 meis,
750 5149 778 5201 et
794 5150 898 5218 praesta
914 5150 946 5201 ut

112 5228 195 5285 nulla
209 5229 249 5286 ihi
268 5239 417 5290 remaneat
436 5233 545 5308 peccati
568 5233 694 5302 macula,
712 5233 760 5288 ubi
777 5236 828 5289 tua
841 5238 944 5290 sancta

112 5317 289 5377 introicrunt
305 5329 499 5381 sacramenta.
515 5323 568 5390 Qui
584 5321 658 5379 vivis
672 5325 727 5378 etc.

110 5427 217 5483 Deinde
242 5431 422 5503 presbyteria,
452 5440 477 5487 et
509 5432 633 5488 diurerris
660 5445 757 5502 carptus
786 5430 815 5485 in
844 5445 942 5485 erarius

146 5500 352 5622 precipientibus,
376 5512 402 5561 et
430 5502 693 5560 coarmamicmrtibuc
720 5501 823 5557 dicitur
849 5503 943 5573 sirmu-

160 5585 184 5625 Β
199 5588 209 5624 ⁸.

148 5673 206 5732 Pax
221 5679 328 5738 tccum.
344 5687 371 5749 rt.
387 5684 422 5741 ut
437 5698 506 5740 cum
521 5680 626 5754 spiritu
640 5684 701 5736 tuo.

849 388 968 454 mssa
989 390 1147 456 LATlNA.

143 514 256 587 Quande
268 533 366 592 cerpus
386 519 558 576 Deerinicum
572 519 695 578 sacerdes
711 522 740 578 in
757 540 854 581 marus
871 524 1010 598 accipitA

1771 408 1848 474 1331

1400 532 1474 591 Atta.

1057 618 1185 675 Verbum
1202 635 1269 676 caro
1286 620 1394 677 laetum
1410 628 1464 691 est,
1480 628 1510 680 et
1523 624 1667 684 habitavit
1681 628 1711 685 in
1728 633 1821 692 nobis.

1058 726 1175 783 Culicem
1186 744 1248 782 ecre
1257 745 1319 784 cern
1332 738 1503 786 semestrem
1517 735 1710 792 commistione
1724 737 1813 796 dando

1312 802 1461 874 unicuique
1475 801 1557 858 dicat.

1058 887 1123 942 liae
1142 891 1327 943 sacrosancta
1348 890 1516 946 commixtio
1532 894 1672 965 corporis,
1684 899 1713 950 ct
1727 900 1848 972 sangui·

1022 958 1117 1033 niel).
1133 960 1167 1013 N.
1183 959 1209 1014 J.
1222 960 1252 1015 C.
1264 960 1357 1031 prosit
1372 962 1423 1016 tibi
1440 963 1475 1018 ad
1491 963 1580 1019 vitam
1596 971 1746 1022 aeternam.

1056 1064 1235 1123 Satdiucem'a
1249 1075 1347 1134 oramen,
1362 1085 1395 1124 ue
1414 1069 1470 1125 etia
1485 1071 1556 1126 clerc
1571 1075 1751 1130 communicet
1763 1076 1814 1132 trec

1333 1140 1412 1196 mede
1430 1141 1532 1197 diceus.

1056 1226 1205 1299 Perceptio
1221 1228 1362 1301 corporis
1379 1234 1408 1285 et
1424 1230 1577 1303 sanguinis
1592 1232 1625 1287 b.
1642 1233 1675 1289 N.
1691 1235 1718 1290 J.
1733 1235 1762 1291 C.
1781 1253 1847 1294 san·

1020 1315 1127 1372 ctifioet
1154 1333 1271 1389 corpus,
1301 1323 1329 1373 ct
1357 1319 1486 1374 animam
1520 1319 1549 1374 in
1577 1320 1666 1376 vitam
1695 1328 1843 1385 eternam.

1018 1406 1121 1461 Amen.

1153 1495 1256 1566 Populo
1270 1495 1380 1565 quidem
1393 1499 1619 1556 coruinuntcumlo
1631 1500 1714 1557 ttieat.

1055 1582 1176 1654 Corpus,
1194 1587 1221 1637 et
1237 1583 1359 1655 sangnis
1381 1583 1413 1638 D.
1430 1584 1464 1637 N.
1480 1585 1507 1640 J.
1523 1586 1554 1641 C.
1572 1589 1665 1658 prosit
1684 1590 1735 1644 tihi
1751 1590 1781 1646 in
1797 1608 1846 1649 re·

1019 1672 1191 1728 missionem
1207 1671 1339 1727 omnium
1356 1673 1553 1744 pcccatorum,
1566 1681 1594 1729 et
1608 1675 1645 1731 ad
1660 1676 1749 1733 vitam
1763 1684 1845 1736 eter-

1019 1777 1098 1817 nam.
1113 1763 1216 1816 Amen.

1174 1850 1286 1905 Interim
1299 1849 1365 1904 ttrrm
1379 1854 1590 1919 cenarnarrr’rent,
1607 1853 1690 1909 ilicet.

1053 1940 1172 2011 Ignosce
1200 1938 1333 2006 Domine,
1350 1938 1426 2010 quod
1452 1939 1523 1995 dum
1550 1957 1651 2014 rogare
1675 1944 1843 2017 compellor,

1017 2030 1088 2084 dum
1104 2046 1156 2101 per
1170 2027 1324 2082 immunda
1337 2026 1415 2083 labia
1427 2044 1533 2084 nomen
1548 2031 1683 2084 sanctum
1699 2035 1782 2088 tuum
1799 2051 1844 2090 as-

1016 2134 1112 2184 sumo,
1130 2121 1158 2172 et
1175 2115 1397 2171 immundorum
1419 2120 1538 2172 actuum
1561 2123 1673 2174 secreta
1692 2120 1842 2188 confiteor,

1016 2224 1073 2262 non
1090 2205 1183 2262 habeo
1198 2207 1275 2278 apud
1288 2210 1316 2261 te
1326 2206 1414 2260 verba
1424 2205 1486 2261 sine
1498 2205 1629 2275 crimine,
1642 2212 1675 2263 tu
1685 2210 1764 2265 enim
1777 2197 1843 2267 con-

1016 2294 1145 2352 scientiae
1161 2312 1232 2350 meae
1241 2294 1371 2361 vulnera,
1384 2300 1414 2350 tu
1427 2293 1637 2367 cogitationum
1654 2313 1785 2354 mearum
1798 2315 1843 2356 oc·

1015 2385 1093 2440 culta
1108 2384 1231 2450 nosti,et.
1243 2382 1446 2439 immunditias
1463 2399 1544 2439 meas
1558 2388 1589 2439 tu
1601 2384 1683 2440 solus
1695 2386 1840 2458 agnoscis.

1015 2475 1151 2530 Miserere
1167 2472 1222 2527 mei
1239 2473 1369 2539 Domine,
1384 2473 1533 2536 miserere,
1545 2473 1617 2529 mihi
1635 2475 1752 2546 ignosce
1763 2493 1841 2550 mys·

1014 2563 1077 2619 terii
1095 2562 1136 2618 tui
1152 2566 1262 2618 secreta
1278 2561 1426 2623 tractanti,
1439 2578 1491 2616 nce
1507 2562 1661 2633 indignum
1679 2563 1842 2622 misericor·

1014 2653 1068 2708 dim
1084 2656 1140 2706 tuae
1151 2649 1268 2721 judices
1283 2665 1370 2721 quem
1387 2666 1439 2721 pro
1455 2649 1520 2704 aliis
1536 2667 1637 2723 rogare
1653 2653 1843 2723 permittis,et

1013 2741 1043 2796 in
1060 2758 1118 2814 quo
1133 2739 1333 2794 testimonium
1350 2737 1417 2794 beni
1432 2737 1527 2810 operis
1543 2755 1600 2793 non
1617 2741 1765 2811 agnoscis,
1779 2742 1843 2797 ohr-

1013 2831 1091 2885 rium
1108 2827 1210 2884 saltem
1236 2826 1464 2899 dispensationis
1484 2827 1599 2882 creditae
1625 2845 1683 2884 non
1712 2845 1839 2887 recusos.

1013 2918 1144 2975 Salvator
1160 2917 1297 2972 miserere
1314 2916 1380 2972 mei.

1190 3007 1252 3061 Post
1267 3012 1420 3077 perceptum
1434 3008 1660 3062 communiorem.

1048 3095 1127 3162 Quod
1144 3111 1193 3151 oro
1208 3092 1401 3166 sumpsimus,
1418 3093 1551 3159 Domine,
1563 3099 1659 3150 mento
1675 3095 1839 3169 capiamus,

1010 3189 1039 3241 ct
1055 3186 1090 3240 dc
1106 3200 1226 3239 munero
1242 3181 1396 3255 temporali
1416 3181 1468 3237 liat
1483 3183 1568 3239 nobis
1584 3184 1746 3240 remedium
1761 3201 1838 3241 sem·
1917 3254 1920 3261 .

972 3267 993 3334 C
1012 3275 1170 3348 piteraum.
1188 3273 1241 3328 Per
1256 3275 1309 3327 etc.

1372 3362 1476 3417 Oratio.

1046 3452 1171 3507 Obsecro
1187 3449 1275 3505 etiam
1288 3453 1314 3503 te
1331 3448 1463 3520 piissime
1478 3447 1610 3502 omnium
1623 3447 1787 3517 auxiliatur,
1801 3466 1838 3505 ne

1009 3541 1045 3595 ad
1072 3539 1290 3593 damnationem
1317 3543 1452 3591 reternam
1480 3534 1551 3590 mihi
1578 3536 1737 3606 proveniat,
1758 3537 1837 3609 qued

1009 3626 1139 3700 quotidie
1161 3642 1226 3681 cnm
1251 3625 1430 3680 conscientia
1445 3623 1556 3696 polluta
1571 3640 1675 3679 nomen
1700 3631 1836 3683 sanctum

1008 3721 1092 3772 tuum
1104 3732 1248 3788 praesumo
1259 3713 1571 3785 invocare,corpusque
1580 3712 1686 3768 christi
1699 3713 1773 3781 Filii,
1783 3715 1836 3782 tui,

1008 3811 1036 3862 et
1051 3803 1223 3878 sanguinem
1238 3803 1378 3874 indignus
1391 3803 1484 3857 audeo
1496 3801 1625 3874 accipere
1638 3819 1644 3856 :
1658 3801 1728 3874 (puin
1742 3803 1837 3877 magle

1009 3911 1060 3968 per
1075 3894 1128 3950 hoc
1145 3910 1191 3948 me
1207 3908 1350 3963 expurges
1364 3891 1476 3957 sedule,
1490 3895 1518 3946 at
1530 3890 1646 3946 munias
1656 3893 1692 3946 ab
1703 3893 1836 3948 omnium

1007 3983 1193 4038 inimieorum
1207 3979 1316 4051 jaculo,
1329 3997 1360 4033 ac
1384 3997 1435 4051 per
1450 3997 1517 4035 eum
1535 3979 1564 4034 in
1581 3996 1628 4035 mc
1643 3979 1775 4037 habitare
1790 3981 1836 4037 ‹li-

1007 4071 1116 4145 gnoris,
1134 4085 1221 4142 quem
1249 4069 1284 4123 ad
1302 4069 1356 4123 hec
1371 4068 1490 4134 misisti,
1504 4073 1536 4124 ut
1550 4069 1706 4126 redimeret
1730 4087 1783 4127 nos
1800 4071 1836 4128 ab

1007 4158 1086 4216 omni
1103 4157 1325 4230 inquinamento
1346 4156 1479 4228 spiritus,
1496 4161 1524 4211 ct
1546 4157 1653 4222 carnis,
1672 4173 1722 4228 per
1738 4157 1836 4231 ipsum

1007 4248 1191 4320 unigenitum
1205 4244 1311 4300 Filium
1323 4248 1406 4301 tuum
1419 4246 1576 4300 Dominum
1589 4250 1721 4301 nostrum
1732 4246 1835 4301 Jesum

1004 4337 1227 4403 Christum,nes
1247 4351 1350 4390 omncs
1365 4335 1401 4390 ab
1426 4334 1506 4390 omui
1531 4333 1623 4389 libera
1648 4332 1735 4400 mulo,
1752 4341 1780 4389 ct
1802 4332 1834 4389 in

1005 4427 1085 4483 omni
1102 4426 1178 4480 hone
1194 4441 1344 4480 conserva.
1363 4424 1416 4490 Oui
1433 4427 1541 4487 tecum,
1557 4426 1612 4478 etc.

1385 4513 1456 4567 Atia.

1040 4605 1214 4660 conservent
1233 4619 1286 4655 nos
1302 4600 1423 4656 Domine
1441 4616 1564 4655 munera
1577 4603 1637 4665 tua,
1651 4602 1680 4653 et
1695 4604 1832 4656 aeternam

1004 4695 1091 4749 vitam
1108 4692 1238 4746 tribuunt
1254 4689 1348 4745 nciliis.
1368 4690 1420 4744 l‘er
1435 4693 1490 4743 cte.

1379 4780 1456 4832 eliu.

1036 4869 1154 4925 Custodi
1173 4869 1249 4923 intra
1265 4885 1318 4922 nos
1333 4867 1464 4934 Domine,
1477 4866 1577 4938 gratim
1595 4871 1650 4921 ture
1667 4881 1787 4929 munus,
1799 4869 1832 4919 ut

1000 4961 1141 5016 adversus
1158 4958 1257 5012 onmia
1279 4956 1441 5028 presentis,
1456 4959 1485 5011 et
1499 4955 1590 5010 tartari
1616 4953 1714 5010 secuti
1741 4951 1830 5019 mala,

1000 5046 1196 5114 eucharistie,
1213 5061 1303 5118 quum
1328 5045 1513 5117 percepimus
1539 5043 1661 5111 viribus,
1673 5046 1702 5098 ct
1725 5041 1831 5097 virtute

1000 5138 1179 5194 muniamur.
1196 5134 1249 5201 Qui
1266 5134 1338 5190 vivis
1353 5139 1407 5189 cte.

1381 5223 1453 5276 illia.

1034 5316 1140 5370 Prusia
1155 5311 1277 5367 Domine
1293 5312 1363 5367 Jesu
1379 5310 1491 5364 Christe
1508 5307 1547 5363 lili
1573 5307 1623 5363 Dei
1649 5307 1716 5375 vivi,
1730 5312 1762 5363 ut
1776 5311 1826 5381 qui

996 5421 1112 5474 corpus,
1124 5406 1153 5457 et
1168 5401 1341 5471 sanguinem
1360 5398 1509 5470 proprium
1527 5414 1578 5468 pru
1594 5395 1678 5452 nobis
1693 5395 1827 5470 indignis

994 5496 1095 5549 datum
1111 5491 1273 5551 edirnua,et
1289 5486 1428 5553 bibimus,
1441 5490 1491 5540 liat
1506 5486 1636 5541 ueliisatl
1648 5484 1823 5548 salutemet

994 5584 1028 5640 ad
1046 5577 1255 5650 redemptionis
1277 5576 1440 5631 remedium
1455 5574 1669 5647 sempiternam
1685 5575 1819 5631 omnium

994 5669 1151 5727 criminum
1169 5670 1348 5722 nostrornm.
1366 5664 1418 5720 Per
1432 5669 1488 5719 etc.
