3878 6098
118 303 194 364 leot

508 301 675 363 APPEND.
698 300 748 361 ΑΙ)
771 300 866 361 SAEC.
889 298 928 359 X.
944 330 983 340 -

997 296 1248 361 hohenhem
1268 300 1425 364 Ll'l'lllltl.
1742 304 1822 365 {008

117 443 180 492 cent
195 435 224 490 in
238 453 304 491 cum
322 436 412 490 totius
426 436 518 490 iorum
531 436 662 508 justitian,
681 439 712 489 ut
727 434 834 489 henam
851 431 937 487 ratio-
952 432 980 498 Α
995 431 1065 504 quid
1080 431 1130 488 illa
1141 433 1284 488 velamina
1299 434 1328 489 in
1345 435 1457 508 fulgore
1467 436 1574 503 auri‚in
1588 437 1679 493 nitore
1689 454 1820 511 gemma·

116 542 184 582 nem
199 523 427 597 dispensationis
442 524 499 581 sibi
510 523 647 580 credituri
660 527 768 579 aterna
782 519 940 578 beatitudi-

116 615 163 673 nis
179 614 300 689 premia
313 617 519 687 consequatur,
536 630 596 687 per.

224 720 468 760 raesamsnonun
487 720 678 768 consererem
697 718 832 758 neruum.

153 792 327 848 Consecrare
350 797 378 848 ct
400 792 583 848 sanctificare
606 790 737 864 digneris
752 791 812 845 Duc
835 804 941 844 uranus

118 879 191 936 istas
206 897 258 954 per
271 881 358 936 istam
374 881 563 936 hunctionem
578 884 607 936 et
622 884 752 935 nostram
769 877 942 934 henedictio-

120 986 199 1039 nem‚
215 974 248 1025 ut
263 986 443 1042 quacunque
467 969 700 1026 consecraverint
723 971 941 1023 consecrentur.

121 1059 225 1114 Caetera
248 1058 355 1124 meunt,
370 1073 443 1129 quie,
459 1060 501 1114 eti
525 1060 554 1113 iu-
580 1058 637 1113 cod.
663 1057 780 1113 Eiresidl.
797 1056 941 1120 turbentur,

120 1147 166 1202 bic
180 1146 320 1202 reddimus.

377 1253 528 1293 onorurrro
547 1252 684 1292 sriscorr.

994 520 1103 590 rum‚in
1120 520 1220 579 multis
1232 523 1327 579 modis
1338 523 1434 596 operis
1442 524 1580 583 varietate
1589 525 1820 600 signabant,hoc

995 610 1025 666 in
1041 611 1106 682 ejus
1122 612 1253 669 moribus
1267 613 1440 687 actibusque
1449 614 1766 690 clarescat.Gomplein
1777 635 1822 675 sa-

995 701 1110 757 cerdote
1123 705 1172 757 tuo
1184 701 1313 774 mysterii
1321 703 1363 761 tui
1380 720 1528 760 summam
1539 707 1568 761 et
1583 706 1766 763 ornamentis
1779 711 1824 764 to-

995 789 1054 844 tius
1061 789 1465 862 glorificationisinstructum
1473 793 1827 868 coelestisunguenlillore

997 879 1220 935 sanctificati-loc
1232 880 1356 938 Domine
1366 882 1482 955 copioso
1493 884 1522 939 in
1532 884 1597 955 ejus
1608 890 1696 957 eaput
1710 885 1824 956 induat,

996 967 1051 1023 hoe
1067 968 1096 1023 in
1107 968 1166 1024 oris
1177 970 1310 1041 subjecta
1326 971 1470 1040 decurrat,
1483 971 1538 1028 hoc
1548 973 1578 1028 in
1594 972 1684 1031 totius
1695 975 1826 1049 corporis

997 1062 1126 1113 extrema
1136 1058 1297 1117 discendat.
1308 1059 1345 1115 Ut
1353 1061 1394 1115 tui
1407 1061 1535 1134 Spiritus
1544 1063 1635 1119 virtus
1646 1068 1675 1120 et
1687 1064 1827 1121 interiora

997 1148 1062 1218 ejus
1073 1145 1181 1219 repleat
1196 1152 1224 1203 et
1238 1149 1380 1205 exteriora
1395 1149 1738 1225 circumtegat.rlbundet
1751 1152 1781 1208 in
1792 1169 1826 1210 eo

998 1234 1162 1291 constantia
1174 1236 1367 1310 fidei,puritas
1382 1238 1555 1308 dilectionis,
1563 1241 1720 1298 sinceritas
1732 1243 1824 1314 pacis.

155 1327 300 1398 epscopus
321 1342 383 1381 cani
407 1325 630 1393 ordinatricem
649 1325 766 1396 epiceopi
789 1331 898 1380 teneant
919 1331 946 1381 et
998 1324 1121 1380 Tribuas
1136 1325 1160 1380 ei
1187 1325 1357 1382 cathedram
1380 1326 1576 1400 episcopalem
1603 1330 1638 1386 ad
1665 1332 1824 1404 regendam

118 1423 222 1489 portent
235 1416 439 1486 euangeliorum
462 1415 564 1470 librum
587 1431 669 1486 seper
691 1415 822 1468 cervicem
833 1413 903 1484 cies,
919 1421 945 1468 et

120 1520 192 1559 enee
214 1503 314 1575 fundet
338 1503 557 1560 benedictionem.
574 1504 685 1573 Reliqui
707 1518 799 1557 cernes
820 1502 946 1573 Episcopi

120 1595 169 1665 qai
182 1592 283 1648 adsere
297 1591 424 1647 monitos
436 1593 493 1648 aab
508 1600 588 1664 cupiet
602 1591 662 1663 ejas
677 1598 802 1661 irrepant·

332 1697 498 1736 assemano
518 1696 730 1762 sepseoronuu.

999 1412 1150 1469 ecclesiam
1166 1417 1290 1470 tuamet
1305 1413 1420 1488 plebem
1435 1417 1612 1474 universam.
1623 1418 1671 1475 Sis
1682 1420 1709 1475 ei
1724 1422 1824 1477 aucto-

999 1503 1082 1571 ritas,
1097 1502 1138 1558 sis
1153 1503 1177 1558 ei
1195 1503 1379 1571 tinnitaa‚sis
1392 1508 1532 1578 potestas,
1543 1506 1723 1581 multiplices
1738 1526 1827 1584 super

1000 1608 1066 1648 eum
1082 1591 1314 1649 benedictionem
1329 1597 1358 1649 et
1373 1593 1496 1666 gratiam
1512 1598 1641 1666 tuamet
1656 1598 1693 1654 ad
1704 1615 1827 1658 exoran-

1000 1681 1066 1736 dam
1084 1680 1314 1737 misericordiam
1330 1685 1413 1739 tuam
1428 1686 1478 1739 tuo
1495 1701 1616 1741 munere
1631 1703 1750 1760 semper
1769 1688 1830 1746 ido·

157 1769 263 1825 Adesto
274 1768 404 1825 Domine.
412 1769 549 1842 Sequitur.
560 1768 717 1840 Propitiare
735 1767 944 1824 DomineEoo-
961 1805 984 1870 B
1001 1785 1073 1825 neus
1091 1773 1140 1824 tua
1154 1770 1248 1842 gratia
1263 1769 1356 1843 possit
1371 1788 1435 1828 esse
1450 1772 1580 1831 devotus.
1598 1775 1652 1832 Per
1670 1777 1756 1835 Dom.

121 1857 331 1915 recreabilem
347 1857 492 1913 honorum
507 1856 750 1913 omniumoretio
767 1855 802 1912 ed
821 1858 944 1912 mirsam.

123 1948 200 2002 Deus
216 1946 359 2002 bonorum
375 1946 518 2001 omnium.
533 1951 622 2018 Super
634 1946 734 2001 obtata.
752 1946 815 2000 liare
839 1945 944 2001 hostia.

122 2039 201 2109 bosra
215 2036 332 2091 accione.
350 2034 430 2090 Hanc
450 2033 539 2106 igitur
562 2033 750 2090 oblationem.
767 2034 806 2088 bt
822 2034 946 2091 domme-

120 2127 240 2181 rciorrem.
257 2123 322 2179 Hac
338 2140 390 2179 nos
406 2122 585 2179 communio.
600 2124 672 2194 finit.

160 2233 211 2304 (Ee
224 2230 283 2287 cod.
301 2230 379 2288 Vinci.
397 2229 442 2285 Tb.
460 2231 520 2286 tte.
537 2245 600 2287 ecee.
617 2229 658 2285 lli.
675 2231 742 2285 oiim
756 2231 904 2300 bactensis

416 2311 533 2357 monost.
551 2302 660 2373 [148].)

338 2406 503 2446 flexsnlcmo
523 2406 733 2446 episcopalium.

159 2477 535 2550 Adestcsupplieationihus
546 2478 655 2534 nostris
664 2478 848 2552 omnipotens
861 2481 948 2547 Deus,

1300 1894 1394 1934 surra
1414 1896 1529 1936 osmer.

1038 1966 1102 2021 llaec
1116 1965 1212 2022 hostia
1228 1965 1351 2023 Domino
1370 1985 1541 2040 quaesumus
1565 1974 1706 2031 emundet
1730 1982 1829 2033 nostra

1001 2054 1149 2121 delicta,et
1165 2055 1342 2111 aacrillcium
1354 2057 1561 2114 celebrandum
1577 2061 1827 2123 subditorumtibi

1002 2160 1123 2216 corpora
1138 2149 1308 2217 mentesque
1322 2145 1493 2204 sanctificet.
1512 2149 1564 2205 Per
1579 2151 1612 2206 D.
1811 2139 1814 2145 ’

1038 2233 1117 2288 Hane
1132 2233 1223 2305 igitur
1237 2232 1413 2290 oblationem
1429 2235 1577 2295 servitutis
1593 2244 1711 2311 nostre,
1726 2245 1777 2302 sed
1798 2249 1827 2304 et

1003 2325 1113 2378 cunetae
1129 2320 1247 2377 familiae
1264 2325 1322 2379 tuae
1336 2340 1425 2396 quam
1441 2325 1494 2380 tibi
1510 2327 1661 2386 offerimus
1671 2332 1763 2390 etiam
1776 2352 1826 2409 pm

1003 2408 1113 2466 famulo
1124 2414 1173 2466 tuo
1183 2408 1222 2465 ill.
1231 2427 1319 2483 quem
1331 2411 1366 2467 ad
1378 2411 1562 2486 episcopatus
1572 2417 1708 2477 ordinem
1716 2439 1828 2495 premo·

1002 2516 1068 2555 vere
1083 2499 1221 2570 dignatus
1236 2516 1278 2565 es,
1299 2517 1469 2573 quaesumus
1484 2503 1594 2571 Dne,ut
1609 2505 1743 2578 placatus
1753 2512 1825 2570 acei-

124 2573 153 2624 et
165 2568 242 2641 quod
259 2566 436 2624 humilitatis
444 2572 550 2624 nostra
561 2569 721 2640 gerendum
733 2573 776 2624 est
788 2569 949 2626 ministerio
1003 2589 1077 2662 pias,
1094 2592 1122 2643 ep
1138 2587 1281 2660 propitius
1296 2587 1324 2643 in
1340 2605 1373 2644 00
1389 2593 1440 2645 tua
1455 2591 1532 2648 dona
1546 2596 1825 2674 οῃεῑοᾱῑαωᾳυοᾱ

125 2662 181 2714 tua
195 2655 314 2713 virtutis
329 2655 486 2729 impleatur
500 2658 615 2713 ellectu.
629 2657 683 2713 Per
697 2661 780 2713 llam.

1004 2676 1102 2732 divino
1126 2691 1248 2732 munere
1273 2681 1448 2734 consecutus
1472 2685 1526 2736 ast.
1544 2681 1657 2741 Divinis
1677 2686 1827 2748 effectibus

159 2747 231 2803 atie.
249 2745 408 2818 Propitiare
423 2746 484 2801 llno
500 2744 766 2818 supplicationibus
786 2748 905 2805 nostris.
922 2752 951 2805 et
1004 2768 1189 2837 exsequatur,
1206 2765 1327 2838 diesque
1341 2772 1396 2822 eto,

126 2834 267 2891 inclinato
282 2850 370 2906 super
385 2833 463 2889 hunc
478 2833 622 2889 famulum
638 2839 722 2891 tuum
738 2853 829 2892 cornu
850 2838 950 2910 gratia

127 2922 542 2980 sacerdotalisbenedictionis
557 2928 613 2978 tuoe
629 2923 658 2979 in
674 2941 708 2980 eo
723 2926 840 2982 effunde
858 2928 950 2984 virtu-

126 3015 196 3068 tem.
212 3012 266 3067 Per
280 3010 363 3066 Dom.

440 3116 640 3156 consscmrro.

1378 2891 1414 2929 sc
1430 2893 1452 2932 e.

1040 2960 1099 3017 Hac
1114 2976 1167 3016 nos
1187 2959 1361 3018 Communia
1383 2963 1504 3021 Domine
1527 2972 1633 3040 purget
1656 2987 1674 3027 a
1698 2973 1826 3047 crimine,

1004 3055 1032 3107 et
1057 3048 1224 3106 coeleetihus
1246 3049 1384 3108 remediis
1408 3052 1496 3110 saciat
1521 3071 1586 3113 esse
1601 3065 1761 3120 consortes.
1778 3062 1826 3123 Per

163 3190 240 3246 Deus
254 3188 400 3245 honorum
414 3188 558 3256 omnium,
576 3190 653 3245 Deus
668 3190 801 3247 omnium
823 3194 949 3268 dignita·
965 3171 987 3240 C
1007 3140 1114 3195 Duum'
1129 3137 1203 3210 (¹49)

127 3282 273 3352 tumque
283 3277 449 3351 gloriatae
460 3278 583 3334 sacratis
594 3278 775 3336 famulentur
784 3283 948 3344 ordinibus.

127 3367 204 3423 Deus
218 3366 270 3440 qui
285 3367 402 3440 Moysen
419 3366 561 3422 famulum
579 3372 663 3422 tuum
678 3369 780 3424 secreti
797 3370 950 3433 familiaris

126 3455 227 3512 sillatu
242 3455 318 3511 inter
330 3459 426 3511 cetera
442 3454 566 3511 coelestis
581 3455 757 3513 documenta
771 3459 891 3517 cultura
914 3464 949 3522 do

1173 3261 1210 3301 nn
1230 3261 1420 3302 oacmnouuu
1440 3264 1658 3311 raassrrsams.

1040 3334 1143 3391 Oratio.
1156 3333 1279 3389 Oramus
1293 3333 1476 3392 dilectissimi
1495 3337 1587 3398 Deum
1604 3344 1720 3404 Patrem
1737 3348 1822 3407 omni·

1004 3428 1161 3497 potentem,
1178 3427 1211 3478 ut
1225 3439 1315 3495 super
1328 3422 1408 3480 hunc
1424 3425 1566 3484 famulum
1583 3448 1775 3509 enumquam
1788 3440 1818 3496 ed

125 3542 521 3616 habituquoqueindumenti
532 3545 950 3610 sacerdotalisinstituenselc-
1003 3510 1176 3585 pmbyterii
1186 3529 1295 3567 mum
1311 3510 1628 3585 elegit'coelesuadm
1643 3525 1819 3601 multil’fiae‘·

125 3639 206 3690 ctum
214 3635 308 3689 Aaron
320 3633 442 3706 mystico
453 3630 561 3687 amictu
573 3631 673 3688 vestiri
682 3633 758 3690 inter
767 3639 948 3708 sacrajussi-

125 3722 173 3790 sti,
182 3727 215 3778 ut
228 3721 426 3794 intelligentia
442 3737 562 3777 sensum
577 3721 613 3776 de
627 3721 768 3795 exemplis
778 3723 893 3796 piorum
904 3744 950 3785 ce-

125 3814 206 3884 peret
220 3814 356 3867 secutura
370 3809 537 3883 posteritas,
545 3826 580 3865 ne
595 3810 720 3865 eruditio
738 3811 876 3871 doctrina
891 3819 948 3874 tue

124 3898 177 3955 ulli
192 3899 307 3956 deesset
316 3899 403 3954 atati.
415 3899 487 3954 Cum
504 3901 533 3954 et
547 3899 624 3971 apud
635 3902 746 3956 veteres
757 3905 947 3963 reverentiam

122 3986 189 4058 ipsa
204 3987 452 4060 significa¹iouum
468 3987 579 4058 speeies
595 3988 738 4060 optineret
753 3995 782 4046 et
797 3995 873 4065 apud
894 4012 948 4053 nos

124 4074 248 4130 certiora
262 4078 360 4130 essent
374 4074 570 4147 experimenta
586 4092 684 4133 rerum
700 4095 788 4150 quam
800 4081 949 4156 enigmata

125 4163 297 4235 figurarum.
306 4161 387 4218 illius
398 4179 526 4234 namque
535 4165 689 4220 sacerdotii
705 4168 858 4228 anterioris
869 4172 949 4230 habi-

123 4256 172 4307 tus
189 4256 294 4308 nostra
310 4251 418 4308 mentis
431 4255 552 4306 ornatus
568 4256 621 4307 est.
630 4252 664 4308 Et
678 4256 874 4324 pontificalem
886 4262 947 4334 glo·

124 4340 198 4397 riam
214 4357 271 4397 non
281 4341 345 4414 jam
358 4341 442 4397 nobis
452 4339 546 4396 honor
556 4343 742 4398 commendat
753 4347 947 4418 vestium‚sed

123 4428 261 4501 splendor
270 4430 449 4486 animarum.
459 4429 532 4493 Quia
546 4432 574 4484 et
590 4428 650 4496 illa,
662 4447 725 4502 qua
741 4437 810 4490 tuuc
826 4439 947 4495 carnali·

1003 3602 1056 3658 Per
1071 3601 1154 3657 Dom.

1038 3692 1111 3747 Atio.
1128 3690 1237 3746 Exaudi
1252 3707 1305 3747 nos
1314 3707 1483 3764 quesumus
1494 3693 1617 3754 Domine
1626 3700 1706 3760 Deus
1721 3710 1817 3772 noste,

1003 3785 1040 3837 et.
1057 3785 1111 3835 ete.

1314 3886 1516 3929 coasscnnrm.

1038 3956 1161 4015 Domine
1182 3961 1282 4014 sancte
1305 3958 1390 4016 Pater
1404 3961 1590 4036 omnipotens
1610 3971 1718 4029 aterno
1740 3972 1812 4044 Deos,

1002 4049 1146 4105 bonorum
1162 4050 1273 4115 auctor,
1290 4052 1345 4105 eto.

1203 4172 1239 4210 ΑΙ)
1260 4173 1447 4213 cantuariense
1466 4176 1627 4220 DIACONUM.

1038 4245 1161 4300 Oramus
1185 4242 1370 4301 dilectissimi
1394 4246 1484 4304 Deum
1510 4249 1626 4311 Patrem
1647 4257 1806 4333 omnipoten-

1002 4336 1071 4400 tem,
1088 4337 1143 4388 etc.

1037 4422 1109 4477 Atia.
1126 4421 1237 4476 Exaudi
1263 4421 1386 4480 Domine
1410 4442 1510 4498 preces
1535 4435 1664 4503 uestros,
1687 4441 1714 4493 at
1737 4449 1804 4508 super

125 4518 182 4573 hus
198 4517 425 4575 blandiebantur
440 4517 638 4591 optutibus,ea
650 4519 820 4593 potiusque
833 4524 861 4580 in
874 4527 946 4599 ipsis
961 4545 985 4612 D
1000 4511 1080 4567 hum
1095 4508 1238 4566 smmum
1254 4514 1349 4584 tuum,
1366 4517 1420 4570 θῑθ·

122 4610 206 4660 erant
218 4606 408 4681 intelligenda
418 4608 587 4681 poscebant.
595 4609 629 4663 Et
640 4607 747 4664 ideirco
757 4609 826 4668 huie
837 4614 946 4676 lamule

121 4697 275 4766 tuo,quem
287 4695 322 4750 ad
334 4696 441 4752 summi
452 4696 605 4752 sacerdotii
614 4696 809 4756 ministerium
822 4702 947 4780 elegisti,

121 4783 197 4840 hanc
212 4801 383 4856 quaesumus
393 4786 515 4842 Domine
531 4785 654 4859 gratiam
670 4786 945 4868 largiaris,utquic-

131 5022 137 5034 .
154 4954 228 5027 (tte)
246 4955 276 5010 ln
293 4971 348 5010 ms.
365 4953 436 5010 bibl.
453 4955 524 5010 Cas.
541 4954 629 5011 theol.
645 4960 698 5011 277
713 4957 837 5018 habetur
855 4981 944 5048 pecu·

119 5022 200 5080 haris
214 5027 279 5083 ordo
293 5028 413 5099 presbiter
424 5028 564 5098 episcopor
579 5029 609 5082 in
626 5030 745 5086 bernone
760 5033 879 5091 Ecclesia
899 5054 944 5094 or-

118 5094 242 5161 dinetur,
259 5098 357 5171 ibique
373 5103 438 5171 post
454 5097 617 5165 introitum,
634 5100 729 5155 Gloria
745 5104 773 5158 in
789 5108 902 5164 eccelsia
916 5113 945 5165 et

117 5168 278 5224 orationem
295 5170 571 5242 processionemque
583 5170 646 5240 jam
662 5177 862 5233 consecrandi.
874 5180 946 5237 luci·

118 5238 162 5310 pit
190 5241 367 5297 examinatio
395 5242 424 5297 in
450 5240 633 5296 ordinatione
658 5244 767 5316 cpiscpi
783 5251 944 5308 secundum

117 5311 219 5380 Gallos,
235 5313 337 5368 eadem
354 5330 416 5386 que
432 5313 461 5367 in
478 5311 640 5368 Pontibcali
663 5314 781 5372 llorrroeo
804 5318 942 5393 hebetum

116 5379 238 5506 Antiqua
251 5393 407 5441 sanctorum
419 5387 534 5441 Petrum
549 5385 684 5440 institutio
698 5385 781 5455 docet,
799 5393 853 5446 etc.

132 5520 137 5533 .
155 5452 180 5523 (t
201 5453 228 5525 9)
246 5454 278 5509 ln
293 5457 394 5512 eodem
405 5456 504 5512 codice
514 5456 683 5512 immediate
699 5462 767 5514 ante
783 5461 945 5520 missasvo·

117 5524 944 5603 tiyaa‚quarumprimaestdieDominicadesanctaTri-

101 5595 214 5673 ritmo,
232 5595 356 5656 additur
368 5599 405 5660 de
419 5599 604 5660 ordinatione
616 5599 743 5679 episcopi
757 5619 764 5660 :
780 5604 819 5662 Ad
831 5609 943 5686 pontifl-

1312 4635 1513 4681 CONSECRATIO.

1037 4705 1143 4761 Adesto
1167 4720 1337 4775 quesumus
1366 4711 1552 4785 omnipotens
1581 4716 1659 4775 Deus
1682 4719 1800 4777 torona

1000 4796 1084 4851 dator
1098 4793 1250 4850 Ordinem.

999 4981 1057 5021 cem
1071 4962 1255 5045 ordinandum
1269 4981 1334 5037 qum
1348 4968 1413 5024 eddi
1424 4970 1538 5030 debeam
1561 4977 1590 5031 in
1615 4980 1797 5038 mareotes.

998 5037 1076 5107 cerjrre
1091 5036 1205 5090 tertium
1220 5045 1275 5091 est:
1287 5037 1363 5093 Deus
1378 5039 1524 5100 honorum
1534 5047 1795 5115 omniumedbm,

999 5105 1150 5162 etidcirco
1166 5106 1233 5161 huic
1248 5108 1358 5166 famulo
1374 5115 1424 5167 tuo
1443 5129 1531 5196 quem
1556 5120 1722 5202 apostolica
1739 5117 1795 5177 sedis

1000 5176 1153 5250 praesulem
1169 5182 1197 5232 et
1213 5178 1372 5250 primatum
1387 5199 1521 5242 omnium
1556 5206 1588 5245 ui
1603 5191 1633 5247 in
1648 5195 1793 5251 orbatam·

999 5267 1064 5305 rum
1081 5253 1151 5303 sunt
1165 5250 1350 5306 sacerdotum
1365 5270 1398 5308 ae
1413 5205 1589 5317 universrhis
1613 5263 1739 5322 Ecclesia
1755 5266 1792 5315 lut

998 5323 1148 5377 doctorem
1164 5320 1269 5377 dedisti
1282 5327 1310 5377 et
1324 5323 1360 5378 ud
1380 5329 1489 5384 summi
1513 5334 1671 5392 salardotii
1696 5332 1792 5393 ministr

999 5392 1075 5473 rium
1093 5389 1217 5473 elegisti,
1235 5390 1311 5449 hane
1333 5411 1514 5469 quesumus,
1542 5405 1674 5474 Domine,
1707 5404 1790 5462 retiam.

999 5464 1143 5535 largiaris.
1161 5462 1292 5548 Trihuas·
1306 5465 1331 5521 ei
1361 5468 1531 5528 cathedram
1559 5423 1746 5547 pontifieehem
1766 5465 1789 5525 etl

998 5535 1156 5609 regendam
1184 5534 1344 5593 Ecclesiam
1382 5544 1465 5599 tuam
1494 5547 1525 5601 et
1562 5546 1677 5622 plebem
1705 5545 1789 5607 irrite¹

998 5623 1072 5668 sam.
