3878 6096
551 307 720 370 abesan.
742 308 794 367 AD
817 305 898 369 sac.
922 304 957 365 X.
976 338 1013 348 -
1028 302 1159 366 apaan
1187 312 1388 361 sisebertus.
1761 302 1824 363 356

326 447 364 499 De
378 449 485 498 irrorata
501 440 738 499 antissiodorensi.
956 439 1175 507 Al'raneorum
1196 454 1263 511 rege
1289 454 1357 494 eum
1382 436 1481 494 nautis
1503 436 1684 494 instantibus
1707 435 1823 511 regium

155 530 296 588 Similiter
311 531 347 586 ad
363 530 586 603 intelligentiam
603 529 835 601 subscriptorum
852 544 943 600 pras·
995 530 1163 584 emanasset
1171 532 1346 600 praeceptum
1356 541 1489 583 amouere
1497 531 1603 582 cuncta
1611 543 1674 599 qua
1684 543 1735 598 per
1744 526 1824 582 lcau·

118 621 255 677 ciendum
272 623 318 677 est
332 621 409 693 quod
421 621 497 692 apud
509 619 661 691 episcopos
671 617 942 673 autissiodorenses
996 633 1065 673 nam
1081 617 1203 673 fluvium
1220 615 1430 688 impedimento
1453 631 1518 671 esse
1539 618 1673 688 poterant
1697 604 1836 673 nasibus'

119 714 214 766 exstat
227 709 325 765 littera
338 708 452 782 inclyte
468 707 678 764 recordationis
698 705 822 780 Philippi
848 722 942 778 quoa·
995 705 1228 772 transvehendis,
1245 709 1429 761 exsecutores
1444 703 1601 777 superbos
1619 704 1751 776 deputati
1766 704 1824 762 alis

119 800 186 855 dam
202 796 278 871 regis
294 798 483 864 Francorum,
499 814 532 853 ex
558 797 643 868 cujus
657 795 732 851 seria
748 793 824 850 inter
838 797 943 851 catera
996 794 1022 851 el
1038 795 1151 867 majora
1166 810 1254 866 quam
1272 793 1464 850 commissum
1480 792 1536 849 sibi
1548 793 1707 864 requireret
1718 793 1823 851 minis·

118 887 346 960 deprehenditur
361 885 597 957 evidenter‚qnod
610 883 634 939 si
645 900 743 940 comcs
753 882 942 940 Niverncnsis
994 884 1194 951 terium,sicut
1208 883 1237 938 iu
1255 881 1401 956 plerisque
1413 882 1499 937 malis
1510 880 1600 938 moris
1610 887 1754 956 cst,agere
1763 884 1824 957 glo-

118 981 264 1033 monetam
280 992 384 1031 novam
401 974 467 1031 audi
484 975 576 1029 faeere
591 972 737 1042 velit,cam
753 972 856 1028 debite
866 971 942 1044 lega·
996 970 1283 1039 riantes‚traheculas
1298 972 1372 1027 duas
1388 970 1417 1026 in
1433 969 1568 1026 Boehelio
1584 969 1691 1027 subtus
1701 975 1823 1044 pontem

117 1065 206 1121 litatis
222 1069 250 1120 et
265 1063 401 1137 ponderis
419 1063 446 1118 in
459 1064 523 1135 jam
539 1062 617 1118 dicta
631 1062 728 1118 littera
738 1059 940 1134 comprehensi
994 1060 1198 1125 autissioderi.
1214 1061 1292 1132 qued
1316 1059 1425 1133 proprii
1439 1058 1518 1130 juris
1533 1063 1561 1115 et
1576 1059 1763 1132 proprietatis
1777 1065 1824 1118 est

116 1154 183 1209 cudi
199 1152 284 1209 faciet
296 1157 324 1208 ot
338 1169 467 1224 persone
482 1152 640 1208 comitatus
655 1149 841 1207 Nivornensis
853 1148 942 1207 eccle·
995 1150 1286 1223 episcopatus‚fundo
1301 1148 1433 1204 flaminis
1448 1149 1605 1205 infixerunt
1615 1148 1684 1205 hinc
1695 1149 1762 1206 inde
1773 1152 1824 1207 tlo÷

116 1240 239 1295 siastica
254 1256 318 1294 eam
335 1240 571 1311 quandocunque
586 1238 851 1306 voluerint,faciant
865 1253 941 1292 com·
995 1256 1041 1296 res
1055 1239 1109 1295 lilii
1126 1241 1233 1295 ferreos
1247 1239 1278 1295 iu
1297 1239 1416 1312 signum
1441 1237 1548 1310 regalis
1571 1238 1693 1294 dominii
1718 1255 1822 1295 earum

118 310 179 371 set

115 1328 375 1402 probaciContigit
389 1338 487 1384 autem
504 1329 581 1400 quod
606 1327 713 1384 nobilis
727 1327 770 1383 vir
785 1327 846 1382 Odo
862 1325 940 1381 illius
995 1328 1217 1384 summitatibus
1233 1326 1823 1400 imponentes‚quasstatimauditarehu·

115 1418 199 1474 dricis
214 1417 454 1490 Burgundiaqui
471 1417 581 1472 ratione
595 1417 692 1472 uxoris
707 1415 805 1473 suain
816 1415 940 1471 comita·
990 1414 1687 1489 jusmodianimosusvirfecitpotcntereruietin
1698 1416 1822 1472 domum

113 1511 176 1562 tum
193 1511 430 1569 successemtnnr
439 1510 536 1561 actam
547 1522 651 1561 novam
662 1503 855 1560 Antissiodori
868 1503 940 1559 face·
994 1504 1187 1578 episcopalem
1199 1504 1420 1560 transferri.Sed
1430 1503 1655 1577 proplerhocad
1664 1505 1823 1578 regisprae-

115 1612 145 1650 re
161 1595 228 1650 cudi
245 1595 341 1666 coepit,
358 1612 447 1667 quam
468 1591 675 1649 ministeriales
690 1595 754 1665 ejus
770 1593 833 1666 ipso
849 1592 878 1647 in
895 1608 938 1647 re·
994 1596 1119 1650 sentiam
1137 1593 1363 1667 procurantibus
1378 1593 1491 1649 aemulis
1506 1597 1653 1661 evocatus,
1668 1594 1823 1667 proposuit

115 1683 202 1739 motis
216 1688 330 1757 agente,
347 1684 476 1739 nondam
493 1686 590 1739 lamen
607 1683 759 1755 probatam
775 1700 792 1737 a
807 1680 939 1754 personis
993 1699 1090 1740 eoram
1104 1700 1138 1739 eo
1153 1683 1231 1755 quod
1247 1699 1313 1738 cum
1330 1683 1407 1756 regis
1418 1681 1625 1738 ministeriales
1640 1681 1705 1754 ipso
1720 1683 1822 1739 minus

114 1771 409 1833 ecelesiasticissicut
424 1772 483 1828 fieri
500 1772 610 1840 debuit,
625 1772 696 1844 quin
712 1771 809 1843 potius
824 1767 937 1837 insciis,
954 1803 976 1868 B
993 1771 1134 1845 requisito
1149 1770 1290 1828 mittendo
1300 1769 1465 1826 trabeculas
1477 1770 1506 1826 iu
1519 1769 1654 1826 Bochello
1665 1771 1743 1842 quad
1755 1786 1822 1843 pro·

114 1864 312 1933 exposuerunt
327 1860 443 1933 publice
458 1859 778 1929 cursualem,facicntes
793 1859 939 1933 generali·
995 1861 1049 1933 prii
1065 1860 1187 1917 dominii
1201 1864 1228 1915 et
1239 1859 1316 1930 juris
1331 1858 1518 1931 episcopatus
1529 1859 1752 1925 existebat,cum
1769 1876 1822 1916 nee

113 1953 157 2005 ter
171 1948 344 2021 proclamari
357 1949 412 2004 sub
424 1948 703 2021 multagravissima
714 1948 828 2020 nequis
839 1963 938 2004 mone·
993 1951 1071 2002 esset
1086 1946 1114 2002 in
1131 1963 1164 2002 eo
1180 1946 1296 2018 penitus
1312 1945 1422 2018 aliquid
1448 1946 1525 2018 quod
1550 1943 1675 2002 liberum
1699 1946 1820 2003 navium

112 2041 173 2093 tam
188 2037 276 2093 alinm
293 2037 422 2092 mitteret
437 2036 478 2092 vol
495 2036 636 2110 reciperet
650 2041 753 2111 praeter
769 2037 859 2103 illam,
871 2036 940 2093 licet
993 2035 1151 2092 transitum
1167 2034 1333 2107 impediret,
1348 2033 1427 2091 ultra
1441 2034 1515 2091 finos
1531 2034 1661 2091 mandati
1686 2034 1821 2093 fimbrias

113 2126 208 2182 adhoc
222 2126 355 2198 ejusdem
369 2130 490 2182 moneta
507 2127 612 2182 raritas
624 2126 877 2198 tantacssetquod
887 2142 938 2197 pro
993 2124 1203 2190 extendissent,
1220 2141 1269 2179 eas
1281 2125 1361 2195 juste
1380 2127 1495 2179 eruerat
1511 2140 1517 2178 :
1532 2123 1633 2195 sicque
1649 2123 1760 2179 factum
1776 2128 1822 2181 est

112 2214 225 2271 decima
239 2220 319 2286 parte
334 2232 392 2271 non
408 2215 556 2271 sufficeret
571 2215 674 2271 usibus
690 2215 760 2288 reip.
778 2219 806 2271 et
816 2208 937 2288 popula·
993 2212 1070 2286 quod
1086 2213 1133 2269 his
1149 2216 1177 2269 et
1191 2212 1256 2269 aliis
1272 2212 1507 2285 perorationibus
1528 2212 1658 2268 confusis
1673 2217 1702 2268 et
1717 2216 1821 2287 stupe·

112 2304 194 2360 ribus
209 2303 532 2376 alimentisdpiscopus
547 2303 788 2376 autem‚capitulo
800 2306 828 2359 et
838 2319 937 2375 perso·
993 2302 1077 2359 factis
1092 2301 1267 2358 adversariis
1283 2301 1356 2357 liber
1369 2301 1461 2357 victor
1475 2301 1610 2357 abcessit.

112 2392 159 2446 nis
174 2391 380 2447 ecclesiasticis
396 2390 523 2448 civitatis
538 2409 597 2446 suae
613 2392 778 2447 conuocatis
789 2391 818 2446 iu
833 2408 936 2461 unum,
1188 2397 1227 2447 De
1240 2391 1367 2461 aedificiis
1381 2405 1442 2462 qaae
1457 2392 1620 2447 construxit.

113 2481 148 2535 ad
162 2496 262 2535 eorum
279 2479 449 2535 instantiam
465 2480 580 2535 monuit
595 2479 800 2537 ministeriales
820 2480 936 2537 cernitis
1028 2480 1150 2546 Quantis
1162 2484 1258 2536 autem
1273 2479 1462 2536 edificiorum
1474 2479 1683 2536 additamentis
1695 2479 1761 2537 loca
1772 2481 1822 2538 do-

113 2571 146 2624 ut
161 2568 237 2640 quod
254 2577 343 2639 super
357 2566 403 2623 bis
414 2571 606 2623 attentaverat
616 2568 646 2624 in
658 2567 814 2640 pristinum
827 2572 936 2625 statum
992 2586 1107 2625 morum
1123 2567 1333 2642 episcopalium
1356 2568 1503 2625 decoravit
1527 2569 1645 2626 silentio
1670 2571 1822 2643 preterire

113 2657 283 2713 reducerent
295 2661 323 2712 et
338 2660 485 2712 monetam
501 2656 595 2730 ipsam
616 2656 786 2713 exhiberent
810 2657 937 2730 proban·
991 2656 1114 2731 dignum
1131 2675 1189 2713 non
1206 2663 1260 2714 est.
1276 2656 1470 2713 Autissiodori
1487 2673 1614 2730 namque
1621 2659 1707 2729 juxta
1717 2658 1820 2716 aulam

111 2746 271 2818 dam,quod
283 2745 376 2801 facere
386 2745 841 2818 recusaruntlipiscopusautam
852 2745 936 2801 habi·
990 2746 1185 2820 episcopalem
1201 2747 1353 2819 antiquam
1369 2746 1457 2802 aliam
1473 2746 1621 2820 geminam
1638 2747 1718 2804 mira
1731 2765 1821 2805 cenu-

112 2837 141 2891 to
156 2850 224 2890 cuae
240 2832 350 2889 eisdem
366 2834 499 2906 personis
514 2831 718 2890 ecelesiasticis
728 2834 851 2891 coneilio
863 2849 935 2907 pre·
990 2835 1075 2892 statis
1086 2836 1183 2891 aulam
1193 2853 1283 2907 supra
1291 2835 1470 2891 testudinem
1482 2834 1625 2907 lapideam
1639 2836 1668 2892 in
1679 2853 1741 2910 qua
1751 2837 1820 2896 vina

112 2922 236 2979 sentiam
253 2922 412 2978 recolendas
435 2923 581 2979 memoria
607 2923 743 2979 Ludovici
768 2927 838 2979 tunc
859 2923 936 2997 regis
989 2928 1200 2982 consueverant
1215 2924 1314 2996 reponi
1326 2941 1391 2980 arce
1402 2924 1586 2981 cementaria
1596 2924 1817 2998 prepollentem

112 3013 290 3069 Francorum
305 3011 358 3067 viri
374 3010 616 3068 christianissimi
631 3028 698 3068 cum
708 3011 813 3068 litteris
826 3012 881 3068 ilde
892 3012 935 3071 di·
989 3014 1080 3069 erexit
1094 3012 1300 3069 fenestralibus
1316 3012 1461 3084 aperturis
1485 3015 1652 3082 exstructis,
1665 3013 1820 3087 sculptura

111 3102 178 3175 gnis
194 3102 302 3157 factum
319 3101 525 3156 attestantibus
541 3100 732 3173 personaliter
746 3100 873 3173 expetiit,
888 3099 935 3155 cui
990 3102 1140 3174 spectabili
1155 3101 1313 3174 vitreisque
1328 3101 1485 3174 perlucidis
1509 3100 1699 3173 illustratam,
1715 3103 1764 3159 cui
1780 3104 1818 3160 ad

111 3190 151 3246 rei
168 3191 286 3260 damna,
302 3189 407 3245 seriem
421 3195 450 3245 et
465 3189 613 3262 querelam
630 3190 807 3262 patefaciens
817 3171 972 3262 popula-G
991 3191 1079 3246 divini
1096 3190 1194 3247 cultus
1208 3190 1347 3246 honorem
1364 3189 1506 3263 capellam
1517 3191 1666 3263 geminam
1677 3208 1735 3247 non
1748 3192 1820 3249 infe·

112 3295 185 3346 rem,
200 3277 326 3333 obtinuit
337 3278 373 3333 ab
386 3278 486 3334 eodem
499 3282 621 3334 monetae
634 3278 820 3335 fabricatores
831 3278 934 3351 expelli

111 3371 139 3423 et
153 3383 218 3423 eam
235 3366 406 3422 auctoritate
423 3367 502 3439 regia
518 3383 568 3438 per
583 3365 728 3423 civitatem
754 3367 933 3424 Autissiodo-

111 3471 226 3511 rensem
243 3453 359 3528 publice
373 3453 541 3511 declamari.

111 3553 236 3621 Quartiter
262 3553 393 3679 reliquii!
425 3552 589 3624 templarios
619 3570 743 3610 emoriere
773 3570 935 3626 campanam

324 3641 338 3678 o

163 3641 245 3696 quom
261 3626 290 3679 in
340 3640 383 3679 mo
397 3640 447 3679 sna
462 3623 494 3679 dc
508 3625 670 3680 Moneatelto
686 3625 879 3697 appenderent.

145 3721 220 3777 Illud
235 3721 322 3778 etiam
339 3720 502 3777 memoriali
519 3722 689 3778 membrana
702 3722 846 3779 conscribi
870 3722 933 3796 dig-

49 3845 52 3849 ·
110 3828 181 3866 nam
198 3815 251 3879 est,
268 3811 345 3883 quad
367 3827 433 3866 cum
449 3809 604 3882 Tcmplacii
622 3809 700 3866 soliti
717 3829 777 3867 sure
794 3810 934 3867 termines

110 3900 246 3955 excedere
256 3898 441 3968 libertatis,et
451 3900 528 3970 qnod
543 3899 579 3955 ab
591 3899 750 3972 apostolico
761 3916 932 3956 eoncessum

110 3991 155 4043 est
170 3986 212 4042 eis
223 3987 257 4041 ad
273 3986 580 4058 graliamconrcrtere
590 3988 758 4060 frequenter
768 3989 804 4045 ad
816 4006 932 4057 noxam,

110 4091 285 4146 campanam
300 4074 459 4146 quamdam
475 4076 503 4130 in
520 4075 606 4132 domo
626 4094 680 4133 sua
702 4078 737 4133 de
761 4076 933 4134 ltlonastcllo

111 4161 321 4234 appendissent
331 4161 360 4215 in
372 4159 464 4216 altum
475 4161 649 4243 publiceque
659 4163 811 4236 pulsarent
821 4164 857 4218 ad
868 4180 935 4219 con·

990 3280 1075 3335 rioris
1090 3284 1255 3347 structura,
1272 3284 1301 3336 et
1315 3295 1462 3336 cameram
1482 3279 1630 3352 duplicem
1655 3280 1819 3339 efficientes

989 3365 1820 3440 inferiusetsuperiusipsamaulamcumjucundeerisio·

990 3456 1036 3512 nis
1051 3455 1191 3513 turricula
1206 3457 1318 3512 decenti
1335 3456 1460 3513 situatas
1474 3455 1575 3512 ordine
1589 3456 1754 3526 coniunxit.
1770 3457 1828 3514 la·-

990 3561 1079 3618 super
1092 3561 1239 3600 cameram
1254 3545 1480 3617 episcop.supra
1494 3543 1649 3600 Pratcllum
1664 3548 1817 3603 veternam

989 3635 1086 3706 etjam
1098 3633 1179 3689 senio
1191 3632 1383 3689 collabantem
1393 3631 1477 3706 quasi
1490 3632 1624 3689 funditus
1632 3634 1819 3706 reparavitet

989 3722 1019 3778 in
1035 3722 1243 3795 elegantiorem
1258 3720 1393 3778 reextulit
1407 3721 1535 3794 speciem
1551 3721 1697 3792 novitatis,
1711 3740 1817 3780 rursus

989 3828 1056 3867 cum
1073 3811 1227 3868 abeodem
1243 3808 1367 3867 Pratcllo
1379 3827 1474 3882 usque
1488 3811 1524 3866 ad
1541 3810 1702 3884 prisionem
1720 3812 1817 3885 perde

989 3901 1095 3956 subtus
1110 3917 1126 3955 a
1142 3903 1223 3972 parte
1240 3901 1351 3954 icauna
1372 3899 1490 3971 pervius
1505 3897 1642 3955 etfacilis
1666 3899 1749 3956 nulla
1771 3900 1818 3957 vel

989 4005 1110 4061 prorsus
1124 3987 1221 4043 inutili
1237 3987 1397 4044 obsistente
1411 3985 1548 4043 clausura
1564 3987 1600 4043 ad
1617 3987 1741 4044 domum
1755 3987 1817 4062 epi·

990 4076 1135 4150 scopnlem
1152 4080 1262 4149 pateret
1277 4093 1428 4141 ascensus,
1441 4074 1625 4132 murianovis
1641 4091 1674 4130 ac
1691 4077 1817 4133 fartibus

990 4165 1170 4239 portelloque
1185 4169 1212 4222 et
1225 4165 1454 4238 propugnaculis
1464 4164 1561 4238 operis
1571 4164 1740 4238 sumptuosi
1751 4165 1816 4222 visu

109 4250 273 4307 vocandum
289 4247 431 4322 populum
447 4266 498 4320 pro
514 4248 620 4306 divinis
636 4251 663 4306 in
684 4260 785 4307 eorum
809 4251 934 4308 oratoria
990 4252 1751 4328 pulcherrimisillumambitumcircumcinxitllpud
1762 4254 1817 4311 lte·

110 4338 274 4405 audiendis,
291 4355 403 4394 necnon
419 4337 651 4394 benedictionem
666 4340 861 4411 quorumdam
879 4358 933 4396 nu·
990 4360 1116 4416 genuam
1127 4343 1433 4416 prapehpoigniacum
1444 4341 1817 4414 nobilisepiscopihabita·

110 4429 241 4486 beatium
258 4432 367 4484 temere
391 4425 634 4483 solemnisassent
658 4428 766 4484 ibidem
790 4446 858 4484 cum
880 4429 935 4486 hoe
990 4432 1088 4489 culum
1106 4433 1191 4504 cujus
1207 4432 1351 4489 ambitum
1363 4432 1471 4488 Icauna
1484 4430 1711 4503 fluviusaparta
1722 4435 1817 4504 posto·

109 4518 151 4575 eis
166 4535 200 4575 ex
215 4517 431 4591 privilegiorum
446 4532 567 4572 suorum
583 4515 736 4590 largitione
748 4534 934 4591 nequaquam
949 4540 972 4606 q)
990 4520 1057 4577 riori
1067 4519 1817 4594 perlateracircumcingit,inprimisniueumquem·

109 4606 219 4671 liceret,
235 4622 284 4662 eos
299 4606 437 4662 canonice
453 4604 567 4661 monuit
584 4609 615 4659 ut
630 4611 797 4662 amoverent
812 4624 934 4680 campau
988 4611 1056 4665 dam
1066 4609 1393 4682 abunapartelluviiad
1405 4606 1816 4665 alteramincludeatemcou·

111 4710 178 4751 nam
189 4698 217 4750 et
228 4695 306 4766 quod
318 4712 408 4767 super
416 4693 617 4751 benedictione
628 4693 798 4767 hujusmodi
809 4695 932 4768 nuptiali
987 4699 1101 4754 tineam
1110 4701 1138 4754 et
1147 4697 1265 4770 planam
1274 4701 1356 4753 terra
1365 4697 1612 4769 intercapedinem
1621 4698 1657 4753 ab
1669 4696 1816 4753 anteriore

111 4787 368 4856 praesumpserant,
383 4784 573 4839 emendarent
587 4783 692 4851 eidem,
708 4786 786 4858 quod
802 4784 874 4857 ipsis
890 4786 933 4841 fa·
988 4792 1070 4860 parte
1084 4787 1159 4843 inter
1181 4786 1353 4842 forteritiam
1379 4790 1407 4843 et
1431 4787 1541 4843 fossata
1561 4786 1735 4853 construxit,
1755 4785 1816 4859 pri·

110 4888 175 4928 cere
190 4871 525 4945 recusantibus,quercla
540 4872 596 4928 fuit
611 4873 646 4928 ad
662 4873 841 4930 audientiam
858 4890 934 4930 reve
989 4891 1130 4949 mumque
1147 4875 1185 4931 ibi
1202 4874 1348 4931 ordinarit
1363 4875 1527 4941 introitum,
1539 4873 1586 4930 cui
1602 4890 1688 4930 muro
1698 4874 1816 4931 stabula

71 4971 78 4984 '
110 4978 171 5018 ren.
182 4959 273 5032 patris
288 4960 415 5017 Simonis
428 4959 477 5016 Dei
492 4961 587 5034 gratia
601 4960 678 5017 tituli
694 4968 801 5018 sancte
815 4962 932 5018 oaecitie
987 4967 1023 5023 ad
1032 4982 1123 5038 equos
1133 4963 1371 5037 proipsiusmuri
1382 4963 1564 5037 longitudine
1574 4966 1746 5019 constructa
1754 4980 1817 5037 per·

111 5050 270 5125 presbyteri
287 5047 445 5106 cardinalis
460 5048 610 5122 fungentis
624 5055 694 5106 tune
710 5051 933 5124 officiolcgatio-
988 5055 1055 5111 inde
1072 5054 1151 5109 intus
1171 5053 1313 5124 adjunxit,
1329 5053 1434 5109 deindo
1460 5051 1627 5108 clausuram
1638 5051 1816 5110 munitionis

110 5138 156 5196 ais
171 5139 201 5195 in
218 5139 350 5212 partibus
363 5136 522 5195 Gallicanis
538 5136 764 5210 perlate‚corum
780 5157 837 5212 quo
852 5144 933 5196 tanto
988 5140 1143 5198 lateritiam
1160 5141 1309 5197 ruinosam
1322 5145 1350 5195 et
1359 5157 1411 5214 pro
1422 5145 1504 5214 parte
1514 5138 1744 5212 collapsam,aee
1758 5140 1817 5199 fere

109 5227 208 5301 vigore
223 5227 374 5301 negotium
387 5230 560 5300 prosecutus
575 5225 639 5292 fuit,
657 5228 735 5299 quod
746 5228 849 5299 injure
860 5246 933 5301 pra·
988 5235 1102 5304 partam
1111 5227 1265 5284 dimidiam
1277 5229 1408 5286 ambitus
1419 5227 1818 5303 accingentemmurisegm-

109 5316 209 5373 ualens
224 5316 350 5374 obtinuit
365 5332 416 5390 per
439 5314 525 5389 legati
541 5316 716 5373 senteutiam
732 5317 934 5374 condemnatis
987 5319 1043 5393 giis
1059 5335 1110 5391 pro
1127 5317 1242 5374 tantula
1255 5321 1337 5391 parte
1361 5317 1506 5385 lateritiis,
1522 5321 1668 5391 quantum
1693 5317 1817 5377 ruinam

109 5403 167 5460 sibi
183 5403 358 5478 Templariis
373 5421 506 5462 amovere
518 5408 734 5476 campanam,ct
744 5407 822 5478 quod
837 5406 873 5463 de
884 5408 932 5463 be·
988 5407 1083 5481 potuit
1098 5405 1265 5463 ministrare
1282 5406 1411 5464 maceria
1426 5411 1455 5462 et
1469 5424 1521 5479 pro
1536 5409 1597 5463 totu
1610 5403 1731 5462 residuo
1744 5404 1819 5481 lepi-

110 5491 274 5549 aedictioae
288 5494 462 5551 nubentium
479 5494 655 5549 attentatum
666 5492 761 5549 fuerat
771 5495 931 5553 emendari.
988 5497 1050 5554 deis
1066 5493 1354 5568 propugnaculisque
1364 5493 1819 5569 etturribusrestituitundique

111 5579 260 5657 Regaaute
276 5581 388 5660 inclyta
399 5580 609 5641 recordationis
621 5582 766 5641 Luderico
777 5584 828 5643 Dei
838 5586 934 5660 gratia
987 5585 1286 5659 circumseptispuxta
1300 5586 1386 5659 eujus
1401 5585 1554 5644 introitum
1569 5582 1675 5653 turrim
1690 5583 1818 5659 quadra·
