3878 6098
119 304 199 368 {081
498 307 651 371 VERSUS
673 309 724 371 ET
747 307 969 371 OllATlONHS
992 308 1030 369 lx
1054 307 1173 370 COENA
1196 310 1348 384 DOMINI,
1371 309 1458 376 E'lG.
1749 323 1828 385 1082

116 442 190 498 dere
206 441 235 498 in
251 444 369 509 terram,
385 443 416 498 et
439 440 474 498 de
498 458 552 498 suo
578 441 721 516 sanguine
743 458 795 500 ros
813 442 946 500 redemit.
962 443 990 510 Α
1040 444 1144 501 Sancte
1159 444 1268 501 Albane
1283 445 1342 504 tuis
1357 451 1420 504 esto
1436 448 1535 506 lavens
1550 430 1671 510 meritis.
1718 459 1826 516 Ardua.

115 533 278 589 Benedicat
304 532 446 587 Dominus
472 526 669 588 sacerdotium
692 537 836 600 vestrum,
852 540 881 589 et
903 534 948 589 in·
1003 533 1109 600 Vlctor,
1126 533 1289 592 Alexander
1304 538 1417 594 meritis
1432 541 1549 613 utrique
1564 543 1641 599 beati

116 622 240 679 troitum
256 625 397 678 vestrum.
413 619 546 676 Alleluia.
563 622 624 677 Aret.
649 622 715 677 Vidi
740 639 846 695 nquam
867 639 949 696 egre·
1037 625 1128 696 Nobis
1143 631 1223 683 orate
1238 627 1273 682 de
1288 627 1412 684 Domino
1426 630 1552 688 veniam.
1718 637 1829 695 Ardua.

115 712 247 768 dientem
272 712 308 767 de
334 711 443 783 templo
468 712 504 767 cle
529 711 619 767 latere
645 712 756 782 dextro,
772 711 898 769 alleluia.
914 714 950 769 Et
1002 714 1159 786 Splendida
1174 715 1312 772 Silvestor
1327 717 1466 792 Gregorio
1481 727 1582 778 sancte
1596 725 1749 798 magister?

115 817 221 856 omnes
237 800 273 855 ad
290 816 364 871 quos
380 799 511 872 pervenit
534 816 611 872 aqua
633 800 689 856 ista
709 799 780 856 salvi
798 801 864 857 lacti
879 806 949 858 sunt
1037 803 1095 859 Nos
1112 820 1227 877 quoque
1242 807 1331 889 sociis
1346 807 1416 864 lerte
1428 808 1558 880 juvando
1575 812 1660 886 polis.
1757 816 1827 872 And.

114 894 148 946 et
161 890 259 945 dicent
271 888 397 945 Alleluia
423 888 549 945 alleluia.
567 892 628 945 Aut.
646 890 678 945 ln
694 890 741 945 die
756 890 948 948 resurrectio·
1002 892 1023 948 O
1040 892 1164 949 Martiae
1179 894 1240 962 Dei,
1257 896 1408 954 confessor
1420 916 1536 958 summe
1551 904 1686 959 sacerdes
1786 963 1789 969 ,

114 979 165 1036 nis
179 995 249 1035 mea
265 979 337 1034 dicit
351 978 494 1034 Dominus
509 977 629 1034 alleluia
643 981 826 1054 congregabo
846 983 948 1053 gentes
1038 982 1160 1039 (lemma
1175 986 1360 1042 sacerdotum
1372 987 1515 1046 auxilium
1529 991 1570 1048 ier
1581 1009 1679 1065 ymon.
1718 996 1826 1053 Ardua.

113 1073 146 1124 et
161 1068 297 1141 colligam
314 1084 404 1140 regna
423 1071 451 1124 et
475 1069 625 1124 effundam
651 1086 739 1141 super
761 1087 813 1125 vos
838 1086 946 1142 aquam
1001 1070 1023 1126 O
1039 1072 1190 1129 Benedicta
1207 1074 1291 1129 Pater
1306 1076 1515 1133 monachorum
1532 1078 1671 1153 Galleque
1687 1082 1776 1139 irater

113 1159 270 1214 mundam.
287 1156 419 1213 Alleluia.
436 1161 497 1215 Ant.
518 1157 610 1212 Maria
625 1163 653 1213 et
669 1158 783 1214 Martha
806 1175 874 1214 cum
900 1177 946 1215 ve·
1036 1160 1108 1216 Cum
1125 1162 1246 1235 reliquis
1261 1165 1372 1222 sanctis
1388 1183 1440 1222 nos
1456 1168 1580 1224 refovete
1596 1169 1679 1243 polis.
1717 1172 1826 1229 Ardua.

112 1248 233 1302 nisseat
247 1248 283 1302 asl
300 1250 526 1302 monumentum
542 1246 637 1320 augeli
655 1247 843 1320 splendentes
859 1266 948 1321 appa⁴
1000 1249 1126 1307 Maxime
1141 1253 1176 1307 de
1192 1252 1311 1308 Francis
1322 1254 1436 1326 superis
1452 1257 1739 1328 cunjuncteeatervis

112 1336 859 1408 rueruntdicentes:01mmqueritisvivcntemeum
871 1354 947 1394 mor·
1036 1340 1141 1396 Sancte
1157 1341 1296 1398 Othmare
1311 1346 1395 1398 tuum
1411 1343 1525 1402 letifica
1541 1347 1691 1420 populum.
1716 1351 1825 1407 Ardua.

110 1426 185 1493 tuis,
202 1443 258 1482 aen
274 1429 320 1482 est
334 1425 380 1480 bic
396 1426 491 1481 venite
507 1430 536 1481 et
551 1425 647 1481 videte
663 1425 760 1481 locum
777 1426 826 1481 ubi
839 1427 944 1498 jacuit.
1000 1427 1100 1484 laclite
1115 1430 1219 1502 Magne
1234 1435 1315 1486 tuam
1330 1431 1461 1489 clemens
1475 1452 1554 1490 nunc
1568 1435 1679 1510 inspice
1695 1438 1808 1511 plebem

109 1516 176 1572 Cito
201 1519 306 1572 euntes
330 1514 418 1570 dicite
445 1514 600 1587 discipulis
615 1516 690 1586 ejus,
706 1519 736 1571 et
751 1516 834 1572 Petro
850 1531 857 1572 :
875 1516 944 1571 Sur·
1036 1518 1191 1574 Pontifices
1207 1519 1281 1577 fidos
1295 1537 1328 1577 ac
1344 1520 1473 1594 reliquos
1488 1523 1615 1580 lamulos
1717 1529 1825 1585 Ardua.

110 1604 188 1660 rexit
201 1604 343 1672 cbristus
364 1604 415 1676 qui
430 1603 538 1660 creavit
557 1604 666 1672 omnia,
683 1607 713 1660 et
737 1605 876 1662 misertus
898 1609 945 1661 est
997 1605 1251 1680 Virgineosllores
1266 1610 1363 1682 Agnes
1378 1611 1564 1684 Agatbesque
1578 1613 1703 1672 ferentes

109 1694 244 1751 humano
259 1694 369 1768 generi.
385 1692 467 1750 Allel.
1033 1695 1148 1753 Auxilia
1165 1698 1268 1755 vestris
1282 1698 1381 1755 addite
1396 1716 1448 1754 nos
1464 1701 1561 1769 sociis,
1716 1705 1826 1760 Ardua.

956 1817 981 1882 B
999 1783 1048 1840 His
1064 1784 1244 1859 waldburga
1260 1803 1358 1844 comes
1373 1793 1490 1846 nostras
1504 1790 1552 1862 pin
1566 1789 1683 1864 suscipe
1698 1809 1784 1851 noces

972 1945 975 1949 ,
1032 1873 1211 1931 Nosetcum
1224 1875 1625 1952 anpretcgesanetapolo,
1716 1882 1826 1938 Ardua.

148 1965 211 2019 Ant.
228 1963 300 2019 Cum
317 1980 367 2019 rea
381 1961 478 2035 gloria
492 1962 626 2018 Christus
650 1962 795 2018 infernum
812 1963 939 2020 debella·
994 1961 1139 2019 Innocuos
1155 1979 1261 2035 pueros
1275 1981 1450 2022 resonemus
1465 1965 1553 2023 laude
1568 1973 1703 2041 peractos

110 2056 198 2108 turus
213 2053 344 2119 intraret,
357 2056 385 2107 et
396 2051 503 2108 rhemis
513 2051 663 2124 angelicus
678 2056 745 2108 ante
761 2051 864 2109 laniem
875 2054 940 2127 ejus
1031 2050 1085 2115 Oui
1102 2052 1188 2107 modo
1204 2068 1257 2107 nos
1272 2053 1465 2123 puerosdant
1479 2070 1616 2111 resonare
1636 2056 1738 2113 melos.
1756 2057 1825 2114 Ard.

109 2146 213 2214 portas
229 2140 394 2214 principum
410 2139 471 2195 tolli
488 2140 657 2212 preciperet
668 2145 838 2197 sanctorum
850 2159 940 2215 popa·
993 2137 1104 2194 Omnes
1119 2156 1135 2194 o
1151 2139 1245 2195 saneti
1260 2144 1365 2197 nostre
1381 2143 1541 2201 eeceurrite
1554 2142 1621 2200 vitae

107 2229 167 2297 lus,
185 2230 236 2302 qui
249 2229 405 2285 tenebatur
418 2228 449 2284 ia
464 2232 557 2285 morte
573 2230 792 2301 captivus,voee
806 2230 940 2288 lacrima·
994 2227 1104 2300 Perque
1115 2244 1230 2285 cracem
1244 2235 1375 2287 sanctam
1391 2230 1471 2288 salva
1486 2248 1540 2289 nos
1555 2233 1614 2306 llpo
1629 2233 1788 2290 redemtor.

108 2319 161 2375 bili
177 2318 352 2374 clamaverat
368 2335 374 2372 :
393 2313 536 2374 advenisti
551 2317 769 2385 Desiderabilis‚
786 2337 874 2393 quem
890 2338 939 2377 er·
1700 2322 1824 2379 Omnes.

108 2409 317 2481 spectabamus
344 2407 375 2462 ia
398 2407 537 2474 tenebris,
563 2412 597 2464 ut
620 2408 759 2465 educeres
777 2409 832 2466 hae
854 2414 939 2466 nocta
994 2403 1040 2460 lfa
1054 2405 1147 2477 (leque
1162 2410 1213 2462 tua
1228 2407 1357 2464 clemens
1377 2425 1430 2464 noe
1446 2408 1525 2482 eripe
1539 2409 1662 2466 Cheiste.
1705 2412 1824 2469 Omnes·

106 2496 938 2572 a·inculatosdeclaustris.'lenostrauocabantsuspirin‚
993 2493 1655 2571 NuspeccateresuuditeChriaterogamus.
1704 2498 1823 2556 Omnes·

109 2592 138 2643 te
152 2587 236 2660 larga
250 2587 438 2658 requirebant
448 2583 577 2642 lamenta
587 2603 655 2642 eum
667 2588 760 2644 laetus
771 2605 803 2644 es
814 2594 881 2661 'spes
892 2589 940 2645 de·
993 2582 1030 2638 Ut
1046 2601 1149 2655 paoem
1162 2585 1247 2642 nobis
1257 2587 1348 2642 dones
1363 2591 1391 2642 te
1406 2587 1518 2643 Christe
1532 2602 1682 2655 rogamus.
1703 2587 1824 2647 Omnes.

109 2676 237 2749 speratis
252 2693 360 2749 magna
384 2674 545 2731 consolatio
569 2675 598 2730 in
624 2678 788 2733 tormentis.
804 2677 937 2734 Alleluia.
993 2672 1110 2728 Crimen
1121 2680 1248 2731 utomne
1260 2674 1542 2749 tuissolvastellpe
1555 2692 1704 2749 rogamus.
1743 2677 1824 2740 Ome.

110 2772 176 2823 Ant.
192 2766 278 2822 Sedet
291 2764 420 2838 Angelus
435 2765 471 2820 ad
487 2763 655 2838 sepulerum
671 2766 786 2822 Domini
798 2767 940 2824 stolaela-
993 2761 1078 2816 A'urae
1093 2768 1128 2817 ut
1142 2762 1313 2836 temperiem
1330 2765 1421 2820 denes
1436 2764 1539 2836 te-Xpe
1553 2781 1703 2837 regamus.
1717 2766 1825 2823 Omnes

110 2855 208 2911 ritatis
222 2858 387 2927 coopertus.
402 2853 513 2909 Videas
527 2871 595 2910 eum
610 2853 748 2911 mulieres
760 2855 852 2912 nimio
877 2861 938 2912 ter-
993 2848 1031 2905 Ut
1045 2851 1146 2923 fruges
1160 2855 1245 2907 terrm
1260 2852 1351 2909 denes
1366 2858 1394 2910 te
1405 2854 1465 2927 Xpe
1481 2869 1628 2927 rogamus.
1671 2854 1823 2919 ,Omnes

114 2961 180 3001 rore
194 2942 352 3016 perterrita
367 2942 525 2999 astiterunt
539 2959 557 2998 a
570 2941 666 3018 longe.
678 2944 884 3002 Tuneloeutus
895 2950 940 3002 est
994 2937 1030 2993 Ut
1046 2939 1187 3012 populum
1204 2945 1344 2997 cenetam
1359 2941 1454 2998 scires
1469 2946 1497 2998 te
1510 2942 1572 3015 Xpe
1586 2943 1824 3016 mgamusOms.

113 3033 238 3107 angelus
253 3036 283 3087 et
297 3033 370 3087 dixit
384 3032 465 3097 cist.
476 3032 652 3088 crucifixum
670 3034 699 3088 ia
714 3033 938 3103 earnelaudate‚
994 3027 1309 3102 Ecclesiumquetuum
1327 3031 1708 3104 firmesteXperognmus.
1742 3032 1824 3103 Oms·

112 3127 141 3180 et
151 3121 302 3196 sepultum
314 3126 496 3194 propteraos
507 3121 940 3197 glorificate‚resurgentemque
997 3117 1050 3172 Fili
1066 3117 1234 3175 celsithroni
1251 3136 1304 3176 nos
1319 3119 1387 3175 audi
1403 3120 1514 3176 Christe
1530 3137 1677 3195 rogamus.
1717 3121 1825 3181 Omnes

112 3229 129 3268 a
143 3216 239 3268 morte
254 3209 479 3267 adorate.Nolite
495 3210 632 3279 maluere,
642 3211 706 3269 dico
720 3212 804 3269 vobis
814 3212 942 3286 quiaille
957 3189 978 3255 C
997 3209 1077 3282 Agne
1092 3207 1143 3264 Dei
1159 3208 1253 3265 Patris
1264 3210 1349 3265 nobis
1365 3210 1505 3266 miserere
1520 3209 1647 3282 pusillis.
1704 3211 1823 3268 Omnes.

113 3317 204 3373 quem
217 3299 347 3372 queritis
363 3302 511 3354 mortuum
524 3299 589 3370 jam
600 3300 777 3357 vivitetvita
788 3300 942 3358 hominum
997 3297 1111 3355 Christe
1125 3298 1229 3354 exaudi
1245 3315 1299 3355 aes
1315 3316 1331 3355 o
1347 3299 1432 3371 Hyrie
1447 3316 1534 3373 ymon
1549 3299 1677 3373 eleyson.
1704 3300 1821 3357 Omnes.

111 3407 182 3447 cum
197 3407 230 3445 oo
246 3389 381 3445 surrexit:
398 3387 531 3444 Alleluia.
548 3394 615 3445 Ant.
632 3389 766 3446 Christus
786 3407 942 3464 resurgens
1213 3403 1361 3443 racrrrurrr
1381 3405 1507 3444 carnaim
1525 3386 1611 3466 (222).

109 3495 144 3535 ex
158 3477 285 3535 mortuis
296 3479 359 3550 jam
385 3494 443 3533 aon
470 3477 604 3546 moritur,
622 3496 701 3534 mors
725 3478 766 3534 illi
792 3479 941 3537 ultranea
1178 3474 1231 3548 (Hx
1260 3477 1322 3532 cod.
1349 3478 1412 3544 685,
1444 3477 1499 3532 sub
1528 3474 1642 3543 Ottoae)

111 3567 313 3624 dominabitur
329 3585 335 3623 :
353 3568 430 3639 qued
457 3567 536 3623 caim
551 3567 630 3636 vivit,
649 3568 719 3623 vivit
734 3568 942 3635 Oeo.'Alleluia
996 3564 1105 3620 Humili
1120 3580 1204 3637 prece
1218 3569 1246 3620 et
1259 3563 1374 3620 sincera
1388 3563 1539 3620 devotione

110 3656 246 3713 Alleluia.
1031 3655 1073 3709 Ad
1090 3658 1116 3709 te
1131 3652 1292 3709 clamantes
1306 3669 1422 3726 semper
1436 3652 1540 3709 exaudi
1557 3669 1619 3708 nos.
1700 3654 1820 3709 Humili.

996 3743 1137 3799 Summus
1152 3747 1181 3799 ct
1195 3741 1381 3814 omnipotens
1396 3741 1520 3816 genitor,
1532 3740 1583 3814 qui
1597 3745 1703 3799 cuneta
1717 3742 1821 3800 creasti

1032 3833 1166 3888 AEternus
1181 3831 1240 3904 Xps
1257 3831 1336 3887 filius
1351 3834 1438 3904 atque
1453 3831 1539 3887 Deua.

111 3925 213 3982 Ardua
224 3939 292 3995 spes
308 3921 411 3978 mundi
427 3919 568 3978 solidator
583 3926 612 3978 ct
626 3921 719 3978 incliti
736 3922 798 3978 ceeli
996 3922 1113 3978 Necnon
1130 3921 1328 3997 sanctificans,
1346 3921 1514 3977 dominator
1528 3918 1655 3993 Spiritus
1670 3920 1767 3978 almus

147 4010 757 4084 Cbristeexaudinospropitiuslanurlos.
831 4013 939 4069 Ardua.
995 4011 1087 4067 Unica
1101 4010 1240 4083 Maiestas
1253 4009 1387 4082 trinaque
1403 4008 1466 4066 sola
1480 4010 1530 4066 Dei
1630 4011 1818 4068 ild-teclam.

110 4100 200 4174 Virgo
216 4100 267 4157 Dei
281 4099 408 4174 genitrix
423 4099 546 4156 rutilans
561 4100 592 4156 in
608 4099 718 4158 honore
735 4101 870 4175 perennis
998 4101 1063 4174 lpse
1079 4100 1128 4157 Dei
1143 4098 1268 4173 genitrix
1284 4097 1445 4173 reparatrix
1459 4097 1561 4155 inclita
1574 4099 1679 4156 mundi

147 4189 205 4247 Ora
218 4199 272 4263 pre'
285 4188 405 4246 famulis
420 4193 521 4246 sancta
537 4188 630 4245 llaria
644 4190 713 4247 tuis.
764 4191 863 4247 Ardua
873 4208 941 4265 spes
1032 4193 1099 4257 Quae
1116 4190 1187 4246 Oem
1204 4193 1285 4246 casto
1300 4204 1421 4262 corpore
1434 4189 1603 4262 concipiens

110 4278 220 4352 Angele
236 4295 352 4335 summe
366 4278 415 4335 Dei
432 4277 575 4335 MichaHel
591 4278 772 4336 miserescito
788 4281 880 4337 nostri
995 4282 1137 4352 Perpetua
1151 4293 1267 4350 semper
1278 4277 1397 4334 radians
1412 4294 1479 4334 cum
1490 4277 1655 4351 virginitate

145 4369 270 4441 Adjuvet
285 4373 313 4424 et
326 4367 463 4425 Gabrihel
479 4372 567 4441 atque
581 4369 647 4441 pius
661 4368 821 4441 Raplrahcl.
831 4370 939 4429 Ardua.
1031 4369 1169 4443 lndignos
1187 4367 1312 4424 famulos
1326 4367 1415 4440 Virgo
1430 4367 1521 4423 Maria
1534 4370 1610 4422 tuos.
1698 4366 1818 4423 Humili.

109 4457 214 4530 Aspice
230 4473 283 4513 nos
298 4473 401 4512 omnes
417 4455 545 4512 clemens
561 4458 691 4530 Baptista
703 4458 862 4515 lohannes.
994 4458 1122 4534 Angelici
1139 4474 1273 4532 proceres
1286 4456 1425 4513 caelorum
1440 4455 1582 4511 exercitus
1597 4455 1692 4511 omnis

129 4546 287 4619 'Petreque
302 4562 369 4601 cum
385 4545 474 4602 Paulo
490 4563 543 4602 nos
558 4564 625 4620 rege
638 4546 937 4620 doctiloqqurdua.
956 4561 978 4627 D
1030 4551 1145 4606 AEterno
1159 4545 1396 4620 somperlumine
1411 4543 1588 4616 conspicuus

109 4638 206 4692 fretus
221 4635 400 4707 apostolicus
416 4635 454 4692 sit
470 4636 555 4691 nobis
572 4637 668 4691 lautor
683 4641 712 4692 et
726 4637 823 4694 omnis
991 4640 1116 4712 Agmine
1132 4642 1175 4693 ter
1191 4637 1266 4691 trine
1282 4635 1392 4706 Supero
1408 4648 1459 4704 per
1472 4631 1569 4687 sidera
1579 4648 1668 4705 regno

143 4726 183 4780 Ac
199 4723 432 4796 patriarcharum
446 4723 693 4798 propheticusque
706 4726 936 4791 chorusdrdua,
1029 4727 1177 4784 Laudibus
1187 4728 1327 4780 aeternum
1337 4720 1542 4778 concelebrant
1550 4721 1763 4780 Dominumrld
1778 4728 1816 4781 te.

102 4814 232 4875 ,Poscere
247 4830 325 4870 nnnc
340 4813 523 4886 Stephanum
534 4814 707 4870 studeamus
717 4815 847 4871 carmine
859 4833 938 4871 sum-
992 4817 1094 4873 Petrus
1104 4830 1171 4871 curn
1185 4810 1284 4877 Paule,
1302 4810 1430 4866 Thomas
1446 4825 1514 4866 cum
1530 4811 1740 4869 bartholomeo

846 4908 937 4970 [mum
1028 4906 1063 4960 ut
1075 4902 1174 4960 lucebi
1190 4899 1282 4957 sanati
1300 4914 1353 4954 nos
1368 4897 1497 4955 relevent
1513 4900 1660 4971 precibus,

140 4990 184 5047 ut
198 5007 265 5047 cum
282 4991 461 5066 martyribus
473 5009 526 5048 nos
536 4992 620 5064 juvet
635 4992 698 5064 ipse
713 4993 789 5065 pius.
828 4993 935 5049 Ardua.
992 4994 1131 5057 Andreas,
1148 4989 1314 5056 Mattheus,
1332 4988 1480 5045 Barnabas
1494 4989 1731 5062 atqueloanaes‚

111 5078 220 5153 lnclyte
236 5080 372 5137 Laurenti
389 5081 438 5154 qui
455 5081 590 5137 flammas
606 5081 770 5154 exuperasti
1028 5081 1163 5150 Mathias,
1182 5080 1284 5146 Lucas,
1301 5077 1417 5134 Marcus
1432 5081 1462 5134 et
1476 5077 1628 5134 altisonus.
1677 5078 1813 5135 Humili.

141 5167 242 5225 Victor
256 5171 292 5226 ab
306 5170 418 5227 etherio
434 5188 487 5227 nos
503 5171 641 5227 miserere
656 5157 755 5227 abero.
823 5171 932 5227 Ardua.
991 5171 1088 5229 Coetus
1103 5166 1282 5242 apostolicus
1297 5167 1431 5224 duodeno
1447 5166 1543 5224 sidere
1557 5168 1702 5239 comptus.

109 5257 181 5314 Cure
197 5258 255 5316 Dee
268 5265 379 5334 martyr
393 5260 492 5332 patrie
509 5260 598 5316 decus
613 5258 713 5316 herile.
1026 5259 1173 5333 Propitius
1187 5260 1308 5314 cunctos
1322 5260 1441 5330 protege
1457 5272 1512 5312 nos
1524 5252 1650 5311 famulos

312 1854 340 1893 ΙΝ
361 1854 408 1893 ule
426 1853 671 1894 auscultantium
690 1853 748 1893 OHl.

345 3806 471 3845 maara
490 3806 613 3846 narrares
632 3791 706 3858 221).

143 5474 218 5545 (221)
232 5473 352 5530 Litnniae
368 5474 411 5530 hce
427 5475 456 5530 ia
472 5475 574 5531 ordine
588 5475 676 5531 officii
697 5474 786 5529 divini
812 5490 863 5546 per
886 5492 936 5530 aa·
1026 5475 1099 5547 (222)
1116 5471 1234 5529 litaniae
1250 5470 1292 5526 ha
1308 5469 1338 5527 in
1353 5469 1453 5526 ordine
1468 5450 1555 5525 cilicii
1572 5469 1662 5526 divini
1687 5487 1738 5544 per
1761 5486 1814 5526 an-

110 5562 192 5609 num,
208 5562 296 5617 quem
309 5551 391 5618 parte
407 5547 493 5630 tertia
507 5549 639 5629 edemus,
655 5547 844 5630 assignantur
860 5547 934 5603 ferm
991 5564 1065 5629 nure¹
1077 5545 1267 5616 assignantur
1282 5543 1333 5598 ier.
1347 5559 1368 5624 .¹¹
1384 5541 1590 5623 Rogatianum.
1605 5541 1718 5623 Ubique
1740 5545 1813 5599 nete

110 5615 211 5688 Rogat.
224 5617 373 5675 Habentur
387 5619 434 5674 bic
449 5636 516 5676 eum
533 5624 609 5676 notis
624 5635 754 5674 musicis.
990 5635 1109 5674 musicae
1124 5619 1197 5692 amat¹
1208 5616 1411 5686 superscripta
1427 5628 1456 5669 m
1473 5617 1571 5671 nostre
1587 5614 1694 5675 codice.
