3878 6098
125 248 161 310 'll
678 244 841 309 biduum
857 245 891 309 S.
913 239 1065 310 uuillen
1087 241 1277 309 Menaeni.
1789 242 1832 304 'ld

160 379 206 434 50.
223 378 379 447 inclinantia
393 378 425 415 ³²¹
441 379 518 436 dacia
532 381 562 438 in
577 380 790 436 ddaaadnm³¹¹
802 395 892 450 regem
903 379 946 433 ³²¹.
962 374 1704 451 A„mnsqueamplius·conqueri,abiudignantibus
1721 373 1827 431 Inhibi-

160 498 194 507 —
210 468 273 523 Dux
288 466 368 540 gravi
382 467 527 541 legatione
547 468 706 536 conlectus,
724 467 822 524 Ottoni
845 484 897 540 pro
915 468 950 501 ³¹²
1003 470 1050 522 ius
1058 471 1111 523 ast.
1121 467 1231 522 Deinde
1239 465 1371 522 animum
1382 470 1559 538 temperans,
1579 464 1738 522 consilium
1756 479 1827 520 cum

125 561 207 628 parte
222 555 368 624 dissentit,
377 572 429 628 pro
441 560 524 629 parte
538 556 622 613 lavet.
631 557 720 629 chis
728 573 794 612 vero
805 554 950 611 lldmundi
1004 555 1067 610 suis
1082 555 1202 611 confert.

124 644 240 718 legatis,
260 644 288 698 id
313 660 365 699 nec
387 643 416 699 in
437 643 580 716 proximo,
602 659 655 699 nec
680 649 783 716 praeter
807 643 953 699 rationem
1038 645 1155 710 53.Quo
1171 641 1827 717 collato,0ttoniregiperlegatosereptioncm

123 734 271 806 agendum
296 732 462 806 respondet.
480 733 522 789 Ob
538 733 635 789 minas
648 732 809 805 Anglorum
828 731 869 786 nil
885 747 949 788 sess
1003 747 1088 786 suam
1104 732 1294 787 demonstrat.
1311 732 1403 787 Antea
1418 748 1482 788 sese
1496 736 1625 804 captum,
1642 733 1827 786 nunceutem

124 822 282 878 iacturum.
300 826 383 894 Ipsos
399 821 423 877 si
439 821 566 889 veniant,
582 821 652 893 quid
668 822 697 877 in
713 820 804 877 armis
819 818 892 876 Galli
902 837 948 876 vs·
1002 819 1141 875 omnibus
1154 818 1239 875 bonis
1254 817 1398 891 privatum
1420 836 1596 875 memorans.
1610 816 1829 875 Undcetaniicc

124 910 212 978 leant,
237 910 437 983 promtissime
458 913 637 982 experturos.
655 908 776 973 Quodsi
793 906 948 964 formidine
1001 907 1144 963 auxilium
1161 908 1301 964 conserat.
1318 907 1410 963 Urbes
1432 908 1569 975 amissas,
1585 911 1716 980 repetere
1730 907 1824 977 juvet.

123 1000 192 1056 tacti
214 1016 272 1056 non
297 999 426 1064 veniant,
441 1015 493 1070 pro
509 996 680 1071 arrogantie
691 1001 788 1053 tamen
804 993 945 1063 illatione,
1000 995 1028 1049 si
1043 994 1072 1051 id
1087 995 1315 1069 saciat,gratiam
1332 994 1455 1052 multam
1462 1013 1526 1053 sese
1540 995 1608 1052 inde
1623 1011 1827 1067 recompensa-

123 1087 274 1145 Gallorum
291 1089 364 1143 vires
387 1087 573 1159 quamdcque
588 1086 767 1159 cognituros,
783 1088 811 1140 et
826 1083 947 1156 insuper
999 1082 1825 1157 turum.0ttobenignissimelegationemexcipiens,cum

123 1193 238 1249 poenam
255 1174 495 1230 luiturus.lratus
505 1174 604 1245 itaque
618 1172 729 1245 legatos
745 1169 864 1243 expulit.
872 1174 944 1226 Con·
999 1171 1092 1244 copiis
1107 1170 1136 1226 ia
1147 1170 1224 1244 regis
1236 1170 1379 1228 auxilium
1390 1189 1421 1228 se
1435 1172 1546 1228 iturum
1562 1172 1695 1245 spondet,
1708 1188 1740 1226 ac
1752 1175 1824 1227 tem-

122 1263 291 1335 sultumque
303 1280 335 1319 se
351 1263 513 1330 conserens,
525 1262 603 1334 apud
618 1278 688 1317 suos
703 1259 836 1332 partibus
852 1258 945 1314 utitur
999 1276 1055 1333 pus
1069 1259 1167 1315 edicit.
1184 1259 1461 1332 Legatiredaunt,ac
1474 1259 1823 1316 mandatsreserunt.Nec

120 1350 349 1408 deliberationis.
358 1352 393 1407 Ut
408 1355 474 1423 post
488 1348 810 1416 consultum,0ttonem
825 1346 941 1419 expetit.
999 1346 1104 1405 minus
1114 1348 1193 1408 et-ab
1204 1364 1271 1422 rege
1281 1348 1489 1404 Genanuorum
1502 1349 1556 1422 (94)
1567 1348 1711 1416 Conrado,
1722 1347 1824 1420 copias

120 1440 172 1504 Qui
188 1457 255 1497 cuni
268 1457 318 1511 per
327 1439 437 1510 lagatos
446 1436 630 1509 colloquendi
640 1435 943 1509 oportunitatemque·
998 1437 1080 1508 petit,
1096 1441 1125 1493 at
1140 1437 1254 1509 ancipit.

120 1532 207 1596 reret,
224 1528 358 1583 infensus
377 1526 402 1581 ei
423 1525 501 1599 loqui
522 1542 579 1582 nun
604 1526 741 1598 optinuit.
754 1523 943 1595 Nimiumque
1032 1527 1077 1582 54.
1095 1524 1207 1582 interae
1221 1525 1286 1581 Otto
1299 1541 1348 1581 ren
1362 1541 1430 1580 cum
1442 1525 1542 1581 Rheno
1553 1524 1824 1592 transmissqexer·

125 1617 229 1683 iratus,
245 1615 274 1670 in
291 1614 504 1682 suadiaccssit,
520 1630 553 1670 ac
575 1630 696 1669 suorum
720 1629 793 1669 usus
809 1610 942 1679 consilio,
997 1615 1089 1672 citum
1103 1631 1156 1687 per
1166 1613 1311 1687 Belgicam
1328 1613 1457 1682 ducaret,
1470 1613 1567 1670 obviat
1581 1613 1642 1686 regi
1657 1612 1823 1681 Uonrbado,

122 1720 218 1776 regem
234 1703 305 1770 adit,
322 1701 422 1774 sicque
437 1700 596 1775 alloquitur
613 1719 619 1758 :
957 1703 1048 1804 quui
1059 1706 1128 1759 tunc
1139 1702 1304 1776 abAlpibus
1314 1701 1631 1787 egressua,cummulta
1640 1701 1825 1775 expeditione

152 1793 199 1849 51.
227 1792 407 1863 Proloquutio
439 1791 473 1826 ⁸²³
502 1793 624 1861 lluqooia
651 1790 686 1847 ad
720 1807 809 1863 repam
840 1792 884 1845 ³¹³.
906 1822 941 1831 -
997 1791 1142 1849 Ludovico
1153 1808 1321 1848 succurrere
1333 1791 1522 1848 accelerabat.
1534 1789 1631 1847 Juncti
1643 1807 1711 1864 ergo
1722 1791 1821 1859 ambo,

117 1905 124 1933 ‹
143 1882 268 1938 Parvum
279 1885 308 1936 te
323 1896 399 1936 arax
413 1879 646 1935 adversariorum
663 1879 816 1936 insectatio
829 1870 859 1934 iu
876 1896 941 1952 par·
996 1899 1063 1937 cum
1072 1880 1822 1953 multoequitatugradiebanturonorumaccessum

117 1974 162 2026 tes
177 1967 390 2024 transmarinas
400 1967 471 2024 olim
486 1967 637 2040 compulit.
647 1967 939 2042 Meoveroinganicat
995 1970 1161 2026 badericus
1177 1970 1345 2037 dinoscens,
1361 1968 1442 2025 ooius
1456 1969 1593 2026 occurrit.
1623 1969 1695 2026 Tres
1719 1968 1820 2041 itaque

116 2056 238 2114 consilia
250 2057 516 2113 inda³²⁴revocatus
532 2056 628 2130 regnis
644 2057 799 2113 restitutus
814 2074 855 2112 es.
871 2057 940 2113 Post
993 2076 1087 2133 rages,
1105 2060 1135 2114 in
1152 2076 1245 2115 unum
1261 2057 1383 2125 collecti,
1395 2057 1487 2131 primi
1502 2057 1672 2115 certaminis
1686 2056 1818 2113 laborem

115 2148 184 2204 dum
197 2145 271 2202 meis
287 2162 358 2202 usus
374 2145 454 2201 luisti
470 2145 611 2215 consiliis,
628 2162 725 2201 rerum
741 2145 937 2202 secundarum
994 2149 1135 2205 Lauduno
1152 2148 1336 2204 inserendum
1347 2147 1518 2203 decernunt.
1533 2148 1568 2202 Et
1578 2147 1641 2203 sine
1657 2162 1751 2215 mora,
1765 2144 1818 2202 illo

43 2278 47 2287 .
115 2235 246 2308 properis
263 2234 398 2290 floruisti.
415 2234 573 2306 Nunquam
588 2234 647 2289 uisi
660 2235 704 2290 tui
720 2233 826 2289 luroris
850 2233 937 2305 perti·
992 2237 1151 2292 exercitum
1166 2236 1287 2291 ducunt.
1317 2235 1390 2290 Cum
1410 2251 1478 2307 crgo
1506 2235 1676 2291 err-adverso
1706 2233 1816 2290 montis

114 2324 194 2378 natia
208 2342 225 2379 a
237 2328 267 2378 te
281 2323 383 2379 deieci.
402 2322 574 2377 intimorum
589 2339 622 2377 ac
638 2322 871 2394 imprudentium
884 2320 939 2377 ha·
991 2325 1180 2382 eminentiam
1196 2325 1335 2392 viderent,
1352 2328 1381 2379 et
1391 2323 1471 2379 omni
1482 2322 1654 2396 partcurbia
1665 2323 1756 2378 situm
1770 2338 1819 2378 ex·

114 2412 229 2466 minum
241 2409 518 2482 dispositioneusus‚
528 2408 865 2482 asapientiumconsiliis
876 2409 938 2483 plu·
991 2414 1149 2487 plorarent,
1166 2413 1280 2484 cognito
1296 2412 1446 2468 incassum
1461 2429 1525 2469 sese
1540 2412 1579 2468 ibi
1594 2415 1767 2479 certaturos,
1779 2411 1817 2467 ab

114 2501 222 2553 rimam
240 2497 393 2553 oberrasti.
409 2496 492 2552 Unde
506 2501 534 2554 et
553 2514 651 2554 rerum
676 2498 828 2555 calamitas
850 2497 936 2572 digne
991 2519 1026 2558 ea
1040 2503 1112 2558 urbe
1128 2502 1293 2569 discedunt,
1306 2506 1334 2556 et
1349 2501 1456 2558 Remus
1475 2499 1659 2558 adoriuntur.
1677 2500 1731 2557 Ubi
1747 2500 1818 2573 quia

114 2590 272 2661 consecuta
286 2589 330 2642 est
343 2586 386 2641 ³²⁵.
399 2585 548 2650 Quomodo
562 2587 641 2644 enim
656 2592 760 2660 prater
774 2604 822 2644 me
836 2604 936 2644 necas·
991 2591 1131 2665 planicies
1140 2591 1378 2648 commoditatem
1385 2588 1817 2662 exercitibusparabat,0bsidio

114 2676 193 2732 saria
207 2675 259 2731 tibi
275 2692 309 2731 ac
325 2674 455 2750 gloriosa
469 2675 619 2747 provenire
634 2675 795 2732 arbitrare?
810 2676 935 2732 Multum
991 2680 1221 2753 circumquaque
1234 2678 1380 2750 disposita
1397 2683 1452 2734 set.
1477 2678 1512 2734 ut
1535 2678 1635 2751 primo·
1657 2677 1818 2736 certamine

113 2766 233 2839 inquam
247 2764 302 2822 tibi
314 2764 343 2819 in
359 2762 413 2820 boc
429 2764 600 2837 derogatum
615 2769 669 2821 ast.
685 2765 752 2821 Jarn
767 2764 937 2823 memineris
991 2767 1156 2825 comminus
1166 2772 1330 2841 pugnatum
1341 2770 1394 2822 eat.
1409 2768 1507 2838 lnquo
1518 2765 1576 2822 tela
1586 2782 1619 2822 ac
1629 2765 1743 2838 lapides
1754 2771 1815 2823 tam

112 2859 141 2910 te
151 2855 252 2910 uirum
267 2869 341 2909 esse.
356 2852 530 2909 Consideres
545 2869 672 2925 quoque,
681 2853 750 2926 quia
766 2854 940 2910 tureraticni·
990 2857 1080 2914 dense
1093 2856 1273 2924 serebantur,
1289 2871 1379 2927 quam
1391 2855 1486 2911 densa
1505 2855 1616 2927 grando
1639 2855 1817 2928 quandoque

113 2942 301 2999 commodum
316 2941 366 2996 sit.
380 2941 487 3013 Sicqua
502 2940 594 2998 virtus
605 2943 713 3009 redeat,
725 2947 758 2999 ut
769 2944 802 2978 ³¹⁶
813 2943 842 2998 in
854 2943 936 2999 bcui-
990 2944 1346 3016 dilabitur.Parintegram
1354 2933 1674 3016 ergodiem,cantinuis
1684 2943 1816 3000 motibus

112 3029 269 3087 volentiam
284 3046 338 3086 uos
353 3034 477 3097 revocet,
493 3034 521 3086 ta
535 3030 739 3103 imperantem,
752 3037 780 3088 et
795 3048 841 3088 me
857 3030 936 3087 mili·
991 3035 1309 3107 arbsimpugnataest.
1320 3032 1465 3089 Poatvero
1476 3031 1642 3087 comminus
1654 3030 1762 3104 septies
1773 3033 1816 3088 di·

113 3123 224 3177 tantem
239 3119 282 3186 ³²²,
299 3134 350 3191 per
373 3135 420 3175 ma
438 3119 526 3175 etiam
551 3119 678 3191 reliquos
703 3119 861 3176 militatum
880 3120 935 3176 tibi
951 3100 1141 3191 Gmicatum,
1159 3126 1248 3194 atque
1262 3121 1316 3178 boc
1331 3121 1390 3177 lere
1405 3137 1456 3194 per
1470 3120 1534 3177 dies
1549 3136 1609 3176 sex.

112 3207 241 3264 reducat.
249 3207 283 3263 lit
298 3206 367 3279 quia
378 3223 432 3262 rex
444 3224 468 3263 a
476 3223 528 3263 me
538 3211 664 3276 creatus,
673 3208 745 3265 nibil
760 3209 833 3264 mibi
847 3209 935 3283 largi·
1025 3215 1070 3269 55.
1082 3212 1139 3268 Nee
1149 3215 1248 3268 tamen
1259 3209 1335 3266 cives
1346 3207 1655 3266 assiduistumultibus
1665 3209 1744 3281 victi,
1753 3209 1814 3265 ullo

112 3301 224 3364 tasse,
251 3296 427 3352 Lauduuum
452 3295 557 3352 saltem
588 3296 749 3353 militaturo
778 3297 937 3354 liberaliter
989 3300 1237 3366 modocedebant,
1251 3314 1429 3355 cumeorum
1441 3297 1548 3370 praesul
1561 3297 1656 3372 liugn,
1668 3298 1815 3371 quosdam

112 3384 399 3450 accommoda.Quad
414 3384 503 3440 etiam
518 3401 607 3441 causa
620 3385 935 3443 eritlldciaervandae.»
989 3385 1814 3464 principumquisibiquadamcognationecanveuiebant,

113 3475 172 3531 Rex
186 3478 286 3546 utpute
302 3472 510 3546 captus,dictis
524 3473 725 3546 proloquentis
740 3474 836 3532 cessit.
854 3474 936 3532 Unde
988 3484 1069 3536 extra
1084 3479 1186 3534 urbem
1202 3478 1236 3512 ³³⁰
1249 3475 1393 3532 allocutus
1407 3480 1462 3547 cst,
1477 3491 1608 3548 quarens
1624 3475 1661 3531 ab
1674 3474 1717 3531 eis
1728 3474 1816 3532 ratio·

112 3567 141 3619 ct
155 3561 308 3626 dimissus.
322 3562 393 3622 data
404 3561 593 3632 Lauduno³²⁸,
606 3561 776 3636 Compendii
789 3581 854 3620 sese
862 3581 937 3620 rece·
989 3585 1067 3635 nem,
1085 3570 1118 3623 ut
1132 3565 1245 3622 scilicet
1256 3565 1326 3636 quid
1337 3564 1571 3637 agendum,quid
1581 3563 1745 3630 vitandum,
1757 3563 1815 3621 sibi

112 3650 164 3724 pit.
181 3651 273 3708 Adest
287 3651 433 3722 Garberga
448 3648 550 3725 ragina
564 3649 657 3706 multa
670 3651 775 3708 virtute
790 3668 936 3709 momora—
990 3657 1129 3714 dicerent.
1146 3654 1177 3711 Si
1192 3652 1359 3725 aliquarum
1372 3652 1581 3708 intercessione
1592 3651 1622 3708 id
1633 3652 1814 3709 medendum

112 3739 312 3808 bilis;adsunt
323 3755 440 3811 quoque
455 3738 567 3812 aliquot
582 3756 617 3796 ex
630 3740 747 3815 Belgica
760 3740 935 3815 coepiscopi;
988 3745 1144 3813 videretur,
1162 3741 1187 3799 si
1202 3759 1275 3814 opus
1299 3741 1372 3798 leret
1386 3741 1532 3814 precibus,
1549 3741 1574 3797 si
1603 3741 1692 3797 etiam
1706 3750 1814 3814 pugne

111 3829 263 3889 confluunt
277 3828 366 3885 etism
381 3828 433 3884 viri
449 3828 578 3886 illustres
593 3829 738 3887 nonnulli.
988 3833 1160 3890 instandum
1173 3834 1261 3887 osset.
1274 3828 1319 3886 llli
1334 3845 1403 3885 mox
1418 3845 1520 3902 regum
1531 3829 1747 3887 animositatem
1762 3830 1814 3886 da·

146 3917 192 3971 52.
205 3917 383 3984 Querimcnio
405 3919 479 3986 reaia
503 3917 576 3990 apud
597 3921 729 3991 priuatos.
745 3920 781 3956 ⁸²⁰
793 3920 827 3977 de
844 3922 934 3991 liuga·
989 3923 1197 3988 monstrantes,
1213 3919 1304 3975 fixum
1318 3917 1348 3973 in
1364 3917 1417 3985 ais,
1434 3921 1579 3986 asserunt,
1597 3915 1748 3974 nullorum
1766 3917 1814 3974 in·

80 4066 86 4074 ,
110 4004 156 4058 nia
166 4003 200 4038 aa
213 4004 401 4074 perseeutione
413 4004 457 4058 ⁸²⁹.
474 4035 508 4045 -
523 4007 607 4078 Apud
627 4023 702 4077 quos
721 4008 809 4065 etiam
824 4026 874 4065 rex
888 4009 935 4066 bis
987 4010 1165 4069 tervsntibus
1180 4024 1244 4065 esse
1255 4023 1456 4074 concessuros,
1468 4010 1498 4063 at
1507 4005 1652 4063 obsidioni
1668 4023 1763 4079 usque
1774 4008 1812 4064 ad

114 4089 211 4148 verbis
226 4093 405 4163 conquestus
420 4094 473 4148 est.
485 4092 552 4147 ut«
566 4092 617 4149 Uia
631 4094 941 4170 tu,inqaiens‚flugot
988 4101 1128 4157 ellectum·
1139 4113 1258 4171 operam
1271 4095 1402 4152 daturos.
1419 4094 1499 4159 Quod
1515 4095 1541 4151 Si
1569 4095 1672 4151 urbem
1686 4095 1713 4150 Vi
1729 4095 1813 4168 capi·

111 4178 164 4235 llis
178 4183 209 4235 tu
223 4178 323 4253 liugn!
341 4178 459 4251 quantis
483 4179 567 4236 bouis
585 4186 644 4238 ate
658 4183 800 4255 privatus,
815 4187 934 4258 quantis
988 4188 1149 4259 contingat,
1165 4185 1221 4258 ipsi
1236 4182 1354 4258 praesuli
1366 4184 1645 4252 oculosellcssurcs,
1661 4187 1691 4239 et
1705 4182 1760 4240 hac
1771 4185 1814 4242 ita

111 4267 199 4325 malis
213 4269 464 4340 adactus,quaato
480 4268 568 4325 etiam
584 4272 932 4331 merorenuncdetineorl
988 4271 1441 4345 ordinatumtixumque.Undeet
1453 4271 1677 4329 accelerandum
1688 4276 1813 4345 utagre-

112 4357 215 4415 Urbem
231 4356 390 4416 Remorum
400 4356 564 4430 pervasisti.
576 4359 752 4425 Laudunum
762 4363 936 4435 surripuisi.
987 4366 1226 4437 diatur,suosque
1240 4363 1276 4419 ab
1292 4378 1394 4434 regum
1410 4359 1612 4434 indignatione
1627 4359 1742 4433 eripiat.
1760 4361 1813 4418 liis

111 4445 930 4520 llistantumduobusrecipiebar,bisduobusclsudabar.
948 4466 972 4531 Ι)
989 4453 1096 4530 presul
1107 4452 1237 4520 territae,
1254 4450 1316 4508 suis
1331 4449 1386 4507 boc
1401 4453 1554 4506 monstrat.
1571 4450 1607 4505 ut
1620 4448 1743 4506 consilio
1757 4449 1813 4505 ba·

111 4533 194 4591 Pater
209 4553 292 4592 meus
307 4540 411 4610 captus
427 4541 515 4609 atque
528 4535 559 4593 in
581 4554 726 4596 carcerem
747 4544 859 4610 trusus,
876 4542 931 4600 has
990 4544 1062 4612 bito,
1075 4542 1122 4599 dia
1131 4539 1298 4598 obsidionis
1308 4543 1400 4608 sexta,
1414 4556 1479 4594 cum
1492 4539 1555 4596 suia
1570 4537 1729 4612 egreditur.
1747 4539 1813 4595 Por·

110 4638 174 4694 qua
181 4629 525 4699 mepremuntarumnas
538 4642 606 4683 curn
616 4628 716 4684 anima
728 4628 931 4690 simulamisit.
987 4639 1024 4690 tre
1037 4634 1069 4668 ³³¹
1084 4631 1203 4705 regibus
1217 4629 1397 4702 panduntur.

110 4713 250 4785 ligavero
265 4711 295 4767 in
312 4713 414 4769 eadam
427 4715 637 4789 precipitatus,
654 4735 689 4775 ex
704 4734 794 4792 regno
811 4724 932 4791 paterno
1021 4723 1067 4778 56.
1079 4722 1171 4794 Reges
1183 4734 1248 4776 vcro
1260 4717 1413 4774 Artoldum
1424 4719 1617 4785 resumentes,
1632 4716 1735 4772 urbem
1746 4732 1815 4772 con·

110 4797 184 4855 nihil
201 4799 257 4856 nisi
267 4801 468 4872 spectaculum
478 4805 601 4875 prebes.
613 4806 839 4866 Jamncavivere
850 4808 931 4879 libet,
987 4815 1144 4884 sequenter
1160 4807 1360 4865 introducunt.
1377 4804 1567 4876 Duorumquc
1578 4802 1813 4885 metropolitanos

109 4888 268 4947 accamoni
289 4887 365 4945 licet.
382 4888 443 4953 Quo
472 4907 518 4947 ma
541 4892 637 4967 itaque
662 4898 862 4956 conferam‘l»
878 4900 931 4957 Pa·
986 4917 1053 4957 rum
1067 4897 1192 4965 medius,
1209 4893 1347 4953 Friderici
1363 4891 1538 4965 Magantini,
1554 4908 1587 4949 ac
1599 4890 1730 4948 lietberti
1745 4891 1814 4948 'lm-

781 5033 902 5091 VARIAE
926 5032 1133 5094 bucularius,

143 5124 175 5160 ⁸²¹
191 5124 224 5192 ti,
240 5122 271 5192 ll,
287 5123 430 5180 robarati.
443 5123 481 5206 '⁸²¹
497 5125 708 5207 prcabaciaum.
723 5129 758 5163 ⁸²³
774 5130 844 5199 utic,
860 5135 1091 5207 rogemzabscisc.
1107 5131 1142 5165 ⁸²⁸
1157 5128 1254 5213 regnis
1280 5127 1309 5183 l.
1328 5117 1363 5162 ³¹⁸
1378 5130 1432 5182 est.
1459 5126 1608 5209 Quomodo
1633 5123 1711 5181 enim
1734 5126 1812 5180 stare

129 5200 215 5264 otest,
255 5213 323 5254 uem
338 5197 563 5269 socordiapreci
585 5196 745 5267 ratdelctsr
760 5199 1041 5278 montenamapad
1066 5203 1253 5260 mummium.
1270 5199 1304 5234 ⁸²⁶
1320 5215 1384 5271 quae
1402 5202 1424 5252 1.
1443 5197 1575 5278 Tritis.vm
1590 5212 1637 5273 ur.
1654 5199 1813 5271 componat

108 5265 305 5411 affinia
297 5284 320 5396 ᾖ
321 5266 403 5396 132oe
418 5283 508 5342 reguo
614 5309 620 5326 .
636 5268 671 5307 ³²⁹
685 5269 740 5343 pn',
756 5274 1058 5347 egeniqaaatoeiaa.
1073 5276 1109 5313 ⁸⁸⁰
1123 5291 1142 5329 u
1156 5275 1261 5347 preter
1274 5286 1398 5330 suarum
1408 5268 1624 5327 conscientiam
1638 5265 1764 5326 amau.
1776 5267 1812 5304 ⁸⁸¹

144 5506 406 5586 (alienigenae.
898 5445 1029 5509 Nm
