3878 6098
102 278 153 342 <98
544 278 817 343 utsaoalauutl
839 276 944 340 LlBlll
966 275 1166 349 QUATUOR.
1183 304 1222 324 ··-
1236 276 1311 341 uta.
1334 277 1389 341 lll.
1772 281 1821 347 ut

112 411 185 473 scia.
201 429 269 471 cum
286 412 402 469 duabus
417 412 586 471 cohortibus
602 388 742 487 oppidum
759 411 829 481 adit,
841 427 874 466 ao
890 411 941 465 du·
955 411 982 477 Α
997 408 1171 465 Laudunum
1187 411 1270 466 redit.
1282 413 1343 467 Huc
1359 429 1392 467 ox
1405 411 1527 468 diversis
1544 411 1711 486 regionibus
1726 418 1761 472 ad
1779 434 1821 474 re-

113 503 249 559 centibus
264 502 302 558 iis
317 520 392 574 quos
407 501 657 574 praemiserat,per
667 501 763 556 locum
780 504 943 572 compoten-

996 514 1062 573 gem
1078 499 1224 572 principes
1240 501 1403 556 conlluunt.
1415 501 1530 557 Adsunt
1545 519 1662 574 quoque
1675 504 1758 559 ducis
1775 507 1822 562 de·

113 597 174 648 tem
192 595 355 647 nocturnus
371 590 544 664 ingreditur.
570 592 671 647 Portas
686 593 714 646 et
730 589 825 645 exitus
840 604 942 644 omnes
997 587 1089 642 innoti
1105 587 1157 643 filii
1172 589 1240 654 duo,
1257 590 1340 662 llugo
1355 594 1383 645 et
1404 590 1480 656 Otto,
1497 591 1546 663 qui
1570 591 1656 647 etiam
1674 593 1734 664 regi
1750 595 1820 650 hde-

113 677 255 752 perradit,
282 695 314 733 ac
335 678 482 745 custodes,
509 695 545 734 ne
569 677 635 751 quis
658 678 787 750 effugiat,
811 677 940 748 deputat.

112 767 178 840 lpse
193 768 230 823 ad
248 766 417 822 cubiculum
436 767 571 835 domins,
589 766 822 823 ferventissimus
838 764 941 821 tendit.

112 858 247 928 Eumque
258 857 554 930 ingressus‚matrem
565 873 632 912 cum
645 856 762 911 duobus
774 855 851 911 natis
866 870 942 908 com·

113 944 279 1018 prehendit.
295 945 350 1000 Alii
366 962 434 1001 varo
458 945 640 1002 ornamentis
664 944 850 1017 asportandis
871 941 942 998 insi-

114 1034 243 1090 stebant.
252 1032 478 1106 comprehendit
490 1039 519 1089 et
534 1032 651 1103 milites,
664 1033 863 1105 oppidumque
880 1047 944 1087 suc-

115 1121 222 1178 cendit.
235 1125 297 1189 Quo
312 1120 475 1189 combusto,
485 1139 552 1178 cum
569 1122 689 1178 domina
703 1126 731 1177 at
747 1121 833 1189 uatis,
846 1120 943 1176 militi·

115 1212 231 1283 busque
247 1210 479 1284 comprehensis,
496 1212 531 1266 ad
556 1211 688 1285 reginam
705 1211 882 1283 Gerbergam
898 1227 943 1266 re-

114 1317 217 1358 versus
235 1305 289 1357 est.

151 1391 195 1444 ¹0.
213 1390 296 1455 Quod
311 1390 480 1462 Raganerus
505 1388 698 1462 comperiens,
715 1393 796 1445 tanta
817 1387 944 1445 necessi-

995 674 1054 732 lem
1084 676 1219 732 militiam
1248 695 1298 750 per
1317 679 1529 750 jusjurandum
1559 697 1657 736 coram
1685 683 1822 740 omnibus

997 765 1151 836 spondent.
1173 768 1302 832 Quorum
1326 768 1499 840 benignitati
1524 786 1572 825 rex
1597 787 1654 826 non
1678 770 1821 844 imparem

996 853 1202 911 liberalitatem
1219 856 1434 923 demonstrans,
1445 859 1594 931 Hugonem
1608 876 1661 932 pro
1674 865 1756 932 patro
1772 862 1824 918 du·

997 960 1059 999 cem
1076 945 1154 1010 lucil,
1166 949 1194 1000 et
1209 945 1330 1017 iasttper
1344 950 1451 1002 terram
1468 947 1650 1004 Pictavorum
1666 950 1730 1022 eJ'us
1745 951 1822 1022 prin·

997 1031 1106 1103 eipatui
1124 1031 1240 1103 adjicit;
1257 1034 1394 1089 Ottonem
1410 1051 1477 1090 uero
1493 1035 1662 1108 Burgundio
1678 1039 1775 1095 diruat.

1034 1121 1077 1175 14.
1094 1119 1124 1175 ln
1141 1137 1200 1192 qua
1215 1137 1312 1176 rerum
1338 1121 1543 1178 distributione
1564 1140 1631 1179 cum
1647 1125 1774 1185 domnus
1789 1146 1822 1186 ac

998 1210 1173 1264 reverendus
1195 1209 1333 1265 Artoldus
1349 1211 1590 1282 metropolitanus
1615 1214 1775 1272 admodum
1793 1219 1821 1274 in

998 1296 1044 1352 die
1059 1296 1231 1365 laborasset,
1248 1302 1277 1353 et
1297 1317 1353 1371 prae
1369 1299 1440 1355 solis
1455 1301 1488 1335 ⁶⁰⁵
1504 1300 1614 1358 feruore
1628 1307 1688 1359 toto
1704 1321 1823 1378 corpore

997 1387 1144 1453 sudasset,
1160 1403 1228 1441 cum
1244 1391 1353 1443 vestem
1378 1387 1526 1460 abjiceret,
1543 1407 1594 1461 per
1619 1408 1704 1463 poros
1728 1394 1823 1451 calore

113 1482 174 1533 tate
189 1477 307 1544 ductus,
319 1478 486 1534 Brunonem
503 1478 623 1534 tratrem
638 1477 745 1551 ragina
760 1477 900 1551 postulat,
912 1480 945 1532 ut
998 1479 1124 1547 apertos,
1141 1474 1234 1548 frigus
1258 1475 1428 1532 autumnale
1443 1478 1476 1512 ‘⁰⁶
1500 1477 1626 1550 irrepsit.
1643 1479 1774 1554 Nataque
1789 1501 1823 1539 ex

998 1563 1113 1619 interno
1139 1564 1268 1637 frigdore
1292 1566 1386 1637 epatis
1411 1566 1523 1632 morbo,
1550 1567 1650 1623 nimiis
1674 1569 1824 1628 doloribus

998 1652 1156 1719 conlectus,
1173 1653 1266 1725 pridie
1293 1653 1413 1710 Kalend.
1436 1655 1550 1711 Octobr.
1568 1673 1652 1714 asuo
1667 1659 1824 1730 presulatu

998 1743 1084 1799 annis
1098 1744 1131 1778 ⁸⁰⁷
1146 1743 1181 1798 20
1196 1743 1273 1798 diem
1288 1742 1352 1798 ritae
1368 1742 1475 1800 clausit
1489 1749 1662 1802 extremum.

1035 1831 1079 1887 l5.
1098 1832 1183 1904 (962.)
1198 1832 1289 1903 Cujus
1305 1833 1430 1904 peractis
1445 1834 1602 1906 exsequiis,
1617 1835 1700 1906 Hugo
1715 1855 1824 1911 nuper-

999 1921 1072 1975 rime
1088 1920 1147 1975 dux
1163 1921 1340 1976 Francorum
1355 1922 1391 1976 ab
1408 1922 1589 1994 regesactus,
1601 1940 1698 1997 regem
1715 1927 1825 2000 suppli-

999 2009 1071 2064 citer
1085 2009 1156 2077 adit,
1166 2008 1296 2082 petitque
1307 2009 1504 2081 pontificalem
1521 2011 1694 2084 dignitatem
1710 2016 1735 2070 ei
1751 2017 1824 2089 (102)

114 1571 230 1623 matura
247 1565 427 1639 colloquium
442 1583 500 1639 quo
509 1566 613 1638 jubeat
626 1566 726 1640 regina
738 1566 942 1634 constituatur,

114 1656 166 1712 ubi
180 1655 244 1728 ipse
260 1670 380 1712 uxorem
405 1659 433 1711 et
454 1659 540 1712 natos
563 1655 693 1728 recipiat,
710 1660 738 1711 at
752 1654 854 1728 ragina
869 1655 944 1711 aedes

114 1750 142 1800 et
157 1744 268 1816 predia
282 1748 423 1800 resumat.
433 1744 514 1807 Quod
531 1742 619 1800 etiam
635 1746 744 1800 statuto
760 1747 891 1815 tempore
906 1744 945 1799 la·

113 1838 195 1890 ctum
210 1838 266 1889 est.
279 1833 353 1890 Nam
369 1832 478 1889 habitis
493 1833 642 1906 utrimque
658 1831 831 1899 rationibus,
844 1832 944 1904 regina

114 1923 265 1979 atiranno
282 1921 391 1995 predia
405 1921 523 1995 recepit,
540 1926 569 1978 et
594 1921 657 1995 ipsc
673 1937 792 1978 uxorem
805 1926 834 1977 et
848 1925 942 1989 natos,

116 2011 285 2084 militesque
302 2012 417 2067 reduxit
431 2013 474 2068 ⁴⁰⁸.

149 2102 161 2155 l
172 2102 194 2156 l.
211 2100 301 2172 (959.)
312 2099 363 2156 llis
373 2100 414 2155 ita
424 2100 525 2173 gestis,
534 2100 690 2157 Rotbertus
699 2102 856 2157 Treoarum
868 2098 945 2172 prin-

117 2207 194 2262 ceps,
205 2189 351 2245 lleriberti
363 2187 472 2247 tiranni
484 2188 575 2259 lilius,
591 2188 721 2261 Hugonis
736 2206 802 2244 vero
818 2187 945 2243 abdicati

115 2276 358 2344 trater,Lothario
372 2277 432 2351 regi
450 2276 589 2348 injuriam
607 2277 661 2332 bac
677 2281 738 2332 arte
753 2276 874 2332 molitus
889 2280 943 2331 est.

115 2367 252 2423 Castrum
267 2365 382 2439 regium
397 2366 475 2438 quod
501 2365 603 2421 Divion
618 2365 735 2433 dicitur,
752 2382 836 2421 secus
857 2365 945 2421 Osca-

118 2474 178 2512 ram
189 2459 351 2512 torrentem
366 2453 632 2520 condilum,multa
642 2454 801 2527 cupiditate
817 2454 944 2519 sitiebat,

116 2562 148 2601 eo
162 2545 241 2618 quod
258 2561 312 2617 per
326 2560 394 2599 eum
409 2543 433 2599 si
445 2543 473 2598 id
486 2543 593 2599 habere
604 2548 713 2616 posset,
722 2542 865 2615 optimam
877 2543 947 2597 liur-

118 2634 235 2708 gandia
252 2638 366 2707 partem
382 2634 418 2688 ad
435 2650 520 2689 suum
529 2633 580 2704 jus
591 2633 716 2688 transire
727 2648 812 2705 posse
827 2631 947 2687 arbitra-

120 2723 216 2779 batur.
234 2721 320 2778 lllum
336 2722 433 2794 itaque
451 2721 501 2793 qui
526 2723 621 2776 castro
646 2736 769 2792 praeesse
783 2719 946 2788 videbatur,

121 2812 155 2867 de
170 2810 338 2884 transfugio
353 2811 390 2866 ad
405 2827 470 2867 sese
490 2826 541 2881 per
561 2808 673 2883 legatos
696 2808 863 2882 alloquitur,
880 2809 947 2882 plu-

123 2899 196 2956 rima
211 2899 373 2973 spondens,
389 2903 417 2954 et
437 2899 550 2970 majora
572 2897 627 2954 sub
647 2898 841 2970 jurejurando
863 2896 949 2971 polli-

1000 2096 1164 2166 restitui,eo
1176 2098 1253 2169 quod
1264 2097 1326 2169 ipse
1340 2103 1407 2153 ante
1421 2097 1573 2153 artoldum
1589 2099 1684 2172 ipsam
1700 2104 1825 2176 adeptus

1000 2187 1097 2252 luerit,
1114 2191 1143 2242 et
1159 2204 1215 2242 non
1234 2203 1286 2242 suo
1302 2187 1431 2242 facinore
1446 2188 1497 2243 sed
1517 2187 1631 2244 ltodullr
1648 2189 1725 2263 regis
1749 2192 1825 2248 invi·

1000 2275 1216 2342 dia,hrtoldum
1227 2276 1252 2331 ei
1264 2276 1475 2347 superductum
1487 2281 1639 2334 memorat.
1648 2279 1826 2337 Persistebat

1000 2365 1098 2437 itaque
1126 2369 1158 2420 ut
1182 2365 1360 2420 redderetur.
1377 2365 1412 2420 Et
1436 2366 1535 2420 statim
1560 2367 1673 2424 decreto
1687 2370 1720 2404 ⁸⁰⁸
1735 2370 1826 2443 regio,
1855 2386 1858 2391 ·

1001 2453 1333 2526 sinodusepisooporum
1346 2454 1482 2526 postdies
1491 2455 1824 2515 thabendaindicitur.

1038 2543 1080 2597 16.
1104 2541 1256 2614 Colligitur
1270 2559 1339 2615 ergo
1358 2543 1571 2600 consummatis
1587 2544 1691 2603 dicbus
1706 2547 1736 2603 in
1752 2565 1826 2621 pago
1842 2550 1866 2583 ⁰*

1001 2630 1142 2687 Meldensi
1157 2647 1242 2686 secus
1256 2631 1379 2687 fluvium
1394 2632 1567 2698 Matronam,
1582 2634 1611 2689 in
1628 2635 1690 2691 vico
1710 2637 1761 2707 qui
1774 2654 1826 2694 vo·

1002 2725 1130 2787 catur...,
1147 2737 1181 2776 cx
1195 2719 1332 2776 ltemensi
1347 2737 1380 2776 ac
1396 2720 1557 2778 Senoncnsi
1572 2723 1738 2794 provinciis,
1751 2726 1828 2783 sino·

1003 2807 1059 2863 dus
1075 2809 1108 2863 13
1122 2807 1326 2880 episcoporum
1342 2806 1465 2880 praeside
1488 2809 1655 2867 Senoneuse
1678 2811 1825 2882 pontifice.

1003 2896 1082 2952 later
1096 2913 1170 2968 quos
1185 2895 1273 2952 etiam
1291 2897 1418 2952 lautores
1431 2895 1522 2997 aliqui
1538 2915 1589 2970 pro
1605 2905 1687 2970 parte
1697 2901 1827 2974 Hugonis

122 3005 201 3046 cens
216 2990 303 3062 Apud
318 3005 415 3062 regem
431 3004 549 3061 quoque
563 2987 688 3043 multam
705 3004 803 3043 rerum
818 2987 948 3061 inopiam
1003 2985 1187 3052 videbantur,
1200 2990 1229 3041 et
1242 2985 1369 3040 maxime
1380 2984 1421 3041 illi
1438 2985 1488 3057 qui
1502 2987 1569 3043 duci
1585 2990 1826 3059 consuescebant,

121 3095 268 3146 asserens,
286 3077 363 3150 apud
380 3093 443 3134 sese
458 3093 524 3132 vero
550 3075 730 3132 sufficientes
746 3092 825 3149 opes,
842 3075 950 3149 oppida
1004 3077 1104 3146 utpote
1119 3073 1349 3146 Aurelianensis,
1357 3080 1384 3130 et
1399 3074 1575 3144 Parisiseus,
1583 3076 1666 3133 Sillet
1655 3079 1746 3134 tensis
1749 3097 1830 3151 ‚quo-

121 3165 264 3223 nonaulla
265 3162 947 3239 ,aliaquedesiderabiliuminsigniavehemen·
961 3148 1071 3235 (ique.
1088 3165 1181 3235 Atque
1196 3162 1226 3217 hi
1251 3163 1366 3235 publice
1391 3164 1606 3221 consultabant
1625 3167 1829 3224 Renitentibus

121 3255 237 3311 tissime
256 3258 432 3327 protestans.
448 3254 562 3310 Tunc
550 3253 669 3325 juvenis
693 3269 790 3309 rerum
812 3252 949 3326 cupidine
1002 3257 1101 3308 autem
1115 3252 1255 3309 ltcrrcone
1265 3252 1462 3321 Laudunensr
1471 3257 1499 3309 et
1509 3253 1645 3309 Guburno
1656 3255 1830 3312 ⁸⁰⁹Catalau

120 3350 236 3417 captus,
261 3360 315 3416 pro
340 3342 502 3416 transfugio
527 3342 692 3411 mercedem
717 3341 829 3414 querit.
846 3344 882 3397 At
905 3341 948 3397 illi
1004 3341 1068 3397 nico
1098 3341 1253 3413 episcopis,
1279 3346 1307 3397 et
1334 3341 1589 3398 vehementissime
1617 3345 1829 3415 asserentibus,

118 3433 266 3490 mercedis
281 3448 388 3487 nomen
403 3431 531 3488 edicunt.
540 3430 590 3486 llle
598 3446 665 3486 vero
676 3448 711 3487 es
721 3431 875 3503 promissis
886 3433 949 3503 jus·
1003 3431 1080 3503 quod
1098 3429 1317 3486 amultitudiae
1331 3431 1534 3504 episcoporum
1547 3433 1828 3501 excommunicatus,

114 3522 280 3595 jurandum
297 3519 436 3593 postulat,
448 3520 596 3592 capitque.
613 3520 647 3574 Et
662 3524 792 3591 tempore
807 3536 947 3592 congruo,
1003 3519 1146 3575 aminore
1161 3536 1263 3575 eorum
1279 3537 1401 3576 nurnero
1417 3519 1526 3575 absolui
1544 3537 1599 3576 non
1616 3526 1725 3592 posset,
1743 3521 1829 3578 relin-

118 3613 273 3668 tirannum
285 3625 352 3665 cum
364 3608 440 3664 mult
441 3608 598 3664 amilitum
611 3625 712 3676 manu,
720 3608 797 3663 intra
807 3608 947 3682 oppidum
1003 3608 1104 3680 quitur
1119 3607 1191 3664 ratio
1211 3596 1382 3675 differenda,
1397 3626 1493 3680 usque
1519 3610 1555 3664 ad
1571 3610 1829 3682 interrogationem

118 3699 238 3773 excipit,
258 3715 293 3754 ao
317 3715 382 3754 sese
404 3697 431 3753 ei
455 3696 640 3764 commit,ens
657 3697 744 3752 fidem
770 3713 821 3768 pro
845 3697 949 3753 militia
1003 3714 1085 3769 papa
1100 3695 1232 3752 Romani.

120 3788 331 3846 accommodat
356 3784 725 3858 Pervasoautemoppido,
744 3785 815 3858 regii
840 3785 949 3841 milites
1040 3787 1083 3840 17.
1101 3783 1263 3840 Necmulto
1279 3787 1395 3856 postet
1409 3783 1703 3857 legarodrrrgrturrn
1720 3785 1830 3842 Gallias

120 3876 333 3935 contumeliose
343 3874 503 3949 pelluntur
512 3874 660 3947 Deputant
662 3891 696 3929 ur
706 3890 773 3930 vero
784 3873 824 3929 ibi
841 3874 949 3931 militas
1002 3892 1018 3928 a
1034 3875 1142 3929 domno
1156 3871 1290 3928 Johanne
1303 3888 1389 3944 papa,
1414 3870 1464 3943 qui
1475 3872 1539 3943 jam
1555 3873 1730 3928 succedebat
1745 3874 1829 3930 Octo

120 3966 240 4024 hmani.
452 4012 453 4015 .
1002 3962 1087 4018 viano
1101 3962 1144 4027 ‘¹0,
1160 3961 1259 4017 domni
1274 3960 1389 4033 Agapiti
1407 3961 1589 4030 successori;
1607 3977 1742 4018 asserens
1757 3980 1831 4035 pra·

159 4059 202 4111 12.
219 4055 303 4127 (960.)
317 4054 430 4111 Perlata
444 4057 513 4109 sunt
537 4052 598 4108 hae
621 4052 658 4108 ad
685 4068 792 4124 regern.
810 4053 869 4108 Rex
881 4069 948 4109 vero
1003 4050 1113 4106 dictum
1130 4050 1282 4122 Hugonem
1299 4049 1477 4115 abdicatum,
1492 4053 1553 4105 tam
1569 4049 1673 4106 sinodo
1688 4051 1830 4120 Romana,

123 4143 251 4201 Bruuoni
266 4142 410 4200 avunculo
426 4142 538 4215 legatos
553 4140 664 4215 dirigit,
680 4141 780 4213 copias
795 4142 830 4197 ab
846 4159 879 4198 eo
895 4160 949 4215 po·
1003 4156 1092 4213 quam
1110 4138 1202 4212 Papia
1221 4136 1387 4209 nuperrime
1404 4137 1515 4205 habita,
1530 4139 1565 4194 ab
1581 4138 1726 4210 episcopis
1741 4139 1830 4195 ltalia

123 4232 312 4290 steianaNec
326 4235 458 4287 moratur
468 4232 611 4298 Bruno,et
621 4246 688 4286 cum
702 4230 817 4286 duobus
829 4230 949 4286 milibus
1003 4227 1294 4293 anathematizatum,
1311 4225 1368 4281 nisi
1384 4226 1420 4281 ab
1435 4225 1472 4282 iis
1486 4243 1550 4299 quae
1567 4226 1667 4283 illicite
1682 4228 1832 4299 repetebat

123 4326 301 4377 armatorum
316 4336 351 4376 ex
366 4319 493 4392 Belgica,
510 4324 618 4375 terram
630 4318 739 4374 tiranni
755 4322 887 4391 occupat,
905 4337 950 4374 ur
1004 4317 1174 4390 quiesceret.
1189 4318 1249 4381 Qua
1264 4314 1408 4388 legatione
1419 4313 1557 4370 omnibus
1571 4314 1714 4382 intimata,
1729 4315 1832 4387 quari-

123 4412 247 4482 bemque
261 4409 449 4465 'l'rscasinam
465 4407 618 4463 obsidione
629 4407 869 4463 circumdatltex
882 4424 949 4464 vero
1004 4406 1108 4462 monice
1125 4404 1197 4461 ratio
1214 4404 1406 4475 pessumdata
1427 4406 1481 4458 est.
1498 4403 1581 4473 Hugo
1597 4402 1696 4474 itaque
1712 4419 1728 4456 a
1743 4402 1831 4458 fratre

125 4516 188 4554 cum
204 4502 308 4565 matre,
324 4501 423 4570 erepto
443 4501 538 4553 castro
563 4496 722 4552 exercitum
738 4495 859 4552 inducit.
877 4501 948 4552 Cum
966 4512 1057 4585 Dauo
1079 4496 1217 4551 ltotberto
1232 4496 1377 4564 receptus,
1393 4477 1653 4546 nimia'anxietata
1677 4491 1753 4546 intra
1768 4491 1831 4547 dios

124 4602 190 4661 ergo
204 4586 316 4660 duplici
331 4586 458 4643 exercitu
479 4585 614 4641 tirannus
630 4589 795 4659 urgeretur,
811 4585 904 4652 caedit,
922 4590 951 4642 et
1004 4582 1198 4656 paucissimos
1214 4580 1301 4637 Meldi
1318 4580 1473 4635 defunctus
1489 4581 1544 4633 est.

125 4677 160 4732 ab
175 4693 242 4750 rege
256 4674 470 4750 indulgentiam
486 4674 568 4749 petit.
586 4674 768 4746 Coactusqua
790 4673 907 4730 obsides
922 4678 951 4730 et
1040 4673 1084 4728 ts.
1101 4673 1197 4726 Bruno
1211 4670 1309 4740 itaque
1325 4666 1569 4738 metropolitanus
1584 4670 1613 4722 ct
1627 4667 1696 4738 dux,
1713 4667 1831 4724 cuidam

126 4768 307 4821 sacramenta
321 4764 390 4833 dat;
407 4767 436 4819 et
450 4763 571 4836 insuper
586 4762 687 4836 oppidi
712 4763 889 4835 proditorem
908 4763 950 4818 vi·
1005 4779 1040 4818 ex
1054 4760 1175 4832 collegio
1191 4756 1399 4815 canonicorum
1415 4754 1601 4812 Mettensium
1618 4757 1735 4813 nomine
1751 4756 1831 4813 Odel·

126 4858 190 4910 ctus
203 4854 303 4910 tradit.
310 4852 365 4918 Qui
381 4869 448 4909 mox
458 4851 572 4925 prolata
583 4853 619 4908 ab
635 4867 702 4923 rege
718 4851 873 4920 sententia,
884 4855 951 4908 ante
1006 4851 1065 4907 rico
1080 4848 1156 4920 apud
1173 4862 1270 4919 regem
1286 4840 1476 4916 presulatum
1491 4844 1649 4918 querebat.
1666 4846 1747 4912 Quod
1762 4861 1831 4900 cum

128 4943 225 5016 oppidi
241 4946 367 5015 portam,
383 4957 482 4997 coram
498 4945 582 5014 patre
596 4939 766 4997 decollatur.
1006 4937 1191 5004 obtinuisset,
1215 4950 1313 4990 coram
1338 4934 1440 4990 adesse
1463 4933 1541 4990 lacit.
1558 4933 1612 5000 Oui
1627 4934 1671 4989 vir
1686 4948 1830 4988 memora-

162 5032 206 5087 13.
224 5030 310 5102 (961.)
326 5030 387 5087 Rex
409 5045 476 5085 vero
499 5028 606 5102 oppido
630 5027 750 5101 potitus,
767 5046 833 5084 cum
859 5033 952 5086 matra
1007 5027 1084 5094 bilis,
1093 5041 1160 5080 cum
1176 5027 1252 5080 esset
1269 5021 1377 5078 divitiis
1393 5026 1421 5078 et
1436 5022 1597 5089 nobilitate,
1609 5021 1830 5092 litterarumque

806 5145 926 5201 VARIAE
944 5141 1149 5200 ascalonus.

160 5235 194 5268 ω*
210 5233 265 5300 lie,
280 5235 358 5318 siquo
375 5232 526 5298 indicante,
542 5232 638 5304 atiquo
654 5232 743 5288 deesse
747 5215 894 5289 cudentur.
911 5234 945 5269 ⁸⁰⁵
960 5234 1042 5289 astat
1044 5230 1069 5286 is
1083 5247 1154 5286 corr.
1172 5227 1252 5285 solis.
1269 5229 1302 5264 ⁸⁰⁶
1318 5226 1433 5300 trigoris
1445 5241 1516 5280 corr.
1534 5224 1626 5296 frigus
1648 5207 1829 5279 autumnale.

126 5304 157 5340 ⁸⁰⁷
171 5323 242 5361 ann.
259 5306 292 5340 ⁸⁰⁸
303 5321 391 5376 Jussu
407 5319 479 5359 corr
496 5303 622 5358 decreto.
637 5304 671 5338 *θ’
685 5306 734 5358 sic.
751 5305 785 5339 ⁴¹⁰
799 5307 849 5360 sic.

919 5402 1033 5458 NOTAE.

158 5491 244 5563 (102)
248 5491 337 5548 Error
351 5489 498 5558 auctoris3
514 5489 598 5562 Hugo
613 5488 756 5546 lleriberti
772 5487 850 5546 lilius
865 5488 1148 5561 archiepiscopatum
1165 5487 1338 5542 lismensem
1354 5482 1518 5548 invaserat,
1535 5483 1563 5535 et
1578 5484 1654 5538 reete
1673 5480 1750 5539 inlra
1764 5499 1858 5556 cap.

126 5563 156 5618 tr
171 5563 329 5620 Rotbertus
346 5562 435 5619 trater
449 5561 514 5633 ejus
526 5563 656 5618 vocatur.
