3878 6098
129 306 195 372 tat<
211 278 214 283 ’
269 303 438 369 menne.
455 304 507 368 Ab
523 303 875 399 SAEC.-AUC'l0Rl}S
892 304 987 368 ANNI
1003 302 1468 369 inuuunt-tununensis
1482 303 1571 367 aab.
1586 301 1696 366 sota.
1779 300 1844 366 {88

128 443 180 502 aut
194 444 271 499 certe
286 439 342 497 ilde
357 437 445 497 simul
464 440 492 497 et
510 438 646 513 operibus
668 437 830 495 coluerunt.
841 437 950 493 Verum
965 438 993 506 Α
1008 438 1090 506 leret,
1097 439 1183 511 jubet
1196 439 1299 506 lacere,
1312 454 1447 496 asserens
1461 455 1491 495 se
1506 435 1686 511 pauperibus
1697 438 1727 492 et
1736 433 1839 510 egenis

129 531 230 608 plures
243 530 301 587 fide
323 531 539 597 tantummodo,
550 546 609 586 non
623 528 766 584 habentes
791 526 887 583 locum
912 527 956 583 vel
1010 527 1118 584 ibidem
1134 527 1363 585 consistentibus
1381 527 1568 584 ministrandi
1586 524 1716 582 officium
1738 542 1839 582 susce·

128 624 247 694 tempus
272 619 422 693 operandi,
439 618 465 675 ei
489 616 672 690 placuerunt,
689 634 722 673 uc
745 615 955 690 professionem
1010 615 1099 690 pisse.
1116 618 1244 674 Necnon
1269 620 1315 673 est
1338 615 1514 672 Laurentius
1537 617 1675 672 Romana
1702 614 1840 671 Ecclesia

130 709 259 767 nominis
275 709 338 780 ejus
354 708 433 781 passi
443 712 522 764 sunt.
534 708 574 763 Ex
584 707 721 780 operibus
733 709 828 761 autem
845 705 956 778 absque
1011 705 1246 774 archidiaconus,
1258 723 1326 762 oum
1340 710 1368 762 et
1380 704 1443 778 ipse
1458 705 1602 762 essettlde
1612 703 1842 770 stabilis,scien-

132 797 190 854 lide
205 813 291 852 nemo
302 795 328 851 ei
340 813 471 868 unquam
482 799 533 850 aut
548 794 661 866 placere
674 792 767 864 potuit
779 794 830 847 aut
840 792 954 864 poterit,
1009 793 1051 850 tia
1065 795 1214 867 providus,
1226 794 1478 869 elcemosynarum
1498 793 1628 868 largitati
1642 792 1777 849 hilariter
1793 793 1841 849 in·

130 891 158 943 et
167 892 201 942 ut
212 886 310 959 aptius
321 885 468 940 enuntiem
479 884 556 957 quod
568 881 710 947 dico,haec
721 885 765 935 est
775 879 825 935 illa
833 880 955 953 geminae
1011 887 1101 952 stans,
1113 883 1268 941 thesauros
1284 884 1418 956 ejusdem
1433 883 1568 939 Ecclesiae
1584 882 1639 938 sibi
1650 882 1840 953 commissae,

131 973 359 1032 conversationis
383 973 531 1038 discretio,
544 988 632 1045 quam
656 968 910 1042 contemplativum
928 973 956 1025 et
1009 976 1042 1029 ut
1057 977 1140 1046 gesta
1157 973 1305 1045 passionis
1320 973 1385 1044 ejus
1400 971 1572 1045 loquuntur,
1584 969 1761 1027 fiducialiter
1776 987 1841 1027 ero-

130 1063 255 1121 activam
267 1066 438 1134 nuncupant
451 1061 552 1116 vitam.
564 1060 606 1115 Ad
622 1060 823 1131 huncquoque
838 1057 954 1114 distinc·
1010 1062 1087 1136 gavit
1102 1062 1298 1134 pauperibus:
1311 1062 1389 1117 unde
1404 1064 1433 1117 et
1448 1059 1633 1136 solemnitate
1649 1058 1840 1132 ipsiuslectio

129 1153 239 1210 tionem
254 1150 546 1224 pertinentduoquae
562 1148 591 1204 in
607 1146 746 1204 Psalterio
757 1147 857 1203 crebro
877 1146 955 1202 comss
1009 1149 1115 1222 legitur
1134 1149 1294 1222 apostolica
1323 1153 1464 1222 quaetota
1491 1148 1522 1204 in
1551 1146 1750 1205 exhortatione
1779 1148 1841 1204 sive

130 1244 339 1305 memorantur,
357 1238 504 1294 canticum
526 1237 660 1293 videlicet
675 1240 704 1291 et
722 1234 864 1307 psalmus.
881 1236 955 1292 Nam
1010 1237 1096 1295 laude
1111 1238 1299 1312 elcemosynae
1311 1238 1444 1294 facientis
1454 1237 1620 1311 conscripta
1633 1241 1688 1308 est,
1699 1240 1790 1307 atque
1804 1239 1839 1292 ad

128 1329 369 1400 canticum‚quod
389 1345 422 1383 ex
437 1326 631 1400 intelligentia
650 1325 713 1380 sola
726 1324 805 1380 vocis
819 1324 955 1379 humanae
1009 1327 1142 1384 eamdem
1159 1326 1334 1399 pertinentia
1349 1343 1468 1382 causam
1485 1326 1543 1382 alia
1557 1323 1701 1381 nonnulla
1716 1324 1787 1380 huic
1802 1326 1840 1381 oi·

127 1420 274 1493 protertur
285 1416 496 1482 crnissione,nd
508 1412 955 1470 interiorishominisscientiam
1011 1414 1076 1471 ticio
1095 1415 1276 1471 inseruntur.
1292 1416 1358 1471 Haec
1381 1415 1473 1489 igitur
1487 1415 1546 1470 duo
1571 1431 1634 1487 qua
1656 1413 1728 1480 dixi,
1744 1415 1839 1470 canti-

127 1511 157 1564 et
171 1507 238 1562 tidci
254 1506 381 1578 pertinet
392 1504 559 1571 veritatem
576 1503 708 1575 psalmus
723 1519 800 1568 vero,
812 1501 861 1574 qui
877 1502 957 1563 adhi.
1011 1521 1078 1561 cum
1093 1502 1227 1560 videlicet
1237 1520 1270 1560 ac
1284 1503 1427 1577 psalmus,
1438 1503 1605 1576 pariterque
1615 1502 1728 1577 figuras
1738 1519 1840 1559 eorum

127 1594 188 1652 bito
204 1594 346 1651 materiali
360 1610 468 1665 organo
483 1596 679 1648 consonanter
690 1590 849 1664 peragitur,
861 1589 897 1648 ad
912 1608 957 1648 ex·
1012 1609 1085 1664 quas
1107 1590 1217 1663 prmluti
1239 1608 1355 1657 sumus,
1367 1591 1460 1647 sancti
1480 1591 1581 1647 Patres
1592 1589 1760 1645 divinorum
1779 1590 1841 1646 olb-

127 1684 235 1741 tericra
246 1687 274 1739 ct
284 1681 447 1756 corporalia
461 1681 585 1736 retertur
595 1696 683 1751 opera
694 1697 700 1734 z
712 1679 741 1734 in
754 1679 863 1751 quibus
874 1679 958 1736 nimi·
1012 1679 1123 1736 ciorum
1148 1680 1330 1736 ordinatores
1354 1678 1520 1753 significare
1543 1677 1684 1745 volentes,
1704 1677 1735 1733 in
1750 1678 1841 1752 hujus

129 1790 194 1829 rum
207 1771 331 1845 justitie
344 1769 494 1842 operibuS,
507 1767 641 1823 maximae
651 1767 773 1840 justitia
783 1785 867 1840 opus,
880 1771 956 1841 quod
1012 1769 1166 1840 utriusque
1181 1767 1275 1823 sancti
1292 1768 1450 1825 festivitate
1466 1784 1534 1824 cum
1550 1766 1720 1840 antiphonis
1734 1768 1841 1824 decan-

126 1861 225 1918 Graeco
240 1857 381 1915 vocabulo
396 1858 599 1930 eleemosynam
615 1856 773 1930 appellant,
786 1857 912 1913 eminet:
927 1864 956 1914 et
1009 1858 1108 1914 tundis
1121 1856 1439 1914 statueruntvcrsiculo
1451 1856 1618 1914 recitanda:
1632 1860 1780 1929 quatenus
1790 1875 1842 1930 per

125 1967 176 2006 aas
189 1948 339 2005 electionis
353 1945 623 2018 Paulusapostolus
634 1950 662 2001 ct
672 1945 812 2018 magister
822 1945 953 2017 gentium
1008 1948 1069 2003 haec
1085 1951 1113 2002 et
1129 1946 1283 2002 sinceritas
1299 1946 1365 2002 fidei
1389 1963 1489 2002 eorum
1505 1946 1536 2002 in
1551 1945 1608 2002 Deo
1628 1949 1655 2001 et
1675 1945 1840 2003 misericor

127 2055 194 2094 cum
211 2037 269 2093 fide
290 2040 367 2092 esset
387 2033 786 2106 firmissimus,doctrinaque
805 2034 953 2105 perfusae,
1009 2035 1063 2092 die
1079 2053 1167 2109 opera
1181 2036 1211 2091 in
1224 2035 1366 2108 proximis
1376 2039 1621 2102 monstrarentur,
1634 2038 1667 2090 ut
1676 2034 1840 2108 antiphona

126 2131 213 2200 etque
225 2125 321 2181 divino
332 2141 432 2181 amore
442 2123 764 2196 totallagraretanimo,
774 2123 852 2194 quod
863 2123 955 2178 omni·
1008 2124 1072 2181 loco
1088 2124 1204 2191 cantici,
1221 2141 1271 2197 per
1287 2125 1375 2197 quod,
1393 2129 1426 2180 ut
1441 2124 1552 2180 dictum
1566 2127 1621 2190 cst,
1633 2124 1746 2181 devotio
1758 2141 1840 2203 men·

125 2217 181 2273 bus
192 2231 348 2272 commune
361 2218 406 2269 cst
417 2212 584 2280 sanctis3et
591 2213 654 2282 jam
667 2211 874 2266 misericordie
890 2229 955 2284 ope
1009 2212 1047 2269 tis
1062 2212 1244 2284 exprimitur,
1261 2218 1427 2281 resonaret,
1448 2211 1585 2270 versiculi
1599 2229 1665 2269 vero
1694 2216 1837 2286 tanquam

125 2306 209 2361 ribus
237 2300 508 2374 incomparabiliter
530 2298 651 2355 sedulus
676 2299 850 2366 insudabat;
876 2300 952 2371 quod
1008 2301 1115 2374 psalmi
1141 2301 1341 2372 recitarentur,
1362 2319 1420 2375 quo
1444 2319 1525 2376 aque
1549 2300 1675 2357 exterior
1700 2302 1788 2371 actio,
1803 2319 1838 2358 ac

126 2397 225 2450 textus
239 2390 435 2462 Epistularum
458 2389 569 2454 edocet,
587 2388 636 2442 ubi
651 2386 811 2459 discipulos
828 2389 888 2444 siue
904 2406 954 2444 au·
1009 2389 1216 2446 misericordie
1232 2407 1329 2464 opera,
1342 2408 1406 2465 quae
1419 2390 1637 2447 studiosissime
1651 2389 1681 2445 hi
1697 2390 1756 2447 duo
1772 2407 1840 2448 san-

129 2480 239 2536 ditoros
255 2495 325 2534 suos
354 2476 462 2548 sepius
477 2475 512 2530 ad
529 2475 744 2549 eleemosynam
774 2476 954 2544 exhortatur,
1009 2478 1047 2534 cti
1064 2495 1121 2550 prce
1138 2478 1248 2534 cacteris
1261 2484 1460 2548 exercuerant,
1474 2479 1706 2536 insinuarentur.
1720 2477 1792 2536 Vale
1806 2479 1838 2536 in

128 2567 340 2639 collectamque
355 2564 545 2638 pecuniarum
566 2581 654 2637 quam
675 2563 888 2635 ierosolymam
904 2566 953 2621 dc·
1009 2566 1144 2633 Domino,
1161 2567 1344 2625 charissime.

1566 2678 1834 2716 ,ἡ

676 2844 1298 2976 AMBLARDUS

781 3059 878 3105 nubas
899 3059 1176 3106 sustentamentum

472 3184 761 3277 aubnnnbl
790 3186 1068 3274 EPISTOLA
1096 3187 1167 3272 ab
1196 3188 1480 3276 HERVEUM
1580 3240 1582 3280 1

774 3337 965 3398 Canopicum
979 3338 1193 3399 Turonensem

495 3536 498 3541 ,
553 3472 652 3534 Mittit
665 3470 706 3532 od
719 3490 783 3532 cum
799 3468 909 3530 tibrum
923 3468 958 3530 de
979 3468 1044 3532 Vite
1058 3471 1155 3531 suncti
1167 3470 1269 3551 Etrptt
1280 3473 1411 3553 episcopi

588 3603 684 3675 (Apud
701 3602 822 3670 bilehilt,
838 3601 937 3657 Annei.
955 3600 1054 3658 Beried.
1070 3605 1141 3657 tom.
1153 3602 1200 3668 lV,
1214 3619 1281 3675 pag.
1296 3602 1370 3676 ⁴55.)

163 3872 443 3941 Pracellentissimo,
459 3872 577 3944 Deoque
606 3868 736 3938 amabili,
753 3886 786 3925 ac
809 3870 990 3937 bonorumc
1010 3869 1094 3926 miris
1108 3869 1207 3942 augeri
1223 3869 1394 3938 virtutibus;
1409 3887 1460 3943 pro
1471 3887 1529 3944 quo
1540 3870 1667 3944 petimus
1677 3875 1711 3927 ut
1721 3888 1836 3930 memo·

128 3978 250 4035 operum
272 3959 426 4031 insiguiter
451 3960 591 4016 adornato
606 3958 724 4014 domiuo
754 3974 818 4013 meo
845 3960 951 4029 bavae,
1008 3975 1054 4014 res
1069 3959 1134 4013 sitis
1149 3959 1241 4014 nostri
1256 3957 1286 4012 in
1301 3959 1482 4016 orationibus
1493 3959 1606 4016 vestris.
1620 3959 1716 4016 Vitam
1728 3961 1837 4018 beatie-

129 4047 316 4106 bumillimus
337 4046 470 4102 omnium
491 4048 670 4101 Antnmanue
686 4046 777 4101 abbas
792 4050 954 4118 cunctaque
1008 4046 1074 4102 simi
1086 4046 1170 4119 Eligit
1186 4047 1362 4102 contessoris
1375 4053 1462 4120 atque
1477 4048 1707 4121 episcopi,quam
1718 4049 1835 4107 dudum

129 4133 315 4209 congregatio
330 4132 402 4187 mihi
427 4134 560 4204 subjecta
574 4133 829 4189 sollemniacensis
852 4150 953 4189 mona·
1008 4134 1125 4190 anobis
1140 4135 1324 4206 poposcistis,
1342 4136 1539 4207 expressimus
1555 4140 1588 4192 ut
1610 4136 1770 4209 potuimus,
1788 4154 1835 4207 ac,

130 4224 221 4292 sterii,
239 4228 409 4297 perpetuam
425 4220 455 4276 in
470 4219 585 4277 Christo
601 4221 736 4277 salutem.
1009 4226 1065 4277 Deo
1077 4222 1200 4288 volente,
1211 4229 1313 4279 vestrae
1326 4225 1485 4296 presentia
1494 4225 1716 4281 destinavimus.
1731 4224 1836 4285 Preca-

165 4312 273 4370 Mentio
297 4327 381 4369 sacra
400 4310 487 4367 vestri
505 4308 546 4366 sio
561 4313 660 4365 nostro
685 4325 800 4382 semper
828 4309 955 4366 adheret
1009 4328 1077 4368 mur
1091 4310 1190 4384 itaque
1205 4328 1266 4377 vos,
1279 4313 1511 4369 reverentissime
1521 4315 1615 4379 Pater,
1625 4320 1658 4369 ut
1668 4330 1736 4370 cum
1751 4313 1837 4372 avide

129 4403 249 4479 pectori,
261 4406 294 4458 ut
316 4400 397 4456 nulla
411 4397 631 4473 perturbatione
645 4397 742 4454 saeculi
768 4414 953 4471 nequaquam
1008 4416 1072 4456 cam
1093 4399 1289 4472 sumpseritis,
1301 4418 1334 4457 ac
1349 4401 1422 4457 bene
1437 4419 1502 4458 eam
1520 4402 1662 4459 memoria
1684 4418 1837 4460 commen-

129 4493 222 4567 possit
238 4491 323 4548 elabi.
337 4489 476 4555 Quamvis
495 4488 573 4544 enim
598 4487 674 4543 inter
697 4487 831 4543 turbines
855 4487 953 4543 seculi
1008 4489 1107 4544 datam
1123 4487 1296 4556 habueritis,
1307 4489 1395 4545 etiam
1423 4491 1560 4547 lictberto
1583 4490 1644 4564 regi
1659 4491 1837 4562 ostendatis,

130 4583 225 4638 simus
240 4580 337 4652 positi,
348 4584 446 4635 tamen
462 4578 492 4633 in
505 4575 687 4634 orationibus
702 4576 821 4644 uostris,
833 4576 890 4632 Deo
901 4576 956 4632 lar·
1009 4581 1042 4633 ut
1057 4594 1091 4633 ex
1104 4594 1139 4632 ea
1151 4581 1307 4650 cognoscat
1321 4584 1432 4650 quanta
1444 4578 1640 4636 familiaritate
1655 4595 1688 4635 ac
1702 4579 1838 4654 benigni-

129 4667 274 4743 giente,in
286 4671 431 4739 quantum
447 4682 615 4740 possumus,
625 4682 769 4722 memores
780 4683 884 4722 sumus
894 4682 955 4722 ves·
1008 4669 1067 4722 tate
1092 4665 1169 4721 circa
1195 4665 1292 4722 locum
1316 4671 1450 4724 nostrum
1474 4667 1701 4725 sollicitudinem
1725 4669 1839 4727 habere

130 4757 177 4813 tri.
187 4755 327 4813 Novimus
338 4755 426 4822 enim,
438 4755 474 4811 ab
487 4755 559 4826 ipsis
568 4772 641 4828 pene
654 4754 809 4812 cunabulis
818 4772 869 4811 vos
881 4754 955 4811 nibil
1008 4755 1121 4810 debeat.
1139 4754 1212 4811 Cum
1227 4756 1306 4811 enim
1320 4773 1373 4829 ego
1385 4757 1462 4828 apud
1473 4773 1522 4812 vos
1538 4756 1712 4824 habitarem,
1721 4773 1755 4813 ac
1765 4773 1838 4814 cum

130 4845 210 4903 aliud
223 4859 349 4909 amasse,
363 4848 467 4915 prater
481 4844 538 4899 Deo
552 4843 656 4900 uivere.
666 4844 762 4901 Vestri
786 4849 882 4901 autem
899 4845 954 4900 sub
1008 4842 1058 4899 illo
1074 4844 1240 4916 frequenter
1263 4843 1379 4900 locutus
1401 4845 1534 4911 fuissem,
1549 4845 1612 4918 ipse
1636 4844 1708 4902 mihi
1724 4846 1840 4920 rogavit

130 4934 272 4991 ditionem
288 4930 402 5006 positus
424 4931 538 5005 agnovi,
555 4932 725 5005 diligentius
748 4951 799 4990 vos
825 4932 956 5007 quotidie
1010 4937 1043 4988 ut
1057 4949 1110 5005 ego
1126 4931 1152 4987 ei
1168 4948 1233 4989 eam
1248 4931 1355 4989 babere
1370 4933 1505 4991 facerem.
