3878 6098
109 312 174 375 m
622 284 1411 377 smwmmmwwffln'
1762 304 1823 387 m

107 446 654 503 Μυὶαεαοωνυωεαηοῃυωηοοηοο
666 442 800 517 quedam
810 441 940 516 capitula
953 444 1074 519 gunda
1100 444 1195 504 vivere
1222 445 1309 503 debet
1335 446 1360 504 ei
1387 445 1473 504 tollit.
1498 448 1533 506 lit
1558 447 1681 519 scimus,
1708 451 1823 515 dicente

108 538 333 593 utecassorum
348 537 517 591 nostrarum
534 532 942 607 mucrorencumquiagravi·
995 532 1084 590 Paulo
1104 534 1245 608 apostolo,
1262 535 1332 609 quia
1357 537 1454 594 omnis
1481 537 1631 600 homicida
1651 557 1710 599 non
1734 541 1822 603 babet

108 627 156 681 ter
166 629 195 680 et
205 624 329 680 moleste
339 623 561 696 ierimus,qucd
574 622 701 695 peccatis
712 621 943 695 impedientibus
995 623 1084 679 citam
1096 623 1125 679 in
1139 640 1228 698 reguo
1244 624 1305 695 Dei,
1315 629 1345 683 et
1360 625 1524 684 homicidas
1540 631 1569 684 et
1583 627 1734 687 adulteros
1743 631 1823 702 judi·

110 717 143 772 et
157 711 281 770 malitiis
295 728 498 786 perversorum
524 711 676 767 hominum
701 710 939 782 exuberantibus,
995 713 1073 768 cabit
1097 713 1184 770 Deus.
1201 716 1276 780 Quia
1298 730 1367 788 ergo
1392 732 1513 788 rapaces
1540 732 1665 791 regnum
1688 718 1740 775 llei
1762 736 1821 779 non

111 801 192 859 ultra
211 803 335 859 modum
348 800 493 857 vilescunt
507 803 596 874 atque
616 817 689 874 pene
704 799 856 857 adnullata
879 800 940 857 exi·
995 802 1197 875 possidebunt,
1215 802 1270 859 nisi
1291 819 1325 859 ea
1348 803 1530 862 reddiderint
1552 822 1617 878 que
1645 806 1776 875 tulerint,
1793 813 1823 867 el

110 895 208 959 stant,
223 889 368 963 precipue
390 889 442 946 illa
465 905 529 962 qua·
543 892 645 945 contra
660 887 772 945 maium
788 889 896 962 rapina
912 892 942 946 et
994 887 1116 963 insuper
1127 891 1329 964 penitentiam
1344 891 1466 965 egerint,
1477 893 1625 967 fugiamus
1636 894 1691 952 hoc
1706 899 1824 955 tantum

109 978 368 1052 depraedationisa
382 978 493 1036 sanctis
508 978 643 1053 patribus
659 983 729 1034 sunt
743 978 940 1052 promulgata,
995 979 1116 1049 malum,
1132 980 1211 1037 unde
1225 984 1269 1037 tot
1283 998 1317 1037 ac
1330 985 1413 1039 tenu
1426 980 1484 1039 alia
1504 983 1583 1039 mala
1607 984 1778 1056 procedunt,
1793 989 1822 1043 st

110 1073 140 1126 et
149 1085 169 1125 a
178 1067 942 1142 christianissimisregibusauctoritateragiaccnbr·
995 1067 1154 1141 diligamus
1164 1067 1313 1140 proximos
1326 1069 1401 1125 sicut
1413 1069 1619 1143 nosmetipsos,
1627 1070 1823 1145 adimplentes

109 1163 202 1215 mata.
210 1157 362 1230 Siquidem
378 1157 418 1213 ita
432 1157 544 1230 passim
559 1156 646 1230 longo
661 1155 780 1230 lateque
793 1156 848 1217 hoc
859 1172 941 1214 vone-
996 1156 1089 1231 legem
1105 1174 1169 1230 quas
1184 1156 1255 1214 dicit
1271 1175 1278 1212 :
1294 1158 1354 1215 Noe
1370 1161 1544 1232 concupiscas
1559 1176 1618 1216 rem
1627 1161 1753 1232 prostoci
1767 1162 1820 1229 art,

108 1265 184 1304 aum
198 1247 340 1304 didacum
355 1251 384 1303 et
397 1247 565 1320 dispersum
581 1247 768 1319 est‚utquasi
780 1246 941 1320 liberejam
994 1264 1043 1304 nee
1056 1249 1150 1303 omnia
1164 1262 1228 1320 quae
1243 1248 1323 1305 illice
1333 1256 1407 1304 suut.
1424 1248 1498 1314 Ouia
1511 1247 1597 1305 aliter
1611 1265 1705 1322 neque
1720 1248 1821 1306 inimi-

108 1336 189 1394 malc
203 1338 363 1393 abutantur
376 1352 479 1393 omnes
503 1335 602 1392 inlecti
618 1341 647 1391 at
666 1336 795 1409 corrupti
820 1351 941 1409 corpore
995 1336 1037 1394 cis
1051 1337 1160 1394 nostris
1176 1336 1339 1410 poterimus
1360 1337 1505 1405 resistere,
1521 1352 1616 1411 neque
1632 1354 1754 1412 regnum
1768 1339 1820 1397 llei

107 1425 322 1485 etanimabnc
340 1429 400 1482 lam
425 1424 652 1483 sceleratissimo
677 1429 767 1499 atquc
791 1425 941 1483 mortifero
994 1425 1156 1499 possidere.

106 1515 225 1581 melio,
239 1532 297 1572 nou
321 1514 514 1589 recogitantes
538 1515 593 1572 hoc
618 1515 695 1587 quod
719 1514 828 1573 Paulus
857 1514 939 1583 dicit,
1032 1515 1056 1570 1.
1072 1513 1218 1571 Volumus
1240 1514 1348 1586 itaque,
1366 1518 1399 1572 ut
1413 1514 1555 1588 palatium
1578 1520 1724 1586 nostrum,
1740 1533 1821 1576 mora

108 1604 202 1662 mmo
218 1605 296 1661 Deus
310 1604 496 1677 omnipotens
511 1621 562 1677 per
575 1604 674 1678 ipsum
684 1606 942 1678 :Rapacesreqaum
994 1603 1242 1676 predecessorum
1267 1607 1445 1674 nostrorum,
1462 1608 1491 1661 et
1513 1603 1566 1662 Dei
1581 1603 1674 1672 cultu,
1688 1608 1717 1663 et
1732 1606 1821 1679 regali

107 1697 161 1753 eei
174 1711 231 1752 uon
240 1693 426 1767 comidebant.
434 1693 534 1766 Neque
549 1692 622 1749 illud
638 1693 715 1766 quod
732 1693 802 1750 aiibi
816 1694 939 1766 Apostc-
994 1692 1114 1762 honore,
1130 1694 1183 1750 sed
1205 1697 1236 1750 et
1259 1692 1410 1768 religionis
1426 1694 1546 1764 babitu,
1567 1697 1597 1751 et
1619 1693 1823 1757 unanimitatis

107 1782 542 1857 lussit,quiasincsmctipsos
557 1782 741 1839 comedimus
755 1782 941 1839 etconsumi·
994 1782 1159 1850 concordia,
1183 1786 1271 1855 atque
1298 1782 1379 1856 pacis
1405 1784 1509 1843 ordine
1535 1782 1712 1851 stabilietur,
1737 1786 1766 1840 et
1791 1783 1822 1843 iu

109 1888 190 1941 mus,
206 1872 294 1930 idest
308 1872 522 1946 depredamur,
538 1871 595 1929 citc
610 1871 790 1929 deficiemus.
806 1870 940 1945 Complc·
995 1871 1098 1927 ecdem
1109 1869 1326 1944 palaticnostro
1336 1871 1822 1946 pssprmdecessorumuestmrum

108 1967 161 2023 ur
173 1979 245 2036 ergo
258 1960 289 2018 in
304 1961 399 2030 nobis,
416 1962 507 2017 immo
523 1977 575 2034 per
587 1978 651 2028 nos,
661 1961 738 2035 quod
754 1961 940 2034 amnipotens
994 1959 1198 2017 sanctionibus
1215 1964 1338 2030 servata,
1355 1977 1508 2035 peremne
1534 1978 1657 2036 reguum
1686 1966 1822 2020 nostrum

108 2052 191 2110 lieris
210 2068 262 2125 per
281 2049 387 2107 isaiam
414 2049 587 2123 prophetam
610 2048 791 2124 improperat
814 2049 938 2108 dicens:
995 2050 1168 2122 exequenda
1182 2050 1357 2122 proteratur.

109 2141 305 2214 unusquisqne
318 2156 430 2196 remen
445 2139 551 2196 brolii
563 2141 609 2195 rui
623 2140 740 2207 carebit,
754 2139 783 2195 id
799 2142 853 2207 est,
869 2138 939 2195 sub·
1029 2142 1057 2194 2.
1073 2139 1263 2196 Decernimus
1278 2139 1380 2213 igitur,
1392 2142 1425 2195 ut
1438 2155 1543 2197 omnes
1558 2139 1588 2197 in
1602 2138 1711 2213 palatio
1721 2143 1821 2201 nostro

106 2228 250 2288 undam
267 2229 367 2285 fratris
388 2228 433 2285 sni
449 2227 577 2301 diripiet.
594 2226 716 2284 Carnem
732 2226 809 2284 enim
825 2226 938 2283 brachii
994 2232 1225 2297 commanentes,
1242 2233 1272 2286 et
1287 2227 1360 2286 illud
1377 2227 1509 2301 undique
1533 2229 1685 2298 adeuntes,
1701 2228 1822 2300 pacifice

109 2319 158 2377 sui
173 2319 302 2384 devorat,
318 2322 347 2374 ct
365 2317 540 2390 sangninem
568 2316 682 2373 brachii
711 2317 757 2373 sui
787 2317 871 2382 bibit,
889 2315 939 2389 qui
994 2317 1228 2384 vivantoundsi
1244 2317 1498 2391 aliquiscorrupta
1513 2333 1584 2391 pace
1599 2318 1822 2390 rapinamexer·

108 2407 309 2466 wbaantiam
325 2405 449 2481 pmsimi
464 2405 508 2462 sui
520 2405 607 2474 tollit,
616 2407 769 2462 undecaro
780 2404 939 2463 sustentari
994 2406 1097 2476 cuerit,
1115 2423 1166 2480 per
1181 2411 1312 2464 nostrum
1336 2407 1446 2480 regiam
1476 2406 1722 2465 auctoritatemet
1737 2406 1821 2463 missi

108 2496 223 2553 debuit.
239 2495 303 2552 Neu
317 2499 363 2552 est
377 2499 475 2551 autem
495 2494 615 2565 mirum,
629 2495 655 2552 si
672 2494 777 2568 pagani
793 2500 821 2550 et
836 2498 939 2551 extera
995 2497 1087 2552 nostri
1103 2496 1269 2570 jussionem
1286 2495 1322 2553 ad
1338 2494 1499 2569 palatinam
1519 2496 1683 2552 adducatur
1697 2495 1820 2553 audieu-

107 2586 247 2643 nationes
258 2585 342 2641 nobis
353 2583 542 2640 dominantur
552 2584 698 2657 nobisque
708 2586 784 2640 bona
796 2588 941 2657 tempora·
994 2585 1067 2642 tiam
1079 2603 1085 2653 ;
1098 2590 1130 2642 ut
1138 2586 1300 2643 secundum
1311 2585 1390 2658 quod
1405 2585 1434 2642 in
1450 2584 1587 2658 capitulis
1601 2588 1821 2642 antecessorum

108 2673 151 2733 lia
163 2673 283 2745 tollunt,
294 2674 365 2730 dum
382 2673 588 2747 unusquisque
599 2674 731 2746 proximo
747 2688 801 2730 suc
816 2672 939 2746 pervim
994 2674 1168 2737 continetur,
1185 2673 1272 2748 legali
1286 2673 1428 2731 multetur
1439 2673 1562 2747 judicio,
1578 2672 1668 2747 tripla
1679 2672 1823 2746 composi·

108 2763 188 2821 tollit
204 2762 283 2819 unde
296 2761 391 2819 vivere
405 2763 500 2819 debet.
518 2762 585 2818 ldeo
599 2763 680 2834 juste
699 2762 834 2819 convenit
855 2763 940 2820 nobis
994 2763 1074 2820 tinne
1088 2768 1205 2836 peracta
1220 2780 1288 2820 cum
1302 2763 1449 2822 dominico
1464 2764 1572 2820 banno.

108 2852 183 2911 illud
194 2851 273 2926 quod
290 2851 477 2925 omnipotens
487 2850 565 2908 Deus
577 2867 629 2924 per
644 2850 750 2908 isaiam
766 2851 939 2925 prophetam
1030 2853 1054 2910 3.
1073 2853 1103 2910 Si
1113 2853 1255 2926 quisverc
1269 2853 1381 2926 absque
1393 2852 1507 2910 seniore
1521 2855 1572 2910 aut
1588 2852 1665 2909 inira
1678 2850 1821 2925 palatium

108 2941 242 2999 minatur
266 2940 367 2997 dicens
386 2957 393 2996 :
412 2942 457 2998 l'ce
480 2943 529 3013 qai
550 2940 698 3014 precaris,
719 2957 810 2996 nonae
833 2949 859 2996 et
883 2942 940 3013 ipse
994 2947 1046 2999 aut
1060 2943 1137 2999 circa
1152 2941 1224 2999 illud
1239 2943 1349 3016 degens
1364 2943 1419 3000 lice
1434 2942 1511 2999 idem
1529 2941 1639 3012 iecerit,
1654 2941 1734 2998 hunc
1750 2941 1822 2999 mis-

107 3031 301 3106 praedaberis?
315 3030 373 3086 Nos
387 3047 454 3087 vero
470 3031 637 3103 praedamur
652 3030 757 3087 iratres
773 3033 900 3100 nostros,
911 3033 940 3086 et
994 3048 1046 3088 sus
1062 3036 1161 3089 noster
1175 3031 1270 3099 adeat,
1279 3031 1351 3088 etad
1364 3031 1371 3085 i
1375 3048 1461 3105 psum
1473 3030 1614 3104 pristiam
1621 3030 1712 3103 jussu
1722 3035 1822 3088 nostru

108 3121 220 3178 idcirce
233 3118 339 3194 pagani
355 3118 459 3176 meritc
470 3134 524 3176 ncs
534 3124 725 3192 nostramque
741 3119 938 3176 substantiam
994 3137 1062 3178 eum
1077 3119 1176 3178 venire
1191 3120 1350 3194 precipiat.
1367 3121 1490 3187 Quodsi
1506 3136 1580 3177 ausu
1601 3120 1757 3178 temerario
1771 3136 1822 3177 ve·

109 3209 326 3284 depraedantur.
334 3209 483 3276 Quomodo
494 3208 584 3283 igitur
599 3208 694 3265 securi
705 3208 869 3282 poterimus
877 3225 939 3282 per
954 3196 976 3265 C
996 3208 1058 3266 niro
1068 3209 1287 3282 contempserit,
1299 3209 1325 3265 vi
1342 3209 1377 3266 ad
1394 3213 1524 3267 nostram
1535 3208 1720 3282 presentiam
1731 3209 1822 3266 addu-

109 3315 177 3374 gere
187 3302 291 3355 ccatm
301 3296 437 3355 inimicos
448 3301 556 3355 sancta
567 3297 617 3355 Dei
628 3297 756 3355 ecelesia
770 3302 798 3353 et
812 3302 939 3367 nostros,
995 3299 1262 3368 catur,subdendus
1269 3298 1516 3372 predecessorum
1525 3302 1691 3357 nostrorum
1698 3297 1822 3355 sanctio·

109 3405 177 3446 cum
192 3386 299 3462 rapina
317 3387 456 3461 pauperis
475 3385 591 3444 inclusa
605 3391 649 3443 est
665 3387 695 3443 in
711 3387 798 3443 domo
816 3388 941 3445 nostrat
994 3390 1093 3446 nibus.
1107 3386 1137 3445 Si
1152 3391 1250 3445 autem
1266 3391 1294 3444 et
1314 3404 1368 3445 nce
1392 3391 1421 3444 et
1443 3387 1569 3445 missum
1593 3391 1727 3443 nestrum
1751 3403 1820 3443 con-

110 3483 140 3534 et
154 3494 214 3534 non
239 3475 336 3534 solum
357 3477 436 3534 domi
458 3476 573 3534 reclusa
587 3480 640 3546 est,
658 3477 863 3535 verumetiam
879 3477 939 3551 ple·
994 3476 1155 3551 tempserit,
1168 3480 1196 3534 ct
1203 3477 1239 3533 ad
1249 3493 1303 3533 ncs
1312 3476 1410 3533 venire
1421 3475 1556 3545 noluerit,
1564 3474 1820 3533 etsadesendendc

112 3583 239 3640 rumque
251 3565 356 3635 evenit,
374 3571 406 3622 ut
420 3566 507 3639 pleno
530 3571 630 3623 ventre
653 3566 756 3639 rapina
778 3567 809 3623 in
824 3566 940 3624 hostem
993 3566 1033 3625 lbi
1045 3566 1158 3624 occisus
1168 3566 1265 3633 luerit,
1278 3570 1306 3623 et
1316 3564 1423 3638 aliquis
1434 3568 1588 3638 parentum
1599 3563 1821 3622 autamiocrum

112 3656 236 3729 quidam
252 3655 486 3729 proficiscantur.
504 3656 538 3712 llt
551 3655 699 3728 quomodo
714 3656 876 3728 poterimus
888 3654 941 3711 ini·
993 3657 1058 3728 eius
1073 3656 1141 3711 inde
1157 3655 1265 3711 suidam
1283 3653 1420 3711 lldelibns
1433 3653 1543 3711 nostris
1560 3654 1611 3726 qui
1625 3669 1693 3711 crue
1707 3652 1820 3710 oecide-

111 3743 208 3802 miccs
221 3748 340 3801 nostrus
354 3745 516 3811 devincere,
532 3761 600 3800 cum
616 3743 738 3819 sangnis
753 3746 877 3802 fratrum
891 3760 942 3800 no·
995 3745 1054 3801 rint
1073 3749 1189 3819 portare
1203 3744 1337 3815 voluerit,
1353 3742 1526 3816 potestative
1541 3759 1605 3803 eam
1616 3742 1719 3814 iurare
1733 3742 1819 3799 lacie-

82 3864 85 3869 ·
112 3838 244 3891 atrorum
259 3834 359 3890 abore
382 3837 484 3890 nostro
508 3832 639 3902 distillat,
656 3838 685 3890 et
706 3851 813 3891 manus
835 3837 939 3889 nostra
995 3848 1075 3901 mus,
1091 3837 1121 3888 et
1144 3831 1244 3889 fideles
1272 3835 1388 3889 nostros
1413 3831 1494 3904 regia
1522 3830 1694 3891 auctoritate
1717 3829 1821 3886 exinde

111 3921 940 3997 pienesuntsanguine,etbrachiapondcremiseriarum
994 3922 1213 3994 adjuvabimus.

109 4009 325 4084 etrapinarum
341 4015 512 4085 gravantur,
527 4016 648 4085 totaque
662 4011 757 4068 virtus
770 4011 861 4068 animi
877 4029 940 4069 ccr-
1030 4013 1056 4068 l.
1073 4011 1187 4068 Placuit
1210 4010 1299 4067 etiam
1328 4009 1413 4067 nabis
1441 4011 1472 4068 et
1492 4009 1629 4067 ssdelibus
1652 4007 1771 4074 nostris,
1789 4011 1822 4065 ut

110 4100 253 4173 purisque
280 4099 474 4156 debilitatur?
496 4101 597 4157 Preces
625 4105 731 4158 nostra
755 4118 772 4156 a
796 4101 855 4158 beo
881 4117 940 4158 non
994 4101 1174 4175 quicumque
1190 4100 1266 4156 inira
1281 4116 1405 4174 regnum
1420 4103 1554 4157 nostrum
1570 4097 1680 4172 aliquid
1691 4097 1822 4171 rapuerit

110 4188 305 4262 recipiuntur,
334 4189 404 4262 quia
435 4188 578 4247 clamosus
609 4194 637 4247 et
662 4189 794 4263 ploratus
823 4189 940 4262 altaque
995 4195 1046 4249 aut
1060 4190 1245 4264 depredatus
1260 4189 1504 4258 luerit,en1niain
1515 4187 1638 4262 triplum
1653 4190 1820 4260 componat,

110 4277 242 4352 suspiria
273 4295 435 4352 pauperum
465 4282 494 4335 et
521 4278 729 4352 orphanorum,
761 4279 939 4354 pupillorum
994 4281 1171 4337 etbannum
1186 4279 1368 4337 dominicum
1383 4278 1537 4352 persolvat,
1553 4274 1821 4350 etinsuperpubli-

111 4369 201 4440 atque
214 4365 371 4423 viduarum
386 4372 591 4440 praeoccupant
603 4371 632 4425 ct
644 4369 825 4443 praeveniunt
838 4384 939 4442 preces
994 4387 1058 4429 cam
1084 4369 1285 4443 poenitentiam
1314 4369 1383 4426 inde
1413 4367 1509 4440 saciat,
1523 4367 1600 4426 sicut
1621 4367 1652 4422 in
1665 4362 1820 4438 capitulari

109 4460 241 4521 nostras,
257 4472 323 4528 que
337 4456 436 4513 crudis
459 4456 598 4514 carnibus
623 4457 748 4514 fratrum
771 4461 939 4516 nostrorum
993 4463 1213 4517 antecessorum
1229 4457 1403 4516 continetur.
1412 4457 1442 4513 Si
1452 4459 1553 4514 autem
1565 4454 1686 4512 colonus
1702 4455 1752 4509 aut
1763 4467 1821 4511 ser

111 4548 238 4618 gravata
253 4544 468 4602 raucitudinem
479 4551 665 4619 acceperunt,
676 4546 787 4604 nullam
797 4547 977 4635 sanccita-D
993 4566 1046 4606 vus
1062 4550 1160 4617 suerit,
1175 4545 1311 4604 similiter
1332 4545 1434 4603 omnia
1457 4544 1487 4601 in
1512 4542 1634 4616 triplum
1650 4544 1819 4614 componat,

110 4636 169 4690 um
183 4634 329 4690 virtutum
343 4633 494 4692 babentes.
511 4636 546 4692 lit
560 4638 630 4692 sunt
650 4635 736 4693 multi
760 4635 859 4710 quiex
875 4637 939 4710 ipsa
993 4643 1045 4698 aut
1059 4637 1196 4694 dominus
1211 4653 1263 4708 pro
1279 4653 1313 4692 ec
1328 4633 1480 4706 sexaginta
1503 4632 1579 4689 ictus
1601 4632 1676 4688 bene
1701 4646 1818 4704 pressas

111 4722 938 4800 rapinevidcnturelcemosynasiacere,nonintellegen·
992 4727 1174 4800 accipiebat
1198 4725 1320 4798 insuper
1346 4721 1494 4796 publicam
1523 4721 1724 4796 penitentiam
1751 4719 1819 4777 inde

109 4811 619 4884 temqucddatalibasdicitllsaias:
633 4814 897 4888 Qaiollmbcmlnc
907 4814 939 4874 de
993 4820 1074 4891 agat3
1089 4815 1176 4886 cnjus
1191 4814 1298 4870 modus
1317 4812 1373 4869 erit
1387 4813 1417 4869 in
1433 4811 1663 4869 cnndderatione
1678 4809 1817 4884 episcopi,

109 4902 212 4975 raptae
224 4901 402 4970 oblationem,
416 4905 499 4976 quasi
512 4905 562 4976 qui
573 4911 672 4960 mocoet
693 4904 786 4974 filiam
810 4913 873 4961 cote
885 4921 938 4977 pu·
992 4905 1155 4963 secundum
1172 4901 1366 4974 quantitatem
1382 4901 1449 4959 lecti
1467 4917 1473 4958 :
1489 4899 1560 4975 quia
1572 4899 1776 4958 fornicationes
1790 4901 1820 4955 et

110 4997 189 5047 bem.
200 4991 236 5046 ’at
246 4995 316 5047 sunt
326 4991 459 5048 nonnulli
475 4992 525 5065 qui
540 4993 576 5048 de
591 4992 936 5062 homicidiis,adulteriis‚
992 4991 1137 5051 adulteria
1147 4996 1234 5064 atque
1244 4989 1412 5058 homicidia,
1424 5006 1537 5046 necnon
1547 4985 1818 5056 incendia,cbriata·

109 5077 259 5153 perjuriis,
273 5079 416 5137 incendiis
431 5081 589 5138 consilium
604 5085 632 5139 et
648 5081 848 5154 paenitentiam
863 5096 939 5155 qua·
991 5087 1036 5139 tes
1051 5081 1167 5154 aliaque
1191 5078 1368 5152 quamplura
1396 5078 1467 5135 vitia
1489 5079 1593 5136 exinde
1616 5074 1769 5150 prodeunt.
1787 5074 1818 5129 Si

108 5167 534 5244 antelmiumrapiueprc
549 5170 640 5227 nihilo
656 5172 777 5238 ducunt,
789 5188 847 5228 non
856 5171 940 5231 intel·
992 5171 1061 5246 quia
1099 5174 1197 5229 autem
1229 5168 1378 5244 negaverit
1407 5168 1526 5237 laetum,
1557 5166 1582 5225 si
1611 5163 1819 5238 comprobatus

108 5255 240 5331 tegeres
255 5255 325 5330 quia
340 5262 411 5331 quot
426 5274 570 5333 pauperes
585 5260 653 5333 quis
667 5260 809 5334 exspoliat
823 5264 852 5317 et
863 5261 939 5318 lame
994 5279 1052 5319 non
1070 5259 1166 5327 luerit,
1181 5259 1300 5333 propria
1326 5275 1416 5316 manu
1442 5258 1613 5332 juramento
1634 5271 1667 5310 so
1683 5252 1819 5310 excondi-

110 5362 143 5403 ιο
158 5345 293 5402 nuditate
308 5347 465 5420 periclitari
492 5349 627 5417 fecittot
651 5349 811 5406 homicidia
836 5364 937 5423 perpe·
994 5354 1040 5407 cat
1057 5350 1121 5419 Μ’;
1138 5353 1256 5424 excepto
1271 5347 1380 5405 nostris
1395 5347 1489 5404 vassis
1504 5343 1669 5410 dominicis,
1685 5358 1737 5416 pro
1754 5341 1819 5416 qui-

108 5437 169 5492 trut
187 5452 194 5491 :
211 5434 282 5508 quia
299 5439 371 5492 tunc
396 5439 562 5511 proximum
591 5456 678 5498 suum
703 5439 851 5508 interficit,
867 5440 937 5497 dum
994 5441 1049 5497 bus
1064 5439 1182 5496 illorum
1198 5438 1334 5496 homines
1350 5434 1696 5507 melioresjuramentum
1712 5429 1818 5508 persol-

792 5555 913 5614 VARlAE
932 5554 1139 5616 taurianae.

147 5621 193 5659 Μ
209 5639 241 5682 se
256 5622 418 5682 abscondat
431 5626 458 5683 3.
