3878 6098
111 302 179 373 oet
480 322 483 327 ·
618 302 860 364 reascensis
886 302 1022 365 ciacon
1045 306 1322 371 castroclare.
1489 324 1492 329 ·
1762 319 1903 382 52-

111 449 182 507 gam
198 433 274 490 lcrre
288 448 347 487 non
363 431 481 501 debent,
496 435 644 506 quomodo
658 435 812 508 accipitres
827 439 943 508 portare
957 436 985 505 Α
999 436 1342 508 populusltdeliumineo
1352 443 1525 501 scandalum
1536 445 1713 517 patiatur.'Si
1725 452 1823 509 sutem

111 520 287 579 wirunt?
298 520 348 577 Sic
366 520 421 577 rite
444 538 571 579 canones
597 523 770 596 praecipiant
785 529 818 578 ut
831 523 943 596 cpisoo-
997 532 1182 586 accusatores
1195 526 1318 602 legitimi
1341 532 1458 600 luerint,
1474 534 1526 607 qui
1542 534 1606 605 ejus
1621 533 1745 592 cristina
1759 553 1824 595 ma·

110 609 273 684 puerilem
287 608 522 683 subpellectilem
537 629 645 669 mensa
661 613 698 670 ad
713 613 822 672 victum
837 628 944 686 paupe·
998 615 1112 672 nilestis
1125 616 1243 674 indiciis
1257 618 1381 690 probare
1396 623 1647 692 contenderint,et
1659 623 1722 696 ipse
1738 632 1825 698 nega·

108 717 178 763 ram
191 698 310 767 babeat,
324 703 357 755 et
367 698 524 774 diguitatis
538 717 599 759 sue
621 703 826 758 auctoritatem
843 701 899 756 fide
915 707 945 757 et
996 703 1080 771 verit,
1092 709 1162 761 tunc
1174 705 1181 760 i
1185 722 1237 778 pse
1247 723 1315 764 curn
1327 709 1415 767 sociis
1425 711 1488 768 suis
1498 713 1632 784 ejusdam
1648 713 1761 770 ordinis
1775 692 1828 772 ssa

108 790 169 847 vite
183 787 299 847 merib's
312 792 425 862 querat.
435 788 509 847 Nom
525 795 626 863 pastor
640 808 657 847 a
671 791 829 864 pascendis
839 789 944 847 ovibus
996 789 1078 860 viris,
1091 793 1116 849 si
1129 791 1213 860 valet,
1225 812 1242 851 a
1252 795 1374 853 crimine
1388 799 1742 875 semetipsumcapurgst.
1754 801 1826 862 ota-

107 882 233 937 vocatus
241 881 363 947 estnon
375 877 526 935 aeonibus
538 895 544 933 :
557 878 635 937 sicut
644 896 696 951 per
705 879 878 951 prophetam
885 881 943 947 (77)
998 895 1089 936 conus
1107 898 1186 950 vero,
1199 882 1225 939 si
1241 883 1343 941 eodem
1355 885 1478 945 crimina
1489 894 1649 947 accusatus
1665 890 1761 959 fuecit,
1779 906 1825 950 se-

108 967 254 1025 dicitur:
291 971 389 1025 donae
426 982 487 1024 oica
522 977 676 1041 pascamur
711 987 728 1025 o
756 969 944 1041 pectoribus?
997 969 1158 1042 metipsum
1173 971 1348 1030 cumtrihus
1363 975 1519 1034 examinet.

109 1058 186 1116 ilinc
201 1055 376 1113 Bonelacius
392 1055 421 1111 in
437 1056 629 1130 synodalibus
644 1057 769 1113 decretis
780 1057 834 1113 sub
846 1054 942 1113 Carlo-
1032 1059 1059 1113 t).
1077 1060 1112 1115 De
1127 1060 1281 1130 insontibus
1297 1063 1442 1135 obpressis.
1454 1064 1484 1121 si
1496 1065 1564 1139 quia
1577 1066 1720 1127 infantam
1734 1076 1824 1129 susm

109 1162 224 1217 manno
237 1145 311 1202 duce
323 1149 354 1202 et
368 1144 499 1218 principe
512 1146 691 1203 Francorum
706 1146 816 1203 habitis
831 1146 887 1219 (78)
903 1146 943 1201 ait
997 1146 1113 1203 incaute
1123 1149 1301 1222 oppresserit
1311 1155 1363 1208 sut
1376 1153 1617 1214 vestimentorum
1628 1158 1826 1230 pendeas*

108 1233 282 1292 venationes
290 1237 321 1291 et
328 1232 477 1291 silvaticas
491 1234 661 1309 vagationes
672 1251 739 1291 curn
751 1234 942 1292 canibusom·
997 1236 1136 1293 locaverit
1151 1243 1217 1310 pest
1233 1238 1390 1311 baptisma,
1404 1241 1553 1314 proximos
1567 1245 1604 1301 to
1617 1244 1682 1303 dies
1696 1245 1826 1319 pauitant

109 1325 202 1383 nibus
218 1324 311 1381 serris
326 1323 377 1381 Dei
392 1323 542 1393 interdici3
553 1325 688 1381 similiter
704 1329 736 1380 ut
751 1323 905 1397 accipitres
915 1326 944 1379 et
997 1325 1027 1379 in
1037 1341 1113 1396 pane
1128 1329 1158 1382 et
1173 1343 1251 1398 aqua
1262 1331 1292 1383 et
1306 1327 1435 1387 oleribus
1451 1335 1540 1404 atque
1554 1331 1825 1405 leguminibuseta

108 1413 243 1470 falcones
258 1429 316 1468 non
331 1412 468 1493 habeant.
477 1413 509 1468 ln
518 1413 642 1469 concilio
655 1431 722 1470 vero
736 1412 874 1485 Agatensi
886 1415 942 1481 (79)
997 1414 1134 1485 conjugio
1156 1432 1187 1471 se
1209 1415 1364 1473 abstineat.
1382 1418 1486 1475 Postea
1513 1423 1588 1477 tres·
1601 1439 1693 1479 annos
1721 1423 1750 1479 in
1774 1438 1825 1495 pa·

109 1508 139 1559 et
153 1501 279 1574 reliquis
294 1504 464 1558 sauctorum
479 1502 598 1558 Patrem
622 1503 816 1559 conventibus
830 1503 864 1539 ¹⁰⁰
879 1501 942 1574 pari
998 1501 1121 1557 nitentia
1149 1503 1246 1575 exigat
1267 1503 1301 1540 ²⁰⁰
1330 1521 1381 1577 per
1410 1505 1556 1578 legitimas
1584 1508 1682 1575 lorias,
1708 1513 1739 1565 ot
1765 1515 1826 1573 trae

108 1591 226 1649 racem
240 1590 296 1647 hoc
312 1590 397 1646 modo
412 1590 573 1647 diffinitum
589 1596 633 1647 est
650 1608 657 1648 :
674 1593 823 1664 Episcopia,
839 1592 943 1663 presbi-
998 1591 1250 1664 quadragesimas.
1267 1593 1301 1648 llt
1313 1594 1337 1649 si
1355 1598 1422 1650 ante
1445 1595 1626 1668 baptismum
1647 1597 1828 1670 oppresserit

108 1682 177 1736 teris
196 1688 279 1754 utque
301 1678 463 1737 diacombas
477 1695 557 1736 corea
571 1679 606 1736 cd
620 1680 776 1737 ueraridom
791 1689 872 1752 atquc
886 1679 943 1752 iot·
997 1679 1151 1747 infantem,
1167 1681 1317 1752 proximos
1331 1682 1393 1738 dies
1408 1685 1452 1754 to,
1469 1689 1614 1758 utsupra.
1631 1688 1736 1743 Postea
1759 1701 1826 1751 vere

108 1785 189 1825 cortes
204 1779 358 1840 ceterosque
372 1768 406 1824 ud
422 1767 570 1825 lubiadem
581 1786 643 1824 arua
658 1769 757 1825 dobere
770 1785 825 1824 non
840 1769 941 1835 lireot,·
999 1766 1233 1840 quinquennium
1250 1768 1373 1841 expleat.

109 1858 400 1932 qaodaiquiatotiom
414 1874 595 1930 personarum
607 1860 700 1915 irritae
715 1859 947 1930 irolantctrsoerit
1037 1859 1079 1912 10.
1097 1858 1283 1915 decoctoris
1299 1860 1342 1913 ²⁰⁰.
1366 1861 1395 1915 Si
1412 1862 1479 1932 truie
1504 1863 1649 1921 incestum
1664 1865 1699 1901 ⁰⁰⁰
1712 1864 1828 1923 occulta

109 1948 248 2013 docmina,
263 1948 290 2003 ci
302 1948 442 2020 episcopas
456 1956 506 2014 cat,
522 1948 611 2002 tribua
635 1947 774 2003 merieibue
788 1965 806 2002 c
825 1962 944 2029 romine
1000 1944 1190 2011 commiserit,
1206 1951 1234 2002 et
1250 1948 1393 2003 sacerdoti
1410 1948 1522 2006 occulte
1536 1951 1750 2009 contessionem
1761 1968 1828 2025 ega·

109 2038 199 2093 amare
220 2035 413 2108 impendatur,
435 2035 570 2106 presbiter
588 2035 706 2103 duobos,
732 2036 865 2093 diaconus
891 2051 944 2090 arro
1001 2034 1048 2098 rit,
1065 2032 1210 2090 indicetur
1225 2035 1249 2089 ei
1267 2035 1429 2092 remedium
1443 2037 1618 2095 canonicum
1633 2040 1712 2111 quod
1728 2040 1828 2099 austra

110 2126 148 2181 ab
171 2126 250 2182 omrai
271 2125 362 2198 officio
386 2126 569 2181 eclesiastica
592 2135 617 2181 et
642 2126 832 2181 cornrnunionc
858 2139 946 2179 remo·
1000 2122 1151 2186 debueret,
1167 2122 1191 2176 si
1208 2124 1272 2194 ejus
1287 2123 1401 2178 lacinus
1418 2123 1567 2196 publicum
1585 2125 1690 2183 luisset
1701 2145 1708 2195 ;
1725 2142 1826 2191 verum

112 2224 224 2271 emtor.
1001 2210 1070 2283 quia
1084 2210 1156 2266 latet
1171 2212 1374 2279 contritissum,
1390 2214 1475 2270 detur
1491 2214 1516 2271 ei
1532 2231 1549 2269 o
1563 2216 1713 2272 sacerdote
1727 2215 1828 2274 cousi·

149 2306 178 2360 7.
195 2304 232 2359 lle
255 2305 423 2360 mamona
443 2304 665 2376 presbiterorum.
689 2303 719 2359 ld
741 2304 774 2338 ²⁰⁰
799 2302 886 2358 etiam
909 2301 944 2356 ad
1001 2300 1124 2368 liunr,ut
1135 2299 1220 2357 saluti
1233 2301 1337 2357 anime
1349 2320 1408 2359 suae
1418 2320 1469 2376 per
1478 2302 1623 2360 occultam
1634 2304 1827 2377 penitentiam

115 2391 342 2449 custodiendam
356 2391 445 2448 vitam
460 2396 489 2448 et
503 2392 612 2449 lauram
628 2390 747 2463 speciali
764 2389 946 2446 ordinatione
1001 2389 1180 2463 prospiciat;
1196 2388 1251 2446 hoc
1272 2395 1317 2446 est
1339 2396 1372 2446 ut
1385 2391 1525 2447 veraciter
1539 2408 1573 2449 ex
1586 2393 1674 2451 corde
1688 2393 1827 2465 pendat,

117 2481 358 2555 precipimosmt
373 2480 472 2537 nullus
487 2479 659 2537 clericorum
676 2484 817 2535 extranee
831 2477 945 2534 nnrlicri
1002 2494 1033 2534 se
1048 2477 1174 2550 graviter
1189 2476 1358 2551 deliquisse,
1374 2485 1402 2537 et
1417 2497 1469 2554 per
1480 2481 1595 2553 jejunia
1609 2486 1637 2539 et
1649 2482 1828 2549 elemosinas

118 2569 413 2644 qualibeteollatione
424 2574 475 2626 aut
486 2569 681 2626 familiaritate
688 2571 947 2642 jungetur3ctnon
1001 2565 1183 2640 vigiliasque,
1200 2572 1288 2639 atque
1310 2584 1361 2640 per
1384 2585 1484 2625 sacras
1499 2569 1646 2627 orationes
1659 2587 1728 2628 cum
1743 2571 1828 2635 lacri-

120 2659 217 2716 solam
233 2659 264 2715 in
277 2659 365 2715 domo
381 2656 463 2714 illius
477 2662 615 2715 extranca
631 2656 737 2713 mulier
747 2673 804 2712 non
818 2656 946 2722 accedat,
1002 2656 1059 2711 mis
1074 2672 1105 2712 sc
1120 2672 1245 2729 purgare
1260 2657 1426 2724 contendat,
1441 2662 1471 2713 et
1486 2658 1528 2713 sic
1544 2675 1575 2714 se
1591 2659 1627 2715 ud
1643 2676 1726 2732 spem
1740 2658 1828 2719 venie

123 2750 173 2807 sed
189 2765 242 2806 nac
256 2748 319 2821 ipsa
334 2748 538 2820 frequentandi
555 2747 591 2804 ad
607 2751 774 2803 extraneam
793 2744 947 2801 mulierem
1003 2761 1054 2818 per
1068 2743 1300 2801 misericerdiam
1315 2745 1364 2801 Dei
1378 2746 1527 2818 pervenire
1541 2747 1677 2805 contldat.

126 2836 228 2895 habeat
241 2840 427 2910 potestatem,
443 2837 495 2892 sed
520 2852 588 2892 cum
614 2839 707 2891 matre
728 2837 947 2891 tantumetso·
1039 2834 1082 2890 11.
1098 2833 1312 2891 Deliomicidio.
1329 2833 1359 2891 Si
1380 2838 1520 2907 quattuor
1542 2834 1587 2892 vel
1614 2837 1748 2911 quinque
1776 2852 1830 2895 ssa

130 2925 268 2998 rorantia
281 2929 310 2982 et
322 2928 418 2998 cepto,
439 2925 464 2981 si
480 2924 626 2991 habuerit,
638 2922 759 2980 liberam
775 2923 883 2979 haheat
896 2938 948 2994 po·
1002 2923 1090 2979 etium
1106 2920 1205 2995 plures
1219 2927 1320 2979 contra
1335 2922 1484 2981 hominem
1501 2941 1593 2981 unum
1607 2925 1693 2983 rixati
1709 2925 1832 2994 lueript.¹
1879 2990 1883 2996 ¹

134 3017 268 3073 bahem.
285 3014 359 3073 ltem
369 3014 400 3070 in
415 3017 555 3086 sequente
570 3012 697 3086 capitulo
708 3014 764 3083 (80)
775 3010 948 3068 ancillasvsl
1003 3017 1032 3067 et
1046 3012 1082 3068 ab
1106 3010 1154 3067 his
1176 3010 1347 3068 vulneratus
1371 3017 1507 3071 mortuus
1534 3013 1633 3082 tuerit,
1648 3013 1831 3087 quicumque
1924 3028 1935 3051 0

138 3100 239 3161 libertas
248 3121 266 3160 a
276 3101 395 3161 cellario
409 3102 453 3159 vcl
465 3105 577 3159 secreto
588 3101 786 3158 ministeriosi
798 3100 947 3156 abeodem
1003 3117 1103 3157 eorum
1115 3099 1232 3175 plagam
1243 3101 1443 3173 imposuisset,
1451 3104 1614 3161 secundnm
1624 3107 1734 3163 statuta
1743 3119 1829 3161 cene

143 3193 273 3249 mansione
288 3193 319 3248 in
334 3209 393 3264 qua
406 3191 529 3249 clericus
545 3195 654 3256 manet,
671 3189 781 3263 placuit
794 3187 944 3246 removeri.
962 3177 985 3245 C
1003 3206 1075 3247 num
1091 3194 1123 3246 ut
1137 3189 1284 3247 homicida
1294 3191 1576 3266 judicetur,septsm
1590 3209 1735 3251 annorum
1746 3191 1828 3265 peru‘-

146 3277 287 3337 ln‘concilio
306 3297 374 3337 vero
389 3279 559 3337 ltilardense
572 3280 628 3352 (8t)
639 3278 767 3352 capitulo
779 3278 861 3334 l5ita
872 3295 946 3350 prae·
1000 3278 1123 3335 tentiam
1138 3279 1261 3346 suheat;
1277 3277 1331 3334 hoc
1346 3283 1391 3335 est
1404 3280 1553 3352 proximos
1573 3281 1636 3339 dies
1651 3282 1686 3337 to
1700 3280 1831 3352 peniteat,

148 3366 230 3439 cipitia
243 3386 251 3425 :
265 3369 499 3428 emittcriroiem
512 3376 708 3424 extraneorum
720 3369 870 3424 roaticium
885 3367 949 3423 ticet
1002 3368 1031 3424 in
1041 3383 1116 3440 pane
1127 3370 1156 3423 et
1165 3371 1279 3439 aquaet
1286 3366 1487 3440 leguminibus
1496 3374 1526 3426 ct
1535 3368 1832 3437 oleribus,abstineat‚

148 3459 327 3516 “obedesti
344 3460 439 3514 Patrae
462 3459 584 3530 antiquis
604 3456 800 3513 monitionibus
808 3472 947 3529 praecepc·
1001 3473 1032 3514 ae
1047 3456 1083 3511 ab
1106 3471 1194 3512 uxore
1217 3459 1245 3511 et
1272 3455 1408 3529 ingressu
1437 3457 1566 3528 ecclesie,
1582 3457 1688 3513 deinde
1701 3457 1719 3513 3
1732 3471 1828 3525 aenos

148 3542 300 3604 miserico
313 3547 479 3615 wamiam,
496 3546 525 3602 id
542 3563 617 3602 acac
642 3555 732 3602 tornea
756 3547 835 3602 nobis
858 3547 948 3601 vicum
1002 3545 1148 3600 abstineat
1162 3561 1194 3599 ee
1209 3560 1226 3598 a
1240 3560 1337 3611 carne,
1352 3544 1429 3613 vino,
1446 3546 1568 3601 medone
1583 3549 1612 3602 ct
1626 3543 1828 3615 cervisamel7

147 3640 180 3697 dt,
192 3645 219 3693 ut
229 3639 278 3709 qai
292 3637 357 3692 totis
369 3636 542 3709 probabitur,
556 3644 617 3707 post
628 3637 749 3708 primam
763 3634 949 3691 eliciendam
1002 3633 1063 3699 lita,
1075 3633 1204 3705 exceptis
1223 3632 1306 3689 sestis
1321 3633 1425 3690 diebus
1439 3638 1467 3690 ct
1476 3634 1556 3707 gravi
1574 3633 1753 3690 infirmitate.
1766 3627 1827 3702 Be·

144 3728 346 3785 macconem
373 3727 400 3781 ci
432 3724 578 3782 inundars
615 3725 776 3795 implicarit,
807 3724 891 3780 donce
918 3725 948 3778 in
1002 3722 1097 3796 liqucs
1108 3726 1205 3777 autem
1218 3726 1357 3793 quattuor
1367 3722 1461 3778 tribus
1476 3721 1617 3795 legitimis
1627 3721 1708 3778 teriia
1720 3721 1751 3777 ln
1766 3719 1830 3789 sim,

143 3810 949 3890 thbpcrrevmot,officiiscidiqiiitctcpriuetur.Quoitsise
1002 3811 1080 3886 gulis
1100 3810 1334 3867 hebdomadibus
1358 3814 1386 3867 et
1408 3812 1425 3865 3
1447 3810 1681 3884 quadragesimis
1697 3808 1830 3879 insania

140 3895 179 3959 da
190 3907 306 3978 jocante
318 3905 478 3972 wrroxcrit,
492 3911 584 3960 scruto
598 3905 753 3960 oriniaierio
768 3910 947 3958 restauretur.
1003 3899 1129 3974 singulis
1145 3917 1162 3955 a
1177 3915 1264 3955 carne
1278 3903 1394 3956 tanturn
1411 3899 1566 3957 abstineat.
1575 3898 1682 3974 albgis,
1695 3897 1746 3972 qui
1761 3914 1830 3967 aash

165 3992 186 4049 8.
202 3994 430 4051 Damione
442 3993 660 4065 presbiterorum
674 3991 900 4048 ctdiacorrorum.
918 3989 949 4045 Si
1004 4006 1065 4046 rem
1090 3986 1215 4045 Patrichi
1243 3988 1361 4061 publice
1390 3989 1526 4048 auterens
1543 3989 1743 4057 adeatrcmos
1757 3988 1831 4059 linos

140 4081 191 4140 tuis
202 4082 347 4156 presbiter
360 4080 425 4138 vita
441 4098 501 4137 sue
516 4080 674 4154 neglegens
689 4079 786 4152 pravis
809 4077 949 4152 exemplis
1003 4077 1085 4152 regni
1101 4076 1223 4133 duxitin
1235 4077 1337 4133 rudem
1348 4078 1379 4113 ⁰⁰¹
1392 4077 1487 4135 adhuc
1501 4077 1748 4148 christianitatem
1762 4093 1831 4151 geu·

139 4171 203 4229 bola
215 4172 252 4228 de
267 4187 300 4229 se
315 4168 460 4245 suspicari
475 4168 650 4242 permiserit,
661 4172 689 4224 et
701 4167 826 4241 populus
836 4168 873 4223 ab
888 4165 949 4242 epi·
1003 4170 1042 4226 tis
1068 4166 1277 4234 ltlaracnsium,
1301 4170 1330 4222 et
1358 4167 1480 4231 crimine
1510 4166 1646 4225 adulterii
1675 4165 1830 4237 ecclesiam

138 4265 211 4334 tropo
221 4262 392 4333 jurernento
408 4275 457 4316 seo
471 4259 505 4294 ¹⁰⁰
520 4259 617 4315 banno
640 4257 864 4316 christianitatis
880 4272 950 4313 con·
1004 4255 1110 4317 Christi
1126 4254 1297 4324 diffamavit,
1307 4256 1457 4312 communi
1467 4256 1589 4313 consilio
1600 4256 1832 4323 decernimus,ut

135 4346 255 4417 stactus,
266 4348 419 4405 infamiam
430 4348 494 4420 eJ'us
504 4347 682 4420 patefecerit,
693 4353 723 4403 et
732 4346 820 4403 ceteri
834 4362 951 4404 accusa·
1000 4348 1088 4419 jussu
1100 4344 1176 4418 regis
1188 4342 1346 4399 inexilium
1359 4343 1569 4417 missus‚junta
1579 4359 1729 4400 sacrorum
1741 4357 1829 4407 cauo

132 4427 202 4494 t0res
223 4436 357 4494 criminis
380 4437 446 4509 ejus
474 4435 629 4502 doluerint,
647 4436 840 4492 admoncatur
854 4435 950 4508 primo
1005 4437 1195 4491 numstatuta
1204 4431 1396 4505 penitentiam
1406 4430 1831 4505 pleniteragat,idest3anaos

129 4529 258 4583 morsum
275 4526 312 4582 ab
326 4525 476 4599 episcopo,
486 4524 592 4581 deinde
603 4525 659 4582 sub
675 4524 790 4580 duobus
800 4525 843 4581 vel
854 4523 949 4580 tribus
964 4548 989 4613 D
1005 4524 1203 4594 compenset
1218 4537 1294 4594 aqua
1308 4525 1337 4575 at
1351 4519 1549 4593 leguminibus
1564 4524 1652 4590 atque
1668 4516 1829 4588 holeribus,

126 4604 264 4682 ⁰«astibus,
275 4615 300 4671 si
312 4630 369 4670 non
381 4611 589 4680 emendaverit,
601 4614 631 4669 in
647 4617 789 4670 conventu
805 4612 951 4685 presbite-
1005 4611 1132 4684 exceptis
1148 4607 1303 4683 precipuis
1319 4607 1537 4675 festivitatibus,
1549 4611 1577 4662 et
1592 4610 1694 4680 postea
1706 4607 1723 4662 l
1737 4622 1833 4678 annea,

124 4704 224 4758 ⁰(trum
239 4703 394 4776 episcopus
414 4717 482 4758 eum
503 4701 622 4775 publica
636 4701 833 4775 increpatione
849 4703 951 4759 admo·
1005 4702 1078 4759 alios
1093 4716 1145 4772 per
1164 4695 1298 4770 singulas
1322 4695 1501 4752 ebdomadas
1527 4700 1585 4753 tres
1609 4696 1671 4753 dies
1695 4695 1832 4769 similitor

121 4792 203 4846 osai.
231 4791 262 4848 Si
288 4807 356 4847 vero
385 4807 438 4847 nec
463 4791 504 4847 sic
534 4808 566 4848 se
594 4790 759 4858 correxerit,
787 4790 825 4845 ab
852 4789 949 4847 cilicio
1005 4790 1159 4855 abstineat,
1177 4790 1205 4843 et
1230 4789 1289 4841 tres
1319 4783 1570 4857 quadragesimas,
1592 4783 1648 4841 nisi
1675 4783 1832 4854 infirmitas

120 4879 323 4952 suspendatur
346 4879 490 4952 usquead
511 4879 631 4953 dignam
656 4878 896 4943 satisfactionem,
913 4895 950 4935 ne
1005 4877 1097 4937 nimia
1112 4875 1166 4932 hcc
1182 4874 1265 4929 illum
1287 4872 1443 4947 prohibeat
1463 4871 1505 4930 ita
1523 4872 1643 4946 inplere,
1658 4877 1687 4930 et
1700 4869 1831 4945 deposito

803 4994 926 5050 VdeAE
945 4990 1154 5053 boemones.

131 5091 198 5190 „a”
210 5093 450 5151 convenientibus
465 5111 490 5153 c.
530 5094 565 5129 ¹⁰⁰
579 5094 615 5150 Ut
630 5109 655 5148 c.
693 5094 726 5128 ²⁰⁷
742 5109 773 5148 se
797 5092 833 5148 ab
858 5110 934 5150 anno
955 5110 981 5151 c.
1019 5094 1053 5129 ⁰⁰⁰
1069 5089 1207 5164 expurget
1222 5087 1353 5158 inemo.
1391 5085 1612 5146 ¹⁰⁰scribsndarn
1627 5086 1684 5144 :de
1705 5084 1831 5143 incestu.

179 5163 353 5222 inhonestis
369 5182 459 5236 marg.
498 5165 531 5200 ⁸⁰¹
549 5166 579 5220 in
595 5180 699 5220 novam
715 5166 745 5221 iri
758 5181 848 5233 marg.

923 5260 1037 5318 NOTAE.

169 5360 216 5435 (Π)
230 5360 374 5419 Ezechiel.
387 5379 481 5430 xxxiv,
501 5362 525 5418 Ι.
1041 5360 1097 5432 (79)
1114 5355 1275 5414 concilium
1292 5354 1457 5429 Agathensa
1479 5354 1509 5411 in
1536 5351 1631 5413 (tallia
1646 5346 1836 5423 ,Narbonem
1916 5377 1922 5383 ·

168 5432 218 5504 (78)
230 5433 304 5490 Vide
319 5450 409 5508 supra
422 5449 489 5508 pag.
505 5433 540 5490 17
556 5431 670 5505 (sacci.
686 5434 758 5488 tom.
775 5428 884 5500 XCVll,
899 5432 951 5488 tla-
1011 5448 1057 5487 an.
1073 5432 1128 5489 506
1141 5428 1321 5486 celebratum
1336 5429 1380 5482 eat
1394 5424 1548 5496 (llarduini
1564 5427 1628 5483 doto
1644 5416 1770 5497 moos).
1820 5434 1825 5441 ·

142 5500 258 5568 roura
272 5505 451 5562 carlomanni
465 5505 500 5562 ad
517 5521 564 5561 an.
579 5502 654 5576 742),
667 5507 700 5558 ct
715 5503 793 5578 apud
806 5502 952 5561 Benedic-
1046 5504 1101 5578 (80)
1117 5501 1228 5559 lbidem
1244 5498 1281 5564 ll,
1295 5496 1357 5553 999.

143 5575 190 5633 tom
203 5576 254 5636 lib.
270 5595 289 5651 1,
305 5593 331 5634 c.
347 5579 375 5633 2.
1045 5576 1100 5655 (81)
1116 5571 1229 5633 Ibidem
1244 5567 1280 5647 11,
1298 5568 1379 5628 todo.

285 5703 419 5771 nance
442 5702 635 5772 cxxxvni.
913 5672 918 5691 ”
1542 5696 1548 5709 ’
1636 5650 1682 5785 q
1749 5664 1753 5673 '
1794 5647 1799 5659 ’
1837 5738 1840 5745 .
