3878 6098
69 334 124 398 ur
504 332 778 399 niariinranuu
800 330 903 395 nram
924 328 1123 403 curruca.
1140 366 1179 379 -
1193 335 1264 396 aa
1288 335 1342 397 ru.
1717 304 1777 402 us'

68 467 161 526 farore
174 469 287 542 excepti
297 472 377 527 sunt.
390 470 449 527 Rex
461 469 636 544 injuriarum
648 467 797 541 querelam
809 468 895 537 depo·
909 469 936 532 Α
986 467 1031 520 88.
1041 467 1118 535 liupo
1141 469 1276 524 irretratate
1286 469 1319 504 000
1333 467 1432 526 tradito
1442 469 1477 505 000
1492 467 1607 528 insidias
1630 471 1729 529 eredit.
1741 505 1774 517 -

68 559 121 626 nit;
132 565 162 615 et
178 558 313 615 osculum
323 560 408 628 dans,
420 559 543 634 gratiam
561 560 606 615 sui
619 555 784 614 favoraliter
798 555 891 611 amico
946 553 1010 611 Dux
1025 555 1130 612 herum
1147 575 1205 613 non
1222 559 1351 628 nescius,
1369 558 1496 616 reditum
1512 559 1663 619 accelerat.
1679 560 1774 621 Delie·

68 648 206 721 impertit.
218 649 286 705 Post
297 648 547 721 multaeolloquia
557 649 592 704 de
603 645 890 715 amiciciahabenda,
946 660 1003 715 que
1019 651 1225 716 pramctuens,
1237 651 1346 704 vestem
1368 653 1474 717 mutat,
1488 667 1611 724 seseque
1631 668 1725 709 unum
1740 652 1775 709 dc

68 755 130 794 cum
145 755 197 793 rea
211 738 311 806 exiret,
323 737 515 811 gladiumque
528 736 686 809 respiciens
700 739 819 809 peteret,
833 734 892 788 dux
945 733 1102 791 clientibus
1118 735 1249 791 simulat.
1261 738 1359 809 Equos
1370 743 1470 794 onerat
1481 740 1615 808 ferentes,
1626 741 1690 816 ipsc
1701 742 1761 817 regi

12 878 15 885 .
66 825 217 900 paululum
229 827 487 884 asediscedonsse
498 826 688 882 inclinavitut
696 824 827 898 gladium
839 821 891 878 tol·
945 827 1032 895 atque
1044 825 1276 897 exagitat0nera
1287 826 1412 899 imponit
1421 835 1448 883 et
1458 829 1732 902 deponit,emnibus
1744 853 1774 894 se

66 916 143 981 leret,
156 932 192 973 ao
208 920 274 988 post
288 932 385 989 regem
409 917 510 984 ferrot;
526 916 581 971 hac
595 915 674 970 euim
695 930 784 969 causa
802 929 891 983 super
945 912 1121 968 serviturum
1137 915 1349 971 accommodat.
1363 917 1515 993 'lautaque
1526 919 1671 979 industria
1681 923 1711 980 in
1723 926 1773 982 ab·

65 1004 163 1060 sellam
180 1002 302 1061 relictus
317 1005 382 1074 fuit,
395 1010 426 1061 ut
441 1006 512 1062 dum
527 1006 586 1061 dux
601 1003 716 1062 cunctis
727 1004 760 1038 000
770 1000 891 1058 videnti·
941 1001 1019 1072 jecta
1035 1007 1112 1057 veste
1123 1007 1151 1058 et
1165 1002 1275 1059 inculto
1290 1003 1392 1060 habitu
1404 1023 1435 1062 se
1448 1007 1551 1064 ducem
1563 1009 1771 1084 dissimulavit,

64 1095 116 1149 bas
126 1094 161 1128 000
176 1092 311 1166 gladium
321 1095 355 1129 000
367 1094 463 1159 ferret,
476 1094 505 1149 in
523 1097 672 1165 posterum
682 1094 716 1128 000
726 1091 813 1148 etiam
824 1107 891 1163 por·
946 1094 979 1145 ut
993 1095 1021 1145 ct
1036 1107 1087 1162 per
1102 1091 1276 1148 insidiarum
1298 1092 1362 1149 loca
1381 1095 1519 1151 transiret
1534 1114 1600 1170 quae
1614 1117 1667 1157 aec
1682 1103 1773 1163 vitare

64 1187 194 1238 laturum
205 1181 393 1239 ‘⁰⁰indicaret
403 1184 447 1237 000.
459 1182 620 1256 Episcopus
633 1199 700 1237 vero
711 1181 777 1236 duci
789 1197 893 1236 censu·
945 1184 1069 1252 poterat,
1092 1187 1120 1236 et
1135 1180 1309 1238 insidiantes
1323 1183 1479 1240 efficaciter
1495 1184 1614 1244 falleret.
1629 1189 1691 1248 Uno
1706 1197 1770 1249 tan·

62 1270 133 1338 lens,
145 1270 280 1344 gladium
293 1271 329 1327 ab
345 1273 408 1343 ejus
421 1289 511 1327 manu
528 1270 634 1344 rapuit,
646 1287 674 1325 ee
685 1269 891 1343 ipsedeferens
946 1273 1009 1324 tum
1021 1270 1054 1304 000
1069 1269 1196 1341 hospitio
1217 1287 1290 1343 pene
1309 1271 1508 1343 deprehensus
1527 1275 1592 1332 fuit.
1610 1278 1681 1335 Nam
1698 1282 1769 1338 dum
1856 1293 1866 1312 ¹

62 1365 126 1432 post
155 1376 255 1432 regem
275 1359 405 1417 incessit.
422 1361 514 1432 Cujus
544 1359 729 1433 prudentiam
757 1357 891 1414 simulet
945 1359 1075 1412 eundum
1091 1363 1168 1414 esset
1182 1358 1325 1426 cubitum,
1338 1358 1364 1415 oi
1379 1359 1473 1417 lectus
1488 1379 1555 1419 cnm
1569 1363 1702 1440 diligenti
1718 1386 1769 1445 ap-

61 1447 202 1504 astutiam
218 1466 268 1504 rex
283 1449 456 1517 admiratuS,
469 1449 548 1522 apud
559 1466 628 1505 suos
644 1452 744 1522 postea
759 1465 815 1503 non
829 1448 891 1503 sine
945 1452 1049 1519 paratu
1064 1447 1245 1520 compositus
1261 1454 1319 1516 est;
1336 1447 1421 1522 cique
1433 1448 1603 1509 circumfusi
1620 1471 1651 1511 se
1667 1474 1769 1515 omnes

60 1536 146 1593 laude
162 1536 263 1608 sepius
288 1536 494 1610 frequentavit.
512 1538 622 1593 Ducem
648 1554 764 1609 quoque
780 1536 809 1591 in
826 1535 889 1608 plu·
945 1536 981 1590 ad
998 1537 1183 1591 serviendum
1199 1536 1377 1593 obtulerunt.
1393 1537 1449 1593 Alii
1464 1538 1542 1595 enim
1557 1557 1633 1614 genu
1653 1544 1770 1602 flexo³⁰⁸

61 1627 135 1682 mma
150 1625 282 1681 amicitia
293 1630 474 1699 susceptum,
489 1644 556 1683 curn
570 1626 679 1682 honore
690 1635 718 1681 et
733 1643 802 1697 pace
818 1642 891 1698 pene
945 1623 1055 1698 caligas
1069 1625 1270 1693 extrahebant,
1282 1629 1484 1700 extractasque
1503 1627 1551 1685 alii
1570 1632 1768 1707 excipiebaat3

60 1732 154 1788 usque
169 1716 205 1770 ad
220 1713 309 1788 Alpes
325 1715 429 1772 deduci
446 1716 522 1772 fecit.
944 1711 993 1768 alii
1005 1731 1070 1770 vero
1087 1715 1212 1770 nudatos
1228 1715 1314 1787 podes
1326 1716 1463 1784 sedentis,
1476 1718 1656 1777 subsidendo
1666 1723 1771 1780 coniri-

91 1806 137 1859 86.
148 1805 273 1876 Epistola
289 1805 413 1861 latiaris
433 1805 468 1861 ad
486 1805 673 1861 Chaeroniam.
686 1836 720 1844 -
733 1804 888 1861 Letharius
903 1835 926 1900 B
944 1803 1060 1869 cabant,
1077 1809 1106 1858 et
1121 1803 1191 1876 giris
1209 1804 1336 1860 vestium
1353 1805 1564 1863 emundabant.
1581 1812 1647 1865 Hac
1661 1810 1769 1885 hospes

58 1909 117 1958 rex,
128 1908 244 1949 necnon
260 1896 288 1948 et
303 1893 407 1948 Enrrna
422 1894 522 1966 regina
537 1893 661 1950 insidias
676 1893 785 1965 ubique
801 1911 887 1965 para·
942 1908 994 1963 per
1009 1890 1075 1948 ostii
1095 1891 1185 1948 riruas
1201 1892 1418 1966 contemplatus
1437 1899 1490 1950 est.
1505 1896 1768 1975 Deprehensusque

57 1982 143 2049 baat;
160 1986 192 2037 et
207 1984 239 2036 ut
259 1981 289 2035 iu
315 1981 420 2038 itinere
445 1983 617 2039 redeuntem
641 1987 787 2055 caperent,
804 1983 887 2038 dolos
941 1980 1117 2053 explorasse,
1131 1998 1198 2036 mex
1212 1998 1248 2037 no
1263 1997 1324 2036 rem
1339 1982 1485 2055 detegeret
1495 1989 1615 2041 vocatus
1626 1992 1670 2042 est
1685 1990 1768 2046 etin-

58 2070 288 2144 praetendebant.
298 2069 529 2143 lgiturConrade
539 2071 746 2127 alemanorum
759 2071 819 2143 regi
830 2071 888 2144 epi·
941 2070 1108 2126 tremissus.
1121 2069 1294 2143 Strictisque
1310 2071 1498 2127 mucronibus
1513 2079 1669 2147 postquam
1680 2077 1706 2134 ei
1717 2096 1767 2135 ne-

59 2158 165 2214 stolam
176 2157 284 2232 legavit
295 2158 375 2214 hune
386 2161 505 2216 modum
522 2160 678 2217 habentem
693 2177 718 2215 :n
732 2160 888 2216 Lotlrarius
942 2175 1005 2214 cem
1017 2159 1120 2214 minati
1136 2158 1240 2215 suntsi
1252 2175 1350 2214 vocem
1361 2159 1515 2230 emitteret,
1522 2164 1767 2235 comprehensum

61 2248 240 2303 Francorum
251 2247 346 2320 gratia
359 2249 406 2304 Dei
415 2250 647 2316 rex,Cenrado'⁵⁰¹
658 2249 887 2305 Alamannorum

59 2335 120 2407 regi
145 2336 288 2408 quicquid
313 2336 380 2392 sibi.
396 2338 565 2394 Amiciciam
589 2339 664 2394 inter
686 2355 739 2394 nos
758 2357 774 2394 a
794 2337 886 2394 nrulto

59 2429 192 2496 tempere
205 2425 396 2481 constitutam
412 2426 617 2483 invielabiliter
628 2444 798 2484 conservare
813 2443 888 2483 sem-

61 2530 112 2584 per
139 2512 214 2568 mibi
244 2519 360 2587 gratum
384 2516 449 2571 fuit.
466 2516 557 2588 Cujus
584 2516 696 2573 fructus
724 2532 887 2572 eumame

61 2600 216 2674 multiplex
245 2604 322 2659 exire
337 2603 440 2672 valeat,
457 2605 526 2661 utile
550 2605 618 2661 duni
634 2605 775 2677 quiddam
804 2605 886 2660 vehis

60 2690 201 2757 indicare,
217 2696 247 2748 et
261 2693 298 2748 ad
320 2695 419 2749 votum
436 2693 507 2749 mihi
524 2695 585 2750 freri
611 2696 639 2750 id
664 2699 772 2767 petere.
790 2694 886 2767 Hugo·

61 2796 124 2835 aem
140 2781 249 2836 ducem
278 2779 441 2838 sciatisme
461 2783 602 2839 hactenus
632 2801 684 2855 pre
711 2783 805 2839 anrico
835 2783 885 2838 ba-

61 2869 168 2925 buisse.
186 2869 341 2943 Comperto
356 2887 421 2926 vero
447 2873 523 2944 quod
548 2870 672 2928 latenter
695 2872 787 2928 hostis
813 2872 885 2927 mihi

61 2963 144 3025 esset,
163 2958 201 3012 ab
223 2960 288 3030 ejus
318 2959 514 3017 familiaritate
543 2978 589 3017 me
619 2962 804 3018 remotiorem
821 2962 884 3017 feci.

63 3046 139 3103 Unde
166 3064 247 3104 nunc
266 3049 389 3105 Romam
419 3050 643 3117 iens,0ttoncm
672 3051 753 3117 adiit,
771 3051 800 3106 ia
829 3051 885 3107 mei

64 3136 280 3202 contumeliam,
292 3139 432 3212 regnique
442 3138 537 3195 labem
549 3140 575 3195 ei
591 3139 752 3213 plurimum
769 3157 886 3212 persua·

942 2247 1040 2320 ligatis
1057 2247 1192 2304 manibus
1208 2252 1236 2303 et
1254 2248 1377 2319 pedibus
1393 2246 1423 2302 in
1438 2249 1618 2323 ergastulum
1635 2253 1767 2312 detruse-

942 2337 1077 2404 cantoni
1087 2336 1378 2409 rocesuppressa,ibi
1388 2342 1768 2412 usquecrepusculumcon-

941 2441 1030 2479 vexus
1041 2426 1073 2460 000
1083 2424 1186 2495 jacuit.
1198 2428 1266 2479 l‘ost
1280 2430 1363 2480 nocte
1379 2424 1562 2494 abscedente,
1579 2427 1608 2482 iu
1625 2429 1688 2501 ipso
1705 2449 1766 2489 cre-

942 2513 1065 2585 pusculo
1080 2518 1278 2569 surrexerunt.
1290 2512 1440 2585 Hospitem
1452 2520 1638 2588 assumptum
1653 2522 1681 2574 et
1691 2536 1767 2593 equo

941 2602 1208 2670 incoctum,tandiu
1220 2604 1546 2673 asportaverunt,doncc
1557 2603 1620 2661 loca
1631 2617 1767 2680 suspecta

941 2693 1184 2748 transmitterent.
1196 2690 1307 2757 Quibus
1323 2691 1517 2759 transmissis,
1533 2693 1698 2766 depositum
1722 2699 1766 2755 di-

942 2782 1095 2848 miserunt‚
1104 2781 1308 2853 reliquumque
1319 2779 1433 2837 itineris
1450 2780 1765 2845 celeresconfecerunt.

941 2871 999 2927 Nec
1015 2871 1114 2926 minus
1129 2870 1252 2927 Conradi
1268 2868 1346 2942 regis
1360 2869 1442 2925 dolos
1466 2887 1534 2944 sepe
1558 2873 1724 2931 simulando
1739 2882 1768 2934 et

941 2958 1156 3016 dissimulando
1167 2959 1341 3024 masiacum
1354 2957 1383 3013 in
1392 2958 1467 3015 dolis
1476 2964 1687 3033 componendis
1698 2964 1768 3022 insi-

941 3049 1068 3106 diatores
1079 3049 1176 3104 studio
1187 3052 1215 3104 et
1229 3047 1276 3103 hio
1289 3047 1462 3103 niterentur.
1475 3050 1605 3106 Tandem
1616 3057 1766 3111 tantorum

941 3137 1086 3192 malorum
1099 3153 1231 3201 securuS,
1243 3134 1336 3191 Gallia
1349 3140 1481 3208 receptus
1497 3143 1550 3194 est.

66 3241 157 3281 surus.
180 3227 365 3299 Quapropter
392 3244 509 3282 summa
536 3245 599 3300 ope,
624 3246 741 3285 summo
770 3204 922 3301 ingenioC
976 3227 1021 3282 89.
1038 3225 1168 3299 Cognitis
1179 3229 1277 3280 autern
1290 3230 1482 3297 utrorumque
1492 3226 1567 3283 dolis
1577 3229 1613 3284 ab
1630 3236 1764 3305 utroque,

66 3314 189 3370 nitimini
213 3331 251 3370 ne
274 3316 388 3372 evadat.
404 3315 473 3372 Vale
487 3318 530 3373 000.
543 3340 557 3368 a
572 3317 775 3391 Exploratores
789 3318 886 3390 itaque
940 3320 1022 3371 tanta
1036 3313 1208 3370 crudelitate
1224 3314 1253 3369 in
1269 3330 1300 3368 se
1313 3329 1370 3368 nou
1383 3313 1472 3370 armis
1483 3316 1534 3370 sed
1549 3315 1666 3375 insidiis
1676 3319 1766 3377 laten·

66 3401 292 3475 circumquaque
307 3403 454 3476 dispositi,
471 3422 522 3477 per
538 3411 685 3479 praerupta
698 3407 843 3462 montium
858 3410 887 3462 et
940 3405 1020 3461 tibus
1035 3402 1204 3460 debacchati
1220 3407 1299 3468 sunt,
1315 3407 1347 3457 ut
1360 3403 1472 3475 aliquot
1486 3404 1571 3462 annis
1586 3423 1632 3463 res
1647 3408 1777 3481 publica

65 3490 262 3564 scopulorum,
286 3508 339 3564 par
359 3492 475 3549 viarum
504 3494 609 3564 exitus,
635 3496 699 3567 ejus
728 3496 886 3551 adventum
940 3493 1122 3566 principibus
1137 3492 1349 3548 dissidentibus
1370 3492 1495 3548 multum
1513 3493 1666 3553 lederetur.
1683 3499 1766 3556 Tunc

63 3580 301 3651 opperiebantur.
940 3584 1029 3640 etiam
1052 3582 1213 3640 multarum
1238 3599 1335 3637 rorum
1363 3583 1766 3654 usurpationes,miserorum

93 3671 139 3723 87.
159 3669 228 3725 lam
244 3670 359 3742 epistola
372 3671 476 3728 Emrna’
486 3672 520 3707 000
536 3673 643 3742 rapinae
661 3673 696 3728 ud
716 3681 832 3729 mestrem
841 3675 885 3728 000.
941 3690 1057 3746 quoque
1072 3672 1287 3744 oppressiones,
1300 3675 1328 3725 et
1340 3669 1417 3725 circa
1430 3671 1527 3727 minus
1538 3679 1681 3745 potentes,
1694 3675 1768 3732 cala·

57 3757 163 3813 -Nec
178 3758 392 3815 minusllmma
406 3760 507 3833 regina
522 3762 607 3816 matri
618 3779 678 3817 sues
691 3762 721 3817 in
734 3762 813 3819 hunc
824 3780 886 3818 me·
941 3762 1058 3818 mitates
1075 3760 1189 3816 nefariae
1206 3778 1222 3814 a
1238 3759 1416 3830 quibusdam
1433 3759 1529 3831 pravis
1544 3762 1673 3818 exercitae
1687 3769 1768 3820 sunt.

56 3847 130 3902 dum
145 3846 301 3918 epistolam
312 3848 417 3904 direxit
427 3865 451 3904 :a
462 3849 593 3906 Adelaidi
610 3850 695 3906 matri
711 3850 887 3924 imperatrici
941 3852 1014 3908 Cum
1028 3850 1180 3920 utriusque
1190 3847 1381 3918 sapientiores
1392 3848 1421 3901 in
1431 3849 1770 3909 unumconsulturicon·

52 3937 442 4008 seniperaugustaamma
453 3939 739 4012 Francorumrcgina
749 3939 885 3997 salutem.
941 3939 1102 4006 vemeniae,
1120 3938 1266 4011 principes
1282 3935 1424 3993 dissidere
1439 3935 1566 4009 plurima
1581 3942 1769 3999 commisera-

55 4025 140 4081 Licet
155 4023 250 4079 multo
272 4029 417 4080 terrarum
441 4025 598 4083 interstitio
622 4034 745 4092 semota,
757 4033 854 4085 tamen
871 4047 888 4086 a
941 4031 1020 4086 tiene
1035 4027 1186 4100 conquesti
1202 4030 1280 4081 aunt.

51 4117 155 4170 matre
171 4111 270 4167 auxilii
286 4112 428 4169 rationem
440 4114 502 4170 filia
516 4120 592 4188 peto.
604 4116 687 4189 Huge
699 4117 758 4173 dux
772 4118 887 4173 insidiis
977 4120 1021 4174 90.
1030 4119 1155 4175 tetlrarii
1164 4125 1190 4173 et
1201 4117 1322 4185 deponis
1332 4117 1528 4173 reconciliatio.
1537 4150 1570 4157 -
1582 4119 1769 4175 statuerunt-

51 4218 118 4258 noa
134 4199 235 4256 solum
250 4201 331 4274 regui
346 4203 438 4258 nestri
453 4202 600 4277 principes
611 4209 737 4262 anostra
750 4205 888 4262 fidelitate
942 4227 999 4283 qur
1015 4212 1048 4264 ut
1062 4207 1183 4263 alterins
1199 4208 1336 4271 fautores,
1349 4205 1384 4259 ad
1400 4204 1523 4261 alterum
1542 4208 1657 4263 suasuri
1673 4209 1710 4264 de
1724 4225 1768 4264 re-

50 4287 240 4356 amavisses
250 4293 279 4344 et
289 4289 407 4346 fratrem
419 4307 517 4348 meum
529 4292 664 4349 Ottonem
676 4311 693 4348 a
703 4295 788 4350 nobis
801 4312 888 4351 cona·
942 4297 1145 4354 conciliatione
1170 4293 1339 4358 transirent,
1359 4297 1391 4347 ut
1413 4292 1551 4349 alteruter
1575 4295 1769 4352 benivolentia

51 4382 108 4433 tur
122 4381 269 4443 avertem
287 4378 364 4434 unde
377 4383 406 4434 et
425 4380 547 4437 Romam
570 4381 653 4437 illum
670 4383 752 4439 adiit.
765 4384 805 4440 Ne
821 4401 888 4457 ergo
943 4385 1112 4444 alterutrius
1125 4381 1363 4455 captus,faeilius
1374 4382 1629 4450 condescenderet,
1642 4401 1768 4457 eumque

52 4467 184 4541 penitus
198 4465 245 4520 sui
255 4467 312 4523 voti
327 4484 445 4541 compes
454 4468 604 4542 glorietur,
616 4476 681 4544 peto
697 4473 819 4545 supplex
829 4473 889 4529 filia
943 4495 995 4550 pre
1010 4477 1071 4532 lesa
1086 4473 1215 4528 amicitia
1230 4469 1332 4526 utilius
1348 4469 1499 4541 peniteret.
1514 4469 1594 4534 Quod
1605 4471 1639 4506 000
1653 4471 1768 4528 consul-

49 4560 200 4623 matrem,
210 4558 243 4609 ut
256 4556 286 4609 in
302 4557 470 4613 revertendo
485 4562 585 4614 tantus
596 4559 688 4616 hostis
701 4561 886 4635 impedietur.
902 4574 925 4638 Ι]
941 4573 1016 4628 tum,
1029 4581 1084 4619 nen
1102 4560 1194 4616 mirlto
1216 4564 1281 4631 post
1303 4558 1438 4613 effectum
1463 4557 1576 4614 habuit.
1593 4559 1667 4616 Nam
1682 4564 1711 4617 et
1725 4561 1768 4618 eis

50 4645 91 4701 Et
107 4644 135 4699 si
155 4641 217 4697 lieri
233 4647 338 4714 potest,
350 4648 400 4700 aut
415 4650 518 4717 captus
534 4650 679 4717 teneatur,
690 4655 741 4705 aut
756 4650 887 4722 impunis
942 4648 1145 4710 efficacissime
1162 4661 1333 4718 persuasum
1350 4648 1404 4714 est,
1421 4661 1454 4698 ac
1471 4643 1599 4716 plurima
1613 4647 1768 4705 dilectione

49 4751 115 4789 non
136 4732 246 4786 redeat.
258 4732 315 4787 Sed
332 4749 367 4788 ne
381 4750 432 4789 vos
446 4733 508 4791 suis
520 4735 595 4791 dolis
608 4737 814 4809 tergiversator
823 4757 888 4793 eva·
943 4741 997 4799 sibi
1015 4737 1119 4795 annexi
1132 4739 1210 4790 suut.
1223 4731 1269 4786 Sic
1280 4730 1367 4784 etiam
1385 4730 1413 4783 in
1432 4730 1564 4803 utrisque
1574 4733 1618 4788 vis
1629 4733 1768 4791 amicicie

51 4822 120 4884 dat,
134 4819 229 4875 totius
241 4820 339 4875 terme
353 4820 433 4877 illius
445 4822 654 4895 inseparabilia
668 4827 828 4882 accidentia
843 4844 889 4882 vo·
943 4833 1059 4888 firmata
1072 4827 1135 4880 visa
1149 4828 1202 4877 est.

51 4910 104 4965 bis
121 4907 248 4963 indicari
264 4910 390 4964 curavi.»
401 4910 483 4967 'func
493 4917 646 4983 prosecuta
657 4915 818 4985 oculorum,
836 4934 888 4973 au·
977 4921 1021 4974 91.
1038 4914 1174 4972 l’romotio
1201 4910 1330 4966 Ladoaici
1355 4911 1384 4963 in
1408 4926 1522 4980 imnum
1545 4913 1720 4969 Francorum.
1732 4946 1767 4956 -

53 5001 153 5066 rium,
170 4996 327 5065 labiorum,
338 4997 596 5075 dentiumquoque
608 5007 636 5058 et
650 5003 723 5070 nasi,
738 5021 849 5061 necnon
861 5009 890 5062 at
944 5008 1056 5065 Etenim
1072 5020 1139 5060 cum
1155 5018 1204 5057 rex
1220 5000 1314 5055 filiurn
1330 5015 1417 5054 suum
1439 4998 1617 5056 Ludevieum
1633 5002 1663 5057 in
1679 5019 1767 5074 regne

54 5088 245 5159 reliquarum
260 5087 390 5159 corperis
404 5089 533 5160 partium
548 5090 719 5163 accidentia,
733 5094 888 5152 verborum
943 5097 1000 5155 sibi
1014 5093 1169 5152 succedere
1180 5088 1274 5153 vellat,
1285 5088 1381 5160 ipsum
1393 5104 1509 5159 quoque
1520 5105 1537 5142 a
1547 5089 1620 5144 duce
1632 5090 1768 5145 ordinan-

55 5191 182 5248 quoque
195 5179 337 5240 tenorem,
352 5175 394 5232 sic
410 5177 541 5249 ignotum
557 5179 724 5249 declaravit,
737 5188 769 5237 ut
784 5184 830 5240 his
847 5186 888 5241 si·
943 5189 1014 5243 dum
1026 5186 1177 5256 quaereret,
1189 5180 1247 5233 dux
1263 5176 1338 5232 hano
1349 5176 1561 5230 ordinationem
1574 5191 1640 5230 mox
1654 5175 1766 5233 liberali

18 5288 31 5309 ·
57 5265 127 5338 gnis
143 5263 293 5336 detegeret
307 5267 393 5338 atque
408 5266 611 5339 ignorantibus
628 5268 780 5328 indicaret.
944 5276 1042 5333 animo
1058 5289 1088 5327 se
1099 5267 1373 5326 administraturum
1389 5261 1549 5335 respondit.
1561 5262 1708 5337 Etlegatis
1720 5267 1767 5322 di·

743 5423 863 5483 VARIAE
883 5424 1092 5485 LEGTIONES.

95 5550 131 5585 ¹⁰⁰
146 5565 233 5615 cunc,
253 5549 320 5618 bus,
343 5550 401 5624 gla,
426 5550 456 5606 in

64 5621 176 5678 moeiao.
217 5622 450 5692 ‘flmmuabsc

486 5555 562 5658 ἕξεί,
587 5569 603 5608 e
626 5570 689 5626 por,
715 5555 805 5614 iceret
832 5577 867 5617 erc
894 5561 1006 5634 conjeci.
1044 5559 1076 5593 000
1093 5549 1325 5629 conradocodea.
1364 5544 1493 5600 l⁰¹VAb.
1531 5545 1769 5615 l⁰³mmra,tram

538 5626 614 5680 sice.
653 5627 687 5661 000
703 5626 775 5683 flexu
792 5647 862 5689 corr.
879 5635 962 5691 flexo.
1000 5632 1033 5666 000
1049 5638 1255 5698 conquexusc.
1293 5621 1326 5656 000
1342 5619 1374 5685 0.
1391 5616 1602 5674 senatusdelet.
