3878 6098
110 293 148 349 er
403 249 406 253 ’
661 285 820 350 nicanor
843 285 876 348 s.
899 282 1051 348 annrau
1072 281 1262 348 nonnam.
1337 327 1348 349 .
1772 282 1813 342 ee

111 421 229 494 utrique
239 418 443 476 liberalitatem
457 419 588 475 conterre
598 417 860 484 meditabatur.0ni
871 435 936 475 cum
952 420 980 488 Α
994 419 1059 474 bem
1076 418 1126 485 ita,
1144 417 1167 473 si
1182 416 1217 453 ³⁰⁸
1231 433 1295 473 eam
1307 432 1374 473 cum
1391 416 1511 490 reliquis
1526 419 1683 489 expugnet,
1699 431 1814 472 accom-

110 510 266 568 Arnullum
291 510 326 565 de
350 509 622 581 recompensatione
647 525 744 564 rerum
768 511 934 580 ereptarum
988 508 1099 562 modat.
1124 507 1188 562 Dux
1211 507 1322 563 denum
1347 506 1460 579 regium
1486 504 1643 578 excipiens,
1661 504 1815 577 suppetias

111 605 224 663 nutare,
242 615 275 653 ac
301 596 456 651 Brluinum
481 596 641 652 instantius
671 597 782 653 emissa
806 600 934 668 repetere
988 601 1082 667 parat,
1099 595 1218 669 regique
1232 595 1455 652 subvenit.Cum
1467 594 1529 651 suis
1540 594 1639 666 itaque
1651 610 1684 648 ac
1695 593 1817 665 quibus·

110 689 281 753 adverteret,
290 683 445 740 Annalium
461 700 577 756 quoque
591 685 703 755 majora
718 685 932 752 restituturum,
988 685 1056 739 dam
1071 683 1287 756 Cisalpinorum
1302 683 1471 757 penatibus
1485 688 1566 738 trans
1582 683 1750 754 Sequanam
1763 681 1816 736 llu-

110 792 142 832 eo
158 775 234 848 quad
251 774 313 846 ipse
327 771 470 845 ampliore
486 789 581 829 rerum
604 773 755 845 dispendio
780 771 933 834 Brluinum
987 773 1068 841 vium
1083 772 1138 828 iter
1153 771 1395 842 laciens,Baieeas
1411 770 1551 844 pervenit.
1567 773 1660 836 Quam
1676 786 1815 843 agressus

111 863 248 928 affecerit,
264 860 383 918 Brluiuo
410 861 587 917 Ambianum
608 860 640 916 in
664 860 933 933 recompensatione
988 860 1082 917 multa
1096 859 1248 918 obsidione
1262 860 1465 932 premitlnter
1479 859 1541 915 uec
1555 875 1572 914 a
1588 857 1676 931 regiis
1690 857 1815 930 stipate-

110 953 286 1010 amisserum
309 967 361 1023 pro
382 948 503 1005 Arnullo
526 949 680 1006 concessit.
703 949 808 1021 Sicque
823 949 932 1005 lactum
988 951 1069 1007 ribus
1083 949 1217 1024 persuasi
1231 951 1416 1016 Nortmauni,
1432 950 1468 1005 ad
1485 965 1582 1022 regem
1601 949 1734 1004 redeunt.
1753 951 1814 1003 Dux

110 1047 164 1109 est,
180 1045 213 1097 ut
226 1038 346 1096 Brluino
362 1055 415 1094 sue
435 1038 668 1103 restituerentur,
684 1042 713 1093 et
735 1036 855 1094 Aruullo
879 1055 934 1093 sna
987 1045 1086 1095 autem
1100 1039 1273 1096 Baiocenses
1288 1038 1483 1112 urgebatllex
1498 1038 1565 1093 duci
1580 1036 1764 1092 obsidionem
1780 1038 1815 1072 ⁸⁰⁵

111 1149 170 1188 non
185 1130 397 1185 minuerentur.
414 1125 500 1199 [legis
513 1126 613 1199 itaque
628 1125 773 1182 industria
786 1126 815 1181 in
830 1124 933 1182 amici·
987 1127 1097 1185 solvere
1112 1127 1164 1200 per
1177 1127 1289 1201 legatos
1300 1128 1396 1199 jubet.
1408 1126 1459 1182 Ille
1475 1130 1572 1182 autem
1587 1129 1687 1197 utpote
1698 1126 1734 1180 ab
1746 1142 1814 1199 rege

110 1221 185 1277 ciam
200 1216 334 1286 revocati,
348 1215 428 1289 regia
442 1214 558 1289 negotia
571 1216 676 1271 exinde
690 1215 843 1271 curabant.
987 1216 1232 1289 detum,emplius
1248 1216 1471 1289 oppugnat.Bex
1481 1231 1598 1287 quoqne
1613 1214 1720 1270 iterum
1734 1231 1816 1270 man·

144 1309 188 1362 ll.
208 1305 367 1375 Prodigiosa
394 1304 587 1360 ‹temonatrutio
611 1303 643 1337 ³⁰¹
669 1302 756 1359 clodia
784 1304 933 1359 Britanno-
987 1306 1047 1373 dat,
1064 1305 1142 1378 quod
1159 1304 1215 1361 nisi
1232 1305 1289 1360 cito
1305 1304 1525 1369 discedat,sese
1541 1303 1654 1359 ineam
1678 1319 1746 1358 cnm
1765 1319 1814 1359 ce·

108 1394 353 1459 remus—ouo
382 1396 512 1464 tempore
541 1391 689 1447 terebatur
717 1391 818 1447 Parisii
846 1392 933 1447 turbo
987 1394 1044 1468 piis
1059 1394 1248 1451 iturumbux
1263 1392 1350 1466 regiis
1360 1392 1455 1465 jussis
1470 1392 1615 1448 contraire
1631 1408 1687 1448 non
1698 1390 1812 1460 valens,

108 1488 227 1558 repente
242 1485 370 1546 exortus,
386 1479 509 1536 mutavi
524 1478 746 1548 discucurrisse,
763 1484 795 1535 ut
808 1479 934 1552 parietes
987 1484 1023 1539 ab
1039 1482 1190 1539 obsidione
1205 1487 1323 1539 coactns
1347 1481 1480 1537 discedit.
1498 1480 1557 1536 Ber
1581 1481 1683 1535 urbem
1710 1497 1815 1536 conse·

110 1573 204 1630 multa
217 1570 348 1643 lapidum
366 1569 440 1624 mole
460 1569 584 1638 fundati,
601 1568 630 1624 in
655 1572 755 1625 monte
779 1568 933 1625 Martirnm
988 1575 1113 1644 quenter
1126 1570 1298 1644 ingreditur.
1316 1570 1405 1641 Cujus
1421 1570 1502 1624 adse
1522 1568 1635 1624 civibus
1660 1568 1812 1638 revocatis,

111 1661 243 1719 funditus
257 1659 348 1715 eversi
366 1657 483 1714 luerint.
499 1658 644 1714 Demones
661 1675 777 1732 quoque
801 1657 933 1731 equitum
987 1659 1112 1716 Bbrecas
1130 1660 1203 1734 petit
1227 1676 1260 1716 eo
1285 1658 1365 1714 nullo
1389 1658 1543 1714 resistente
1566 1657 1738 1730 ingreditur.
1755 1657 1814 1714 Nee

109 1749 205 1824 speeie
219 1749 308 1816 visos,
321 1745 473 1803 basilicam
489 1747 638 1819 quandam
655 1764 712 1802 non
723 1746 825 1820 procul
834 1747 932 1816 sitam,
987 1747 1088 1807 minus
1102 1753 1130 1805 et
1145 1749 1182 1805 ab
1197 1748 1408 1804 {ebrocensibus
1424 1747 1550 1819 acceptis
1566 1746 1729 1815 obsidibus,
1743 1747 1814 1803 reli·

109 1837 382 1909 evertisse,ejuaque
396 1836 494 1892 trabes
509 1836 679 1892 memoratis
694 1835 857 1907 parietibus
872 1839 931 1891 tam
988 1855 1046 1911 qua
1061 1839 1172 1909 ubsque
1187 1836 1398 1893 contraditione
1413 1836 1542 1892 obtinuit
1556 1836 1640 1907 (945).

108 1927 201 1986 valide
212 1925 418 1992 incussissent
427 1940 477 1980 eos
488 1924 675 1993 subruerint;
687 1923 827 1981 evulsisse
843 1924 931 1981 etiam
1022 1927 1066 1982 43.
1082 1927 1145 1982 aaa
1159 1927 1193 1962 ³⁰⁶
1207 1942 1268 1982 suos
1285 1927 1314 1982 in
1329 1925 1363 1960 ³⁰⁶
1377 1926 1449 1994 repis
1473 1925 1610 1996 injurium
1622 1925 1656 1960 ³⁰⁸
1672 1925 1810 1980 bortatur.

109 2017 241 2089 ejusdem
258 2012 366 2069 mentis
381 2013 488 2081 vineta,
506 2029 539 2069 ac
555 2016 619 2068 sala
634 2012 932 2070 devastasseMoxvi-
986 2047 1020 2059 -
1038 2016 1098 2072 Dux
1112 2014 1190 2088 apud
1205 2030 1274 2070 suos
1289 2014 1364 2068 hanc
1376 2012 1517 2085 iujuriam
1533 2013 1687 2085 sepissime
1701 2030 1812 2070 memo·

109 2125 142 2164 so
157 2103 299 2178 prodigio,
316 2102 534 2158 Brittannerum
550 2100 692 2174 pernicies
706 2103 862 2158 subsecuta
876 2104 930 2158 est.
986 2120 1065 2171 rans,
1082 2104 1118 2160 de
1132 2103 1208 2177 regis
1224 2102 1350 2175 pernicie
1365 2099 1560 2175 pertractabat
1570 2120 1577 2171 ;
1588 2101 1690 2158 fideles
1701 2107 1729 2158 et
1739 2103 1812 2157 ami-

109 2196 162 2261 Oni
179 2191 341 2265 berengarii
357 2195 445 2263 atque
460 2190 542 2246 Alani
570 2191 734 2263 principum
759 2189 932 2246 dissidentia
987 2209 1037 2249 cos
1052 2192 1221 2259 hortens,ut
1235 2191 1289 2247 bec
1305 2190 1400 2247 ultum
1410 2190 1446 2246 iri
1457 2191 1712 2258 acceleranteuod
1722 2192 1810 2248 etiam

108 2284 269 2348 discordes,
286 2279 507 2335 aNortmaunis
525 2293 593 2332 cum
609 2278 717 2349 quibus
732 2280 850 2350 pactum
866 2293 930 2350 ege·
986 2281 1088 2337 multis
1105 2280 1297 2353 querimoniis
1311 2279 1580 2353 amplificans,suos
1592 2280 1621 2336 in
1638 2296 1737 2353 regem
1748 2297 1813 2353 pro

109 2377 185 2439 rant,
202 2368 325 2442 pervasi,
343 2365 493 2436 multaque
509 2365 579 2419 cede
603 2364 694 2420 attriti
718 2369 797 2421 sunt.
813 2365 930 2421 Necnon
985 2372 1078 2423 vocat.
1096 2367 1261 2421 Beruardus
1277 2367 1376 2438 itaque
1390 2366 1552 2424 Silletensis
1567 2367 1711 2439 (eantque
1724 2369 1811 2424 Teut·

109 2463 138 2516 et
152 2458 253 2515 civitas
269 2455 441 2510 Namtarum
457 2452 514 2521 (91)
524 2455 608 2524 capta
618 2453 766 2524 esttlujus
776 2452 931 2526 episcopus
985 2455 1090 2512 baldus
1105 2454 1267 2512 'turonicus
1277 2457 1465 2528 conquerenti
1475 2456 1808 2522 satisfacientesblenti·

109 2563 177 2603 cum
207 2540 474 2616 supervenientium
498 2541 628 2596 bestium
653 2544 733 2597 metu
757 2541 930 2608 territus‚in
985 2544 1102 2600 niaeum
1118 2543 1195 2617 regis
1210 2543 1351 2616 oppidum
1368 2544 1398 2599 in
1413 2543 1487 2616 ipsis
1501 2544 1734 2602 Peschaediebus
1745 2562 1808 2618 per-

109 2633 270 2691 aecclesiam
286 2631 386 2704 sugere
401 2634 561 2703 cogeretur,
578 2646 698 2686 suarum
721 2629 864 2687 densitate
878 2646 931 2704 ep·
984 2631 1255 2704 vadentes,capiunt
1269 2632 1676 2707 diruuntque.Compendium
1693 2650 1810 2706 quoque

109 2740 229 2798 pressus
244 2738 278 2778 ac
294 2720 453 2777 sullecatus
468 2723 522 2775 est.
540 2717 682 2774 Brittanni
697 2718 804 2791 inipso
819 2717 930 2792 impetu
985 2721 1069 2794 regie
1082 2721 1160 2777 sedis
1174 2721 1272 2777 aulam
1288 2721 1432 2794 repentini
1456 2725 1620 2794 penetrant,
1636 2737 1670 2778 ac
1685 2739 1811 2794 queque

108 2812 221 2888 viribus
236 2808 406 2881 resumptis,
423 2807 523 2864 hostes
536 2807 572 2863 ab
590 2807 834 2864 urbevehementi
845 2824 931 2864 cona·
986 2810 1096 2884 regalia
1110 2809 1239 2883 insignia
1258 2809 1430 2881 diripientes
1454 2813 1617 2882 asportant.
1633 2811 1691 2867 Nec
1715 2809 1810 2867 multo

109 2902 188 2958 mine
203 2895 540 2971 reppulerunt.lllesqne
553 2895 650 2952 adorsi
664 2895 744 2968 gravi
760 2896 837 2952 caede
852 2896 932 2953 lude·
986 2903 1052 2973 post
1066 2899 1185 2955 elidem
1202 2899 1367 2955 Bernardue
1387 2898 1464 2972 regis
1487 2902 1638 2955 venatores
1663 2914 1810 2972 canesque

108 2994 186 3046 runt.
200 2988 237 3042 nt
264 2983 409 3042 Brittanni
436 2984 619 3057 prosperiore
647 2984 770 3040 lortunoe
792 3001 930 3041 successu
985 2989 1115 3062 capiens,
1128 3005 1195 3044 eum
1210 2988 1294 3060 equis
1309 3004 1343 3044 aa
1357 2987 1509 3045 venabulis
1526 2987 1657 3044 abduxit.

108 3076 272 3144 confortati,
290 3074 376 3130 tertia
402 3072 504 3129 itidem
533 3074 581 3130 die
606 3072 729 3129 classem
759 3073 931 3145 pervadunt,
1022 3079 1066 3134 lt.
1081 3079 1137 3134 Rea
1151 3080 1247 3133 ortem
1258 3078 1292 3113 ³⁰⁷
1308 3081 1453 3133 Remorum
1466 3077 1605 3133 obsidione
1620 3078 1653 3112 ³⁹²
1663 3077 1810 3150 premeret.

108 3165 405 3240 congrediunturque.
423 3167 454 3218 ln
468 3166 549 3234 parte
565 3167 688 3234 utraque
704 3162 851 3219 innumeri
861 3163 929 3219 lusi.
946 3144 967 3211 C
987 3199 1019 3208 -
1036 3168 1095 3223 ltex
1110 3166 1253 3222 Rhodomi
1269 3164 1338 3221 talia
1352 3166 1546 3238 comperiens,
1562 3165 1811 3222 Nortmannorum

109 3254 253 3313 Brittanni
265 3269 333 3308 vero
349 3251 580 3308 adversariorum
605 3251 704 3323 copias
720 3269 776 3308 nen
793 3251 883 3325 passi,
901 3253 931 3308 in
985 3255 1143 3313 exercitum
1159 3253 1270 3325 colligit
1285 3255 1447 3327 copiosum,
1465 3271 1498 3310 ae
1514 3254 1644 3322 collecto,
1662 3253 1746 3320 redit,
1760 3270 1813 3325 pa-

109 3345 209 3418 lugam
225 3342 368 3398 teruntur.
385 3340 559 3396 Nortmauni
579 3344 676 3396 autem
700 3340 821 3396 victoria
835 3339 930 3413 petiti,
986 3361 1056 3419 gum
1071 3333 1338 3401 Veromaudensem
1355 3342 1812 3416 ingrediens,penitusquedepe·

109 3432 326 3488 Brittannerum
344 3429 417 3486 alies
432 3427 529 3502 gladio
544 3428 768 3497 occidunt,alios
783 3430 813 3484 in
825 3430 932 3487 lluctus
985 3431 1217 3507 pnlaus.Accitis
1232 3449 1349 3505 quoque
1364 3431 1499 3501 Arnullo,
1516 3430 1646 3499 Brluino‚
1663 3431 1812 3487 Bernarde

108 3525 227 3594 cogunt,
245 3519 318 3575 alios
345 3517 608 3575 vereaBrittenie
634 3517 743 3574 sinibus
766 3517 930 3585 eliminant,
986 3522 1054 3590 alio,
1070 3522 1250 3578 'lbeoderieo
1273 3520 1441 3589 comitibus,
1468 3521 1499 3576 in
1523 3520 1626 3576 urbem
1652 3519 1811 3575 Remorum

109 3614 214 3684 praeter
228 3609 281 3664 hes
296 3607 346 3680 qui
363 3605 512 3662 servitutis
524 3607 597 3679 jugo
622 3605 708 3662 subdi
734 3623 792 3662 non
815 3623 930 3664 recusa·
986 3611 1087 3666 fertur.
1103 3611 1234 3681 Eamque
1249 3609 1393 3683 disposita
1407 3610 1636 3681 circumquaque
1658 3606 1813 3664 obsidione

107 3716 183 3755 vere.
986 3697 1087 3772 cingit,
1104 3714 1137 3754 ee
1154 3697 1231 3770 quod
1246 3697 1328 3770 Hugo
1339 3698 1472 3769 ejusdem
1484 3696 1566 3753 urbis
1576 3694 1732 3769 opiscopus
1743 3694 1814 3768 quia

144 3789 187 3844 te.
219 3788 274 3844 Bac
301 3787 336 3822 ω’
363 3793 465 3841 terram
492 3784 724 3842 Nortmnnaoram
747 3786 782 3821 ³⁰²
809 3786 933 3858 reuertit
986 3787 1070 3844 ducis
1085 3786 1218 3860 partibus
1246 3786 1370 3854 favebat,
1388 3786 1448 3860 regi
1477 3785 1644 3858 ingressum
1674 3785 1811 3858 negabat.

107 3878 234 3948 capitque
248 3876 282 3911 ³⁰¹
295 3906 329 3916 —
344 3874 454 3937 Quoad
479 3874 556 3947 regis
579 3891 665 3931 aures
688 3873 810 3946 perlato,
825 3873 931 3931 Arnul·
986 3876 1083 3932 Primo
1098 3891 1167 3948 ergo
1182 3875 1304 3947 impetu,
1322 3874 1448 3948 graviter
1468 3873 1642 3930 dimicatum
1666 3878 1719 3928 est.
1736 3872 1811 3928 Nam

109 3966 171 4019 lum
185 3980 218 4019 ac
232 3962 386 4019 Brluinum
401 3960 534 4026 comites,
551 3962 699 4034 simulque
713 3966 742 4018 el
756 3963 932 4036 Burgundios
963 4034 967 4039 ,
986 3964 1145 4039 sagittariis
1161 3963 1228 4020 hinc
1244 3963 1312 4019 inde
1326 3962 1541 4036 dispositis,qui
1557 3963 1587 4018 in
1600 3979 1684 4018 muro
1698 3960 1812 4017 resiste·

109 4051 262 4124 episcopos
277 4048 399 4121 aliquot,
415 4065 464 4103 rex
479 4049 809 4106 accersitpraesenserat
822 4051 931 4108 etenim
985 4054 1057 4110 bont
1072 4052 1236 4110 missilibus
1251 4051 1547 4117 sauciantur.0uibue
1558 4048 1724 4107 amotisalii
1739 4049 1813 4106 inta-

109 4154 210 4195 eorum
226 4135 416 4193 nennullosa
433 4135 489 4191 fide
504 4136 654 4202 deiecisse,
672 4137 845 4210 Bugoniqne
869 4155 932 4194 ces·
986 4142 1024 4198 cti
1039 4140 1291 4204 succedunt,viees
1306 4157 1411 4213 pugnae
1426 4140 1602 4214 ingerentes.
1619 4139 1672 4194 Sed
1687 4142 1716 4193 et
1731 4142 1813 4193 extra

109 4228 194 4286 sisse.
209 4230 249 4284 Ac
264 4242 331 4282 eum
346 4225 473 4281 exercitu
488 4225 517 4279 in
533 4241 582 4281 eos
597 4225 698 4281 fertur.
709 4225 849 4283 Arnultus
864 4244 931 4283 curn
986 4229 1053 4286 telis
1072 4245 1105 4285 ac
1126 4227 1275 4300 lapidibus
1296 4229 1395 4296 ¹iactis,
1409 4227 1542 4284 nonnulli
1567 4227 1747 4291 afficiuntur,
1765 4242 1812 4281 ce·

109 4317 172 4376 suis
186 4332 284 4390 regem
296 4315 473 4388 precedens,
490 4313 698 4383 Nortmannos,
714 4315 765 4386 qui
783 4317 932 4372 custodias
987 4317 1204 4390 duntque.Sepe
1219 4317 1364 4374 tumultus
1380 4321 1636 4391 reparantur,sepe
1652 4315 1687 4371 ad
1699 4318 1812 4387 portas,

109 4402 428 4474 observabant,utiliter
441 4418 617 4476 congressus
632 4404 709 4475 apud
722 4404 846 4460 Arcas⁸⁰⁸
856 4405 933 4463 ludit
987 4422 1055 4480 sepe
1070 4406 1106 4462 ad
1123 4422 1241 4462 murum
1257 4407 1423 4463 cornminus
1434 4404 1583 4479 congressi
1597 4403 1701 4460 Anime
1712 4403 1814 4459 utrim-

109 4512 142 4552 ae
153 4496 213 4570 regi
225 4496 373 4551 incessum
383 4491 933 4566 expedivitllexllbodomumveniens,
949 4510 973 4576 ι)
988 4512 1044 4569 que
1059 4495 1179 4561 seroces,
1196 4493 1276 4550 nullo
1292 4495 1377 4551 mede
1393 4495 1494 4551 cedere
1508 4498 1630 4567 parent,
1647 4507 1812 4564 numquam

110 4584 198 4640 abiis
214 4582 344 4655 quistdei
361 4586 522 4639 servatores
548 4582 627 4637 tuere
652 4585 789 4653 exceptus
812 4587 866 4639 est.
883 4584 935 4641 Be·
989 4584 1045 4640 sibi
1060 4600 1154 4646 usque
1169 4584 1205 4638 ad
1221 4583 1445 4639 internetionem
1470 4583 1591 4651 cessuri,
1608 4582 1664 4638 nisi
1689 4581 1813 4637 interce-

110 4676 236 4728 serteres
260 4687 325 4726 vere
350 4687 430 4726 mare
450 4674 591 4742 petentes
608 4669 719 4726 amoliti
742 4675 820 4726 sunt.
838 4672 934 4729 Muni-
989 4672 1121 4729 dentium
1146 4671 1413 4745 supplicationibus
1439 4671 1553 4729 obsidio
1576 4671 1674 4728 soluta
1702 4669 1813 4725 disces-

110 4760 266 4833 cipiavero
286 4758 379 4830 copiis
402 4759 517 4815 munita
540 4759 693 4833 reliquere.
708 4760 768 4816 Rex
789 4760 932 4820 malorum
989 4763 1086 4819 sisset.

110 4848 218 4905 nimias
239 4863 303 4903 esse
328 4846 427 4917 copies
453 4847 654 4914 considerans,
670 4848 706 4903 ab
722 4849 843 4923 Hugone
859 4851 933 4908 duca
1023 4851 1066 4906 lb
1084 4851 1146 4905 eur
1161 4851 1220 4920 repi
1230 4850 1264 4885 ³⁰⁸
1277 4867 1327 4922 per
1345 4851 1455 4920 legatos,
1471 4849 1566 4905 suadet
1579 4849 1613 4885 ³⁰⁸
1624 4855 1656 4904 ut
1669 4850 1704 4902 eb
1717 4848 1751 4882 ⁸⁰⁸
1766 4848 1813 4903 ob-

110 4935 261 5011 suppetias
276 4933 482 5008 congrediendi
498 4950 550 5006 per
565 4934 675 5008 legatos
697 4937 836 5009 postulat.
853 4939 886 4994 Bt
901 4945 934 4996 ut
986 4938 1092 4994 stitione
1105 4938 1138 4973 ³⁰⁸
1153 4939 1282 4994 discedat.
1300 4970 1333 4980 -
1348 4939 1411 4994 Dux
1437 4954 1564 5010 namque
1590 4938 1619 4993 in
1646 4938 1711 5010 ipsa
1734 4935 1813 4993 obsi·

110 5027 173 5101 ipse
187 5043 254 5083 cum
268 5023 483 5081 sullleientibus
494 5023 586 5096 copiis
595 5023 876 5093 veniat,Baiocarum
888 5047 934 5085 ur·
987 5027 1072 5083 dione
1083 5026 1255 5100 perlegales
1265 5027 1361 5099 petiit,
1377 5033 1410 5083 ut
1421 5026 1607 5101 Ragenaldus
1617 5042 1716 5083 eomes
1735 5041 1815 5081 sum·

784 5131 905 5190 VARIAE
925 5134 1133 5194 LECTIONBS.

145 5223 178 5259 ⁸⁰¹
195 5222 289 5293 dati,
305 5222 466 5279 idabtsst'ttl·
503 5217 584 5287 ΜΒ,
600 5217 713 5286 ΝΜ·
729 5217 844 5279 abscisa.
882 5224 1120 5283 ³⁰³archascorr.
1138 5239 1231 5279 areas.
1269 5224 1431 5284 tolulcorr.
1447 5227 1483 5283 si.
1521 5220 1811 5282 ⁸⁰‘ahebsidieneb

110 5292 193 5361 ³⁰⁰1),
206 5294 225 5359 i,
242 5294 263 5360 i,
277 5294 394 5352 otrodo.
432 5293 467 5329 ³⁰⁹
480 5292 558 5360 bem,
575 5289 649 5358 obsi,
667 5288 689 5344 it
701 5287 816 5347 absciso.
854 5293 958 5371 tltegi,
974 5315 1020 5369 sn,
1037 5296 1085 5367 ab,
1101 5295 1266 5354 neabsoisa.

904 5402 1017 5462 NOTAE.

146 5488 202 5560 (et)
217 5491 328 5546 Nautes.
344 5490 525 5548 Bladoardns
547 5487 700 5547 belensem
716 5487 887 5567 episcopum
903 5491 994 5554 fuisse
1008 5493 1106 5554 refert.

148 5559 204 5639 (92)
220 5558 251 5619 ld
265 5569 315 5630 eet,
331 5560 565 5621 Silvanectensis.
