3878 6098
116 261 176 327 tvl

448 258 618 324 AP-PEND.
640 261 692 322 AD
714 260 808 323 SAEC.
831 263 869 324 X.
887 297 925 307 -
940 262 1193 328 MONUMENTA
1214 267 1489 334 utvnoul'rlca.
1519 340 1529 356 κ

1761 274 1824 347 480

116 392 219 459 cariat,
234 391 319 469 diury
334 391 374 463 (id
386 399 435 468 art,
451 391 561 465 mulcta
584 408 637 450 seu
659 393 822 468 mulctatio)
838 411 939 453 eorum
953 398 982 467 Α
995 396 1158 455 eteoclesia
1176 399 1250 473 Yssyl
1270 400 1306 459 ab
1331 399 1381 458 illo
1405 403 1503 460 debito
1527 401 1625 462 libera
1654 411 1751 480 arunt,
1767 407 1820 482 qni
1848 434 1854 443 ·

117 499 190 559 regi.

152 573 266 648 XXEIX.
283 573 399 646 Septem
410 573 517 639 domus
526 571 707 646 episcopales
717 572 825 631 suntin
838 575 940 649 ομνια,

117 664 320 736 Maeotiaque
335 666 381 719 est
395 663 480 719 sedes
494 660 667 736 principalis
682 662 712 718 in
732 661 878 736 (lambris,
893 681 940 722 eo·

116 750 206 809 clasis
234 750 340 819 lamcel,
365 751 487 811 ecclesia
515 753 676 822 Dryantem,
700 750 822 808 ecclesia
853 752 937 826 Yssyl,

116 841 239 899 ecclesia
256 841 364 914 lapion,
380 840 502 897 ecclesia
519 840 674 910 teulidauc,
690 839 813 898 ccclesia
835 846 937 898 Kencu.

115 931 241 988 Abbates
272 931 380 1003 Taplco,
395 933 424 986 et
447 929 609 1002 teulydauc,
629 933 658 986 et
680 930 787 1000 lamuel,
804 935 832 987 et
856 933 937 1004 Depe-

114 1023 185 1077 m'cn
200 1023 337 1076 tenentur
351 1018 448 1085 clerici
464 1035 528 1074 asse
543 1022 571 1075 et
585 1018 826 1076 ordinatih'bedr'u
838 1021 938 1093 cujus·

113 1109 186 1166 libet
195 1109 318 1175 istorum
329 1107 448 1164 domiuo
462 1108 553 1181 Ducat
562 1107 773 1177 erunt,scilicet
782 1110 936 1167 duodecim

114 1198 252 1267 librae,vcl
268 1198 319 1271 qui
334 1197 394 1255 illis
410 1198 606 1255 successerint
620 1199 754 1256 reddant.
766 1199 886 1256 limata
900 1199 936 1256 ab

113 1288 193 1346 omni
209 1287 307 1344 debito
321 1286 413 1345 libera
427 1292 528 1355 manet
541 1291 570 1344 et
584 1287 690 1345 soluta.
702 1288 832 1345 Ecclesia
845 1291 937 1347 Kcncu

114 1452 235 1464 ...ι-

996 487 1083 545 terris
1099 491 1208 545 carent.

1030 576 1087 632 XL.
1103 577 1144 634 De
1158 577 1236 634 furto
1251 579 1462 654 redemptionis
1476 599 1535 639 non
1551 584 1585 640 llt
1599 586 1748 642 contentio
1771 605 1821 646 su-

993 682 1046 738 per
1060 665 1182 740 aliquid,
1193 667 1251 724 nisi
1265 668 1349 742 prius
1364 670 1452 728 luerit
1466 689 1564 730 monna
1574 676 1821 747 cumjuramento

994 753 1024 810 in
1039 756 1134 813 tribus
1148 755 1231 826 locis,
1248 757 1278 812 in
1294 758 1368 815 ostio
1389 761 1558 832 caemeterii,
1574 763 1604 818 in
1630 764 1705 822 ostio
1730 767 1824 824 eccle·

993 843 1053 915 sie,
1068 844 1098 900 in
1113 844 1187 902 ostio
1203 846 1284 902 chori
1299 864 1398 905 coram
1417 851 1587 922 presbytero
1610 852 1705 926 ipsius
1729 857 1821 915 eccle-

993 932 1053 1002 siae,
1069 938 1097 991 et
1107 934 1162 992 hcc
1178 936 1328 1010 presbyter
1343 937 1391 995 ille
1407 939 1437 994 in
1451 939 1558 1012 placito
1573 942 1684 1002 domini
1696 949 1822 1005 testatus

992 1022 1041 1093 sit,
1058 1024 1143 1096 cujus
1159 1026 1246 1082 verbo
1262 1028 1442 1085 credendum
1457 1034 1502 1087 est
1525 1034 1605 1088 tunc.
1622 1033 1662 1089 De
1687 1034 1766 1093 forto
1781 1037 1820 1110 (id

991 1120 1039 1181 ert,
1057 1113 1294 1188 communicatio)
1309 1117 1433 1192 Eysrvyn
1449 1136 1507 1176 non
1523 1120 1561 1177 sit
1575 1122 1723 1180 contentio
1735 1125 1820 1196 jura·

991 1203 1094 1272 menti,
1110 1202 1197 1260 idest
1211 1206 1293 1277 raith,
1307 1224 1397 1282 super
1419 1208 1541 1283 aliquid,
1558 1210 1616 1270 nisi
1632 1212 1716 1288 prins
1731 1215 1821 1273 luerit

990 1307 1090 1347 manac
1106 1310 1136 1348 ιιι
1152 1310 1244 1351 οιιιιιι.

731 1595 1205 1793 camunni

830 1837 992 1890 auctoru!
1014 1840 1100 1887 neuls

563 1982 785 2089 LEGES
806 1981 1370 2094 ECCLESIASTICAE

798 2183 900 2264 (Circa
913 2200 1031 2246 annum
1045 2185 1130 2268 etl.)

858 2334 1071 2364 ψ

228 2459 349 2529 TITULI
369 2454 627 2515 CAPITULORUM
648 2453 775 2511 Plavis
793 2457 816 2509 1.

110 2560 134 2612 l.
150 2557 192 2612 Dc
205 2554 272 2610 ottae
285 2552 410 2607 castitate
423 2562 519 2605 aarum
532 2547 581 2620 qui
594 2545 681 2602 accras
695 2545 854 2600 initiamur.

110 2651 147 2703 11.
164 2647 201 2702 lte
223 2642 336 2700 ἀιιίηιὶι
359 2647 385 2697 et
406 2654 489 2696 cauo
517 2635 778 2705 rubricationem
800 2635 936 2708 primitiis

144 2749 292 2794 sumtuum.

110 2829 160 2882 111.
175 2829 217 2881 De
231 2820 388 2879 homicidio.

111 2914 159 2970 lV.
175 2918 215 2972 lta
230 2928 260 2969 eo
276 2911 325 2984 qui
338 2908 487 2966 monialem
500 2906 645 2979 stuprarit,
660 2911 687 2962 et
698 2904 731 2962 dc
753 2903 898 2961 mutuno.

109 3003 145 3059 V.
161 3008 201 3062 De
212 3003 276 3077 scot
290 2999 501 3057 instauratione.

109 3092 159 3168 Vl.
175 3092 213 3148 lla
222 3090 423 3164 pejerantibus,
438 3095 464 3144 et
478 3088 514 3143 iia
529 3087 578 3158 qui
597 3083 713 3141 barbaro
736 3085 901 3157 factitarunt

145 3168 293 3254 sacrificia.

314 3271 396 3338 (Pars
411 3280 432 3324 ιι
448 3266 501 3322 buc
514 3265 588 3321 nibil
601 3265 730 3334 confert.)

217 3376 339 3440 'll'l'llbl
358 3371 614 3440 CAPITULORUM
634 3371 762 3430 Pauus
778 3371 827 3428 Ill.

110 3499 132 3555 l.
150 3494 356 3556 nebomicidrb.

109 3587 146 3645 11.
162 3587 244 3644 llaec
258 3585 307 3657 qui
334 3583 424 3639 alium
451 3579 618 3654 opposuerit
643 3579 674 3635 ia
696 3577 756 3636 aede
777 3594 867 3648 samu,
883 3586 935 3637 out

143 3675 242 3750 oppido
256 3674 341 3747 reqic.

144 3769 195 3821 111.
214 3770 252 3823 De
266 3777 369 3836 pupaae
382 3768 409 3819 et
419 3757 565 3819 homicidit
577 3758 697 3815 mulctis.

144 3854 192 3910 lV.
209 3853 393 3924 deturpatae
407 3851 502 3924 affusa.

144 3942 179 3997 V.
196 3941 306 4000 crusna
320 3942 388 4012 cpit,
404 3938 550 4012 quodcum
569 3937 600 3993 ia
621 3936 804 4011 predicando
826 3939 935 4010 turibus

110 4031 276 4105 adjuocrtat.

406 4133 497 4191 PARS
517 4133 641 4191 PRIMA.

435 4238 614 4281 nnomuruu.

146 4314 321 4372 Edmundue
336 4328 387 4370 rex
402 4311 466 4384 ipso
481 4310 606 4370 solemni
622 4309 773 4369 Paschatis
786 4311 860 4368 festo
876 4312 935 4369 fre·

111 4408 250 4480 quantem
261 4402 458 4472 Londini,tam
469 4400 736 4459 ecclesiasticorum
750 4417 839 4474 quam
849 4401 936 4459 laico-

63 4498 67 4513 '
111 4511 188 4562 rum,
205 4497 312 4550 ooetum
342 4490 509 4559 celebravit,
530 4489 577 4546 cui
600 4489 797 4547 interfuerunt
818 4491 890 4560 Odo,
907 4495 936 4547 et

109 4583 272 4641 Vulstanus
287 4578 669 4654 archipraesubplurimique
683 4578 733 4636 alii
747 4579 888 4654 episcopi,
904 4585 936 4636 ut

112 4689 278 4730 ³⁰¹¹¹¹⁰¹¹¹m
293 4673 456 4743 ⁸¹¹⁰r¹¹mr⁰t
470 4687 572 4728 ⁰⁰l¹¹m
588 4686 722 4727 ΟΜΝΗ]
737 4686 788 4744 ‘1¹¹¹
803 4687 845 4727 ⁸¹⁸
859 4681 947 4750 ‘ium
990 4697 1134 4773 significo,
1152 4715 1198 4754 me
1212 4714 1229 4753 a
1244 4697 1450 4757 scientissimis
1463 4698 1544 4772 regni
1560 4699 1616 4756 mei
1642 4699 1672 4755 in
1697 4699 1816 4770 celebri,

112 4765 191 4833 snat,
209 4760 413 4819 consuleretur
426 4759 525 4819 saluti.

428 4876 618 4934 casleoca.

947 2457 971 2523 Β
1022 2457 1057 2514 ll.
1074 2456 1259 2517 Christianus
1275 2459 1402 2532 quisque
1425 2460 1555 2520 decimas
1579 2463 1729 2544 seminum
1754 2467 1819 2540 pri·

991 2547 1090 2608 mitiss
1106 2565 1321 2622 nummumque
1332 2547 1595 2624 eleemosynarium
1606 2554 1692 2612 illum
1704 2556 1820 2631 religio-

990 2653 1023 2695 se
1036 2637 1173 2713 pendito;
1188 2639 1238 2711 qui
1254 2655 1313 2696 non
1328 2638 1458 2712 solverit,
1472 2642 1630 2700 anathema
1645 2648 1719 2702 esto.

1024 2728 1074 2785 Ill.
1085 2728 1114 2784 Si
1130 2728 1197 2801 quis
1208 2727 1337 2786 hominis
1352 2727 1509 2789 Christiani
1519 2732 1694 2806 sanguinem
1704 2736 1817 2794 elluds·

989 2818 1038 2886 rit,
1053 2818 1089 2874 ad
1115 2817 1228 2891 regium
1251 2821 1441 2892 conspectum
1463 2820 1529 2892 (etsi
1553 2820 1580 2878 ei
1603 2823 1745 2898 servierit)
1759 2843 1818 2887 non

989 2907 1196 2975 admittitor,ni
1211 2905 1293 2980 prius
1307 2906 1337 2962 id
1352 2908 1481 2978 sceleris,
1493 2910 1578 2982 juxta
1592 2928 1627 2968 ao
1641 2913 1730 2970 luerit
1740 2915 1766 2971 ei
1778 2916 1815 2972 ab

989 2997 1125 3072 episcopo
1140 2996 1328 3072 imperatum,
1345 2999 1552 3073 compensarit.

1024 3085 1072 3144 IV.
1088 3087 1119 3144 Si
1135 3086 1203 3160 quis
1218 3085 1377 3145 monialem
1393 3087 1530 3163 stuparit,
1541 3094 1594 3147 aut
1607 3090 1704 3159 instar
1716 3093 1816 3153 homi·

989 3176 1059 3233 cide
1074 3180 1272 3249 compensato,
1288 3179 1339 3232 aut
1354 3193 1439 3235 sacra
1457 3177 1608 3252 sepultura
1632 3181 1816 3256 prohibetor.

989 3267 1068 3323 idem
1078 3264 1158 3338 juris
1172 3268 1244 3335 estc,
1260 3265 1285 3322 ei
1301 3265 1369 3338 quis
1381 3266 1524 3348 adulterio
1538 3270 1696 3340 commisso
1711 3275 1816 3348 conjn-

988 3356 1070 3429 glum
1080 3353 1204 3411 violarit.

1023 3443 1057 3500 V.
1074 3444 1236 3518 Episcopus
1252 3443 1348 3502 omnis
1364 3444 1426 3501 suis
1449 3445 1543 3520 ipsius
1567 3449 1740 3522 sumptibus
1765 3452 1816 3510 do-

988 3550 1071 3591 mum
1086 3533 1137 3590 Dei
1151 3533 1327 3603 instaurato,
1343 3551 1500 3608 regemque
1514 3536 1550 3593 dc
1575 3536 1697 3611 reliquis
1722 3543 1818 3600 snoris

989 3623 1100 3681 edibus
1115 3621 1157 3692 (id
1172 3622 1250 3695 quod
1265 3622 1349 3679 valde
1363 3626 1408 3681 est
1422 3626 1633 3701 necessarium)
1650 3631 1818 3704 composite

989 3713 1128 3771 ornandis
1140 3715 1335 3768 commoneto.

950 3832 972 3901 G
1026 3802 1073 3860 Vl.
1089 3803 1143 3870 Qui
1159 3801 1327 3876 pejerarint,
1342 3806 1395 3859 aut
1409 3802 1534 3863 barbara
1548 3804 1711 3864 factitarint
1722 3810 1818 3867 sacri·

967 3893 1067 3964 licia,
1083 3891 1190 3948 divinis
1213 3892 1351 3951 omnibus
1376 3892 1418 3965 [ni
1442 3894 1524 3954 ocius
1547 3895 1735 3970 resipuerint,
1751 3899 1819 3957 nni·

989 3998 1130 4055 mumque
1159 3981 1190 4038 in
1216 3981 1323 4039 melius
1346 3982 1541 4052 emendarint]
1566 3990 1744 4059 perpetuum
1768 4006 1817 4047 ar·

989 4076 1099 4130 cantor.

1024 4163 1142 4234 (Omissa
1154 4168 1193 4218 cst
1203 4177 1269 4234 pars
1283 4161 1420 4230 amande,
1430 4163 1497 4236 quio
1511 4163 1547 4220 cd
1560 4180 1603 4221 rer
1616 4167 1818 4226 melancolicus

988 4253 1180 4324 maspecut.)

1273 4340 1363 4398 PARS
1382 4341 1526 4399 TERTIA.

1314 4448 1487 4489 rnooeuruu.

1024 4521 1083 4595 Ego
1098 4520 1272 4578 Edmundus
1290 4536 1341 4577 rea
1362 4520 1500 4578 omnibus
1524 4522 1575 4594 qui
1599 4523 1629 4578 in
1655 4521 1768 4579 ditione
1783 4541 1817 4581 ac

989 4612 1132 4684 potestate
1157 4625 1223 4666 mea
1245 4612 1325 4677 sunt,
1342 4610 1462 4667 senibus
1487 4627 1519 4667 ac
1544 4610 1716 4681 juvenibus,
1738 4610 1818 4669 clare

989 4793 1050 4846 tam
1066 4785 1331 4846 ecclesiasticorum
1354 4805 1445 4862 quam
1470 4787 1611 4846 laicorum
1640 4789 1817 4861 frequentia,

990 4877 1122 4935 studiose
1137 4877 1334 4950 requisivisse,
1352 4894 1409 4951 quo
1424 4878 1543 4935 tandem
1555 4880 1639 4951 pacto
1650 4876 1819 4936 Christiana

147 4974 170 5027 1.
187 4968 335 5043 inprimis,
352 4966 403 5040 qui
418 4966 511 5049 qacris
526 4969 596 5022 sunt
610 4964 818 5039 initiati,atque
828 4967 935 5039 exqui·
990 4965 1196 5041 proveheretur
1210 4965 1293 5025 fides.
1306 4968 1400 5039 Atque
1416 4966 1501 5024 nobis
1519 4966 1658 5024 omnibus
1683 4983 1818 5025 commo-

111 5061 168 5117 bus
183 5057 311 5134 populus
326 5056 378 5114 Dei
392 5056 510 5113 vidctis
524 5054 691 5129 exemplum
707 5057 803 5128 petere
820 5056 938 5113 debebit
990 5056 1148 5113 dissimum
1163 5054 1260 5112 visum
1273 5059 1328 5124 est,
1344 5059 1378 5112 ut
1393 5072 1523 5114 amorem
1539 5072 1572 5111 ac
1588 5058 1725 5114 mutuam
1740 5055 1818 5117 inter

112 5150 148 5207 ad
164 5149 354 5218 imitandum,
370 5148 450 5204 caste
465 5146 508 5220 (ut
522 5161 624 5202 eorum
639 5145 711 5201 ierat
724 5145 835 5201 ordinis
851 5146 937 5216 ratio)
990 5160 1093 5203 omnes
1108 5142 1338 5201 benevolentiam
1348 5162 1399 5218 per
1408 5162 1524 5202 omnem
1534 5144 1675 5202 ditionem
1684 5151 1816 5204 nostram

112 5239 173 5296 sive
182 5238 249 5309 viri,
265 5238 325 5296 sive
341 5236 480 5294 mulieres
492 5235 611 5302 luerint,
627 5233 717 5291 vitam
732 5235 910 5292 traducunto
928 5253 934 5292 :
952 5213 975 5279 ⁰
990 5235 1150 5292 foveamus.
1164 5232 1279 5289 Etenim
1302 5251 1357 5291 nos
1380 5251 1483 5291 omnes
1495 5234 1601 5291 harum
1616 5234 1705 5291 tedet
1719 5236 1816 5310 quoti·

113 5328 159 5385 sin
186 5328 286 5386 minus
310 5327 339 5383 id
366 5325 497 5394 iecerint,
514 5327 602 5398 prout
628 5322 748 5379 illorum
772 5340 804 5380 se
827 5319 937 5380 habent
990 5323 1145 5380 dianarum
1169 5325 1389 5395 pugnarumet
1410 5327 1564 5397 propterea
1587 5323 1624 5381 ad
1649 5322 1729 5381 huno
1755 5340 1817 5383 mo-

113 5432 232 5486 normae,
248 5417 425 5490 plectuntor,
441 5414 522 5472 omni
547 5411 659 5471 scilicet
681 5429 736 5470 sua
750 5405 936 5486 possessione
990 5413 1061 5469 dum
1076 5409 1246 5469 statuimus.

112 5509 228 5564 terrem
253 5504 415 5564 multantor
434 5505 502 5577 vivi,
518 5507 547 5560 et
570 5503 639 5576 (nisi
665 5518 762 5560 mores
783 5502 813 5558 in
830 5501 936 5558 melius
1309 5500 1494 5560 cabirum.

113 5593 344 5666 emendaverint)
357 5594 465 5653 mortui
480 5590 934 5666 sacroprohibentorscpnltura.
1027 5591 1047 5647 l.
1065 5589 1094 5647 Si
1111 5589 1178 5661 quis
1193 5588 1284 5648 alium
1300 5591 1422 5664 posthac
1443 5590 1630 5662 interfecerit,
1645 5589 1729 5652 solus
1750 5608 1819 5653 oum
