3878 6098
139 312 193 377 rei
465 366 468 371 .
648 284 892 382 aeiseonuu
916 318 1049 382 ιιιῑιιιιιι
1073 319 1345 386 coniunctam.
1787 328 1847 401 esu

142 449 312 519 abbatissis,
322 450 490 522 comitibus,
502 455 532 510 et
546 451 641 510 vassis
657 451 775 522 nostris,
788 470 839 510 seu
855 452 968 510 cunctis
982 453 1011 521 Α
1025 455 1111 514 nobis
1136 455 1316 531 adportetur.
1332 458 1391 535 lpsi
1415 464 1514 520 autom
1543 461 1675 525 intldelcs
1705 472 1796 528 nostri
1818 471 1849 531 iu

142 541 188 598 lici
202 546 232 598 ct
248 541 359 601 nostrie
382 541 520 600 fidelihus
535 542 564 599 ιιι
581 559 670 618 regno
686 542 862 617 burgundia
875 541 972 600 consi·
1026 550 1126 602 nostro
1142 563 1231 621 reguo
1245 547 1343 606 locum
1359 550 1466 609 habam
1488 569 1546 611 non
1572 555 1789 628 permittantur.
1806 560 1851 620 Si·

141 632 302 701 stantibus,
318 631 455 690 salutem.
471 633 615 691 Volumus
634 638 663 689 et
685 650 821 707 expresso
843 633 973 706 praecipi·
1027 634 1136 692 militer
1151 642 1181 694 et
1191 637 1226 694 dc
1238 641 1545 700 commendationibus
1556 646 1755 717 quarumlibet
1765 648 1854 708 lacul-

138 737 209 777 mus
225 726 261 777 ut
275 720 305 776 in
321 719 367 777 his
382 738 447 794 quac
463 720 622 793 subjuncta
633 721 678 757 ¹²⁸⁹
699 725 769 777 sunt
783 720 971 792 exequendis,
1026 728 1121 782 tatum
1149 726 1193 782 vel
1224 730 1415 800 pecuniarum
1442 733 1591 801 hat;etsi
1609 736 1645 792 ad
1675 753 1775 794 oasam
1802 738 1855 797 Dei

136 814 164 865 et
178 809 293 867 inaliis
305 810 414 882 quaed
428 810 479 866 Dei
489 809 670 866 voluntatem
682 815 710 867 ct
721 814 828 866 sanctae
839 808 971 866 Ecclesia
1027 813 1138 887 aliquid
1154 819 1394 874 commendatum
1418 820 1536 889 babent,
1551 822 1616 896 ipsc
1640 824 1795 901 episcopus
1808 828 1855 887 eei

128 903 357 971 statum,atque
368 899 404 955 ad
417 903 548 955 nostram
564 898 733 955 fidelitatem
745 904 774 954 et
786 899 822 954 ad
837 903 971 955 nostrum
1026 908 1123 960 rector
1143 904 1271 962 ecclesia
1301 907 1351 964 irbi
1381 912 1591 968 commendata
1617 917 1765 984 cuntant
1795 916 1854 975 illis

127 987 393 1052 bonorem,acad
409 989 489 1062 regni
506 987 696 1057 soliditatem,
712 1005 825 1046 necnon
841 989 971 1045 adeum·
1026 993 1239 1065 praesentaliter
1262 993 1468 1069 inpraesentia
1496 999 1655 1059 missorum
1683 1007 1853 1063 nostrorum

123 1095 232 1134 mune
249 1076 380 1134 fidelium
401 1082 569 1133 nostrorum
585 1076 798 1134 salvamentum
814 1077 971 1151 pertinent,
1027 1082 1151 1138 reddant
1166 1083 1215 1155 qui
1231 1100 1280 1141 eus
1297 1087 1586 1156 commendaverunt,
1600 1094 1651 1146 aut
1665 1106 1763 1149 corum
1780 1093 1852 1151 mis·

123 1167 349 1240 unusquisque
375 1167 537 1223 secundum
567 1168 645 1240 quod
675 1184 728 1224 suo
757 1167 971 1224 ordinietsua
1026 1171 1068 1226 sis
1084 1171 1193 1228 nostris
1207 1172 1383 1247 sigillentur,
1395 1181 1424 1231 et
1445 1176 1500 1233 sub
1524 1177 1852 1253 sigillocustcdiuutur‚

109 1298 113 1305 .
120 1273 276 1329 persona
287 1255 437 1328 competit,
448 1255 513 1312 istis
527 1256 626 1314 missis
640 1257 749 1313 nostris
760 1256 928 1313 obedientes
943 1261 972 1313 ct
1026 1261 1117 1316 donec
1132 1261 1188 1335 ipsi
1204 1263 1322 1318 veniant
1337 1265 1447 1337 quiens
1461 1269 1748 1338 commendaverunt,
1764 1275 1793 1328 et
1806 1288 1853 1329 co·

96 1376 101 1381 ·
118 1348 295 1419 afflictores
311 1346 340 1401 in
354 1345 491 1403 omnibus
506 1346 649 1402 existatis.
1027 1366 1090 1405 rum
1107 1351 1206 1406 missis
1221 1353 1329 1408 nostris
1353 1353 1418 1409 illas
1433 1355 1585 1427 recipiant,
1602 1361 1630 1413 et
1650 1358 1771 1432 'ptriudc
1789 1360 1852 1418 dis-

171 1440 202 1494 1.
222 1437 262 1494 Ut
275 1436 352 1493 sicut
367 1436 459 1491 nostri
475 1435 608 1492 iutidcles
623 1440 652 1493 et
666 1453 838 1492 communes
855 1441 970 1492 contra·
1026 1438 1204 1512 triegontur,
1217 1445 1248 1496 ut
1265 1442 1301 1496 ad
1312 1442 1482 1499 fidelitatem
1508 1449 1639 1503 nostram
1654 1452 1683 1504 ct
1697 1449 1733 1505 ad
1749 1464 1850 1523 pacem

119 1527 167 1585 rii
188 1526 335 1584 nostrisa
359 1524 483 1582 invicem
508 1527 755 1582 confirmaverunt
778 1526 814 1582 ad
840 1529 970 1582 nostram
1026 1526 1154 1584 ecclesie
1170 1545 1203 1584 uc
1219 1529 1300 1603 regni
1315 1535 1505 1589 revertantur.

120 1615 390 1686 contrarietatem,
403 1617 436 1671 ut
455 1613 555 1670 nullus
578 1615 614 1670 de
629 1614 675 1671 his
691 1632 755 1687 que
771 1615 972 1671 considerave-
1061 1618 1089 1671 d.
1106 1617 1143 1673 Ut
1158 1618 1194 1674 dc
1210 1617 1328 1689 injustis
1341 1622 1623 1679 commutationibus
1638 1640 1702 1697 qua
1717 1626 1753 1682 cd
1769 1640 1854 1685 cusas
1916 1676 1919 1681 .

121 1708 199 1765 rint
216 1723 306 1762 suum
323 1720 422 1776 parem
436 1703 682 1776 discooperiatur]
700 1705 812 1776 prodat,
826 1721 919 1777 neque
935 1705 971 1760 ad
1027 1705 1077 1760 uei
1095 1706 1176 1762 lacte
1191 1712 1262 1763 sient
1277 1708 1340 1764 sino
1359 1708 1439 1782 regia
1457 1710 1639 1780 auctoritate,
1657 1712 1741 1770 missi
1761 1714 1854 1772 nost'ri

120 1796 271 1870 illaque
295 1793 455 1867 adimplere
467 1793 568 1850 volunt
579 1793 718 1859 dimittat,
731 1794 771 1850 ita
793 1794 894 1851 fidelos
919 1811 970 1850 uc·
986 1829 1011 1896 B
1027 1795 1189 1867 inquirant,
1201 1800 1229 1851 et
1243 1813 1294 1853 eus
1313 1798 1355 1832 ¹²l¹
1371 1797 1544 1868 dissolvant,
1561 1800 1637 1857 sicut
1660 1803 1690 1858 in
1714 1802 1854 1877 capitula·

124 1886 192 1945 stri
211 1904 244 1943 se
261 1885 436 1941 confirment
459 1884 495 1941 ad
519 1882 570 1940 Dei
584 1882 764 1940 voluntatem
787 1889 816 1940 et
840 1889 970 1940 nostram

124 1975 326 2039 fidelitatem,
337 1978 366 2029 et
381 1974 417 2029 ad
438 1973 579 2028 honorem
595 1976 624 2028 ct
641 1977 747 2029 sancte
763 1971 897 2029 Ecclesia
912 1977 971 2029 sta-

126 2071 216 2132 tum,
229 2069 261 2121 ot
275 2062 357 2136 regni
372 2060 538 2130 utilitatem,
550 2065 579 2117 et
592 2061 709 2117 illorum
721 2078 877 2118 commune
887 2063 972 2134 adju-

127 2153 252 2211 torium
268 2157 297 2208 et
311 2149 535 2207 salvamentum.
546 2151 582 2205 ut
596 2149 698 2206 nullus
713 2149 843 2206 fidelium
859 2156 973 2207 nostro·

131 2259 209 2300 rum
219 2240 398 2313 cuicumque
408 2238 519 2296 infideli
535 2245 635 2296 nostro
646 2256 832 2312 quocumque
844 2241 930 2296 modo
940 2258 971 2297 se

132 2331 314 2404 conjungat,
331 2329 425 2385 autin
442 2328 541 2401 aliquo
566 2330 668 2397 savoat,
681 2329 724 2385 vol
740 2330 769 2384 in
786 2346 972 2402 quacumque

134 2438 233 2479 musa
242 2419 275 2476 in
283 2435 342 2492 qua
355 2417 437 2474 illum
448 2418 591 2491 impedire
601 2419 728 2491 potuerit
739 2417 779 2473 illi
792 2423 902 2492 parcet,
914 2419 971 2475 nisi

133 2509 243 2567 statim
261 2507 298 2563 ad
314 2506 486 2563 fidelitatem
503 2511 634 2563 nostram
651 2524 681 2563 sc
694 2511 861 2563 convertere
874 2507 971 2564 roluc-

135 2600 188 2656 rit.
201 2599 240 2654 Et
255 2596 280 2653 si
294 2614 345 2669 pro
364 2600 443 2652 certo
462 2612 637 2669 cognoscere
661 2596 857 2670 potuerit,qui
873 2601 973 2653 contra

134 2688 224 2745 istud
241 2684 404 2759 capitulum
425 2684 536 2755 iecerit,
552 2702 610 2741 nou
630 2685 713 2742 nobis
730 2685 812 2743 celet.
830 2687 862 2741 lit
876 2687 901 2742 si
917 2687 972 2742 ali·

136 2777 212 2851 quis
227 2775 363 2846 audierit,
376 2776 453 2847 quod
480 2774 541 2848 pari
559 2792 613 2830 suo
628 2775 706 2831 lideli
722 2780 821 2832 nostro
845 2776 972 2832 necessi·

135 2870 187 2922 tas
204 2863 334 2922 evenerit
348 2869 399 2920 ent
413 2863 527 2920 evenire
543 2865 647 2919 debeat
662 2864 697 2920 ad
714 2865 912 2921 resistendum
928 2865 972 2920 in·

136 2954 222 3011 tideli
237 2957 350 3020 nostro,
363 2970 419 3009 non
432 2957 561 3025 expectet
572 2957 604 3008 ut
617 2953 660 3008 illi
676 2953 731 3009 hoc
743 2955 908 3022 mandetur,
920 2955 971 3010 sod

138 3044 248 3101 statim
264 3043 305 3098 sit
320 3047 509 3114 praeparatus,
531 3041 608 3097 sicut
633 3042 682 3097 Dei
709 3041 803 3097 fidelis
818 3047 847 3098 et
862 3047 971 3109 noster,

1027 1883 1109 1940 ribus
1125 1884 1169 1940 avi
1184 1888 1213 1940 et
1227 1885 1319 1957 patris
1335 1887 1427 1942 nostri
1442 1888 1617 1945 continetur.
1629 1891 1665 1946 nt
1688 1891 1713 1948 si
1738 1897 1854 1965 mortua

1027 1989 1133 2029 uranus
1147 1973 1191 2029 vel
1206 1978 1383 2047 preceptum
1400 1975 1512 2047 regium
1528 1993 1677 2050 superous
1689 1978 1851 2052 interjacet,

1027 2062 1851 2140 describanturdiligenteratquefideliterqualitcrlacltc

1026 2155 1106 2218 sunt,
1124 2153 1153 2206 ot
1167 2151 1252 2207 nobis
1268 2152 1349 2207 missi
1371 2152 1463 2208 nostri
1484 2154 1668 2224 renuntient;
1683 2160 1713 2213 ct
1726 2152 1852 2231 signatis

1026 2237 1100 2312 ipsis
1114 2239 1275 2311 preceptis,
1291 2241 1368 2296 sicut
1387 2241 1432 2297 lex
1448 2242 1579 2299 llomaua
1596 2245 1734 2319 precipit,
1747 2247 1783 2303 ad
1799 2256 1851 2303 no-

1027 2332 1117 2384 stram
1135 2329 1319 2401 presentiam
1338 2330 1445 2385 deferri
1463 2331 1581 2399 iaciant,
1595 2333 1673 2389 sicut
1691 2333 1722 2389 in
1738 2334 1851 2408 capitu·

1026 2417 1138 2474 laribus
1153 2419 1372 2491 pmgenitorum
1389 2423 1555 2475 nostrorum
1572 2419 1748 2479 continetur.

1062 2510 1089 2562 7.
1107 2507 1189 2579 Quia,
1206 2511 1238 2562 ut
1262 2509 1470 2580 comperimus,
1482 2507 1582 2581 plures
1597 2510 1682 2567 nobis
1706 2511 1854 2584 petierunt

1027 2596 1137 2664 eladae,
1154 2601 1182 2653 ct
1197 2600 1327 2669 petentes
1352 2614 1466 2669 parum,
1484 2596 1551 2670 plus
1575 2599 1643 2655 indo
1664 2604 1851 2674 acceperunt,

1026 2686 1162 2741 volumus
1177 2691 1210 2741 ut
1222 2686 1305 2741 missi
1318 2687 1410 2742 nostri
1426 2685 1481 2742 hoc
1491 2687 1647 2761 diligenter
1658 2688 1812 2762 inquirant
1824 2694 1854 2748 ct

1027 2776 1205 2843 describant,
1217 2779 1246 2830 et
1261 2776 1341 2848 ipsos
1356 2775 1490 2831 homines
1503 2793 1571 2832 cum
1587 2778 1738 2851 praeceptis
1752 2779 1788 2834 ad
1805 2794 1853 2836 no·

1027 2868 1119 2919 strom
1134 2863 1319 2936 presentiam
1335 2864 1433 2920 venire
1448 2864 1565 2921 fociant.

1062 2958 1089 3008 8.
1106 2952 1142 3009 Ut
1158 2953 1242 3008 missi
1260 2953 1350 3009 nostri
1370 2953 1406 3009 de
1429 2953 1568 3010 omnibus
1592 2955 1729 3013 censibus
1744 2956 1787 3014 vel
1800 2974 1852 3032 po·

1028 3042 1174 3099 ravcrcdis
1189 3060 1264 3114 quos
1278 3042 1380 3099 Franci
1396 3043 1530 3099 homines
1546 3044 1581 3099 ud
1599 3044 1707 3117 regiam
1725 3049 1853 3119 potesta·

136 3136 177 3191 nd
194 3149 285 3189 suum
302 3148 402 3204 parem
426 3130 455 3185 iu
480 3135 580 3186 nostra
595 3129 735 3187 tidelitatc
760 3132 970 3203 adjuvandum,
1027 3134 1087 3187 tem
1102 3131 1248 3187 exsolvere
1262 3132 1378 3203 debent,
1395 3131 1555 3205 inquirant,
1572 3138 1601 3189 ct
1620 3133 1670 3195 ubi
1686 3150 1738 3208 per
1752 3134 1853 3208 neglc-

134 3229 166 3281 ct
182 3226 331 3295 quantum
348 3219 475 3292 potuerit
490 3236 610 3293 pergere
625 3221 752 3276 sustinet.
986 3204 1008 3270 C
1027 3225 1107 3276 ctum
1134 3220 1292 3277 dimissum
1316 3225 1369 3287 cst,
1381 3220 1489 3277 exsolvi
1513 3221 1672 3289 laetantui
1698 3222 1854 3298 diligenter

173 3316 204 3368 2.
221 3310 261 3368 ut
275 3327 378 3366 omnes
402 3310 453 3383 qui
478 3308 650 3369 fidelitatem
677 3310 764 3365 nobis
788 3310 883 3366 adhuc
907 3329 972 3383 pro·
1028 3310 1064 3365 de
1079 3308 1205 3381 singulis
1219 3309 1406 3366 comitatibus
1422 3315 1527 3366 cuncto
1542 3311 1718 3378 describant,
1729 3317 1758 3368 et
1769 3312 1855 3369 nobis

139 3403 270 3460 missum
286 3417 343 3456 non
366 3397 484 3466 habent,
498 3397 667 3455 fidelitatem
684 3399 768 3454 nobis
783 3400 973 3472 promittuut3
1028 3398 1208 3455 renuntient.
1226 3398 1367 3455 Similiter
1382 3403 1410 3454 et
1424 3399 1459 3454 de
1473 3399 1560 3454 terris
1572 3398 1616 3434 ¹¹⁴²
1630 3399 1808 3468 censalibus,
1824 3404 1855 3458 ct

141 3491 223 3548 sicut
240 3490 270 3544 in
284 3487 421 3562 capitulis
436 3488 481 3543 avi
497 3492 525 3543 ct
541 3487 632 3560 patris
649 3488 740 3544 nostri
757 3488 930 3544 continetur.
1028 3487 1065 3543 de
1081 3487 1169 3543 rebus
1185 3487 1220 3543 ad
1235 3504 1318 3542 casas
1334 3487 1383 3541 uei
1396 3486 1522 3553 traditis,
1534 3488 1611 3542 uude
1622 3504 1729 3545 censue
1739 3487 1775 3544 ad
1789 3504 1855 3562 par-

181 3582 209 3636 3.
227 3578 329 3651 utqui
345 3577 513 3634 fidelitatem
535 3577 620 3633 nobis
641 3577 848 3650 promiserunt,
865 3581 975 3651 etpost
1029 3581 1088 3631 tem
1106 3575 1183 3648 regis
1198 3575 1285 3630 exivit
1306 3574 1480 3647 antiquitus.
1496 3574 1571 3631 Etsi
1595 3575 1701 3650 aliquis
1725 3575 1855 3650 uliqudm

142 3669 218 3727 illud
233 3671 452 3724 sacramentum
467 3683 501 3722 ac
516 3665 649 3722 inlidclcs
663 3670 779 3723 nostros
794 3666 824 3721 ιιι
840 3671 972 3722 nostrum
1028 3664 1234 3720 auctoritatem
1254 3663 1364 3735 regiam
1390 3664 1458 3718 indo
1481 3663 1652 3732 ostenderit,
1663 3666 1699 3720 ad
1722 3669 1854 3724 nustrdm

145 3760 289 3816 damnum
306 3774 338 3814 sc
359 3757 583 3827 conjunxerunt,
606 3756 769 3828 proprietas
795 3754 913 3812 illorum
943 3756 973 3812 iu
1028 3753 1214 3825 presentiam
1229 3751 1324 3823 ipsam
1338 3751 1541 3808 auctoritatem
1557 3751 1662 3808 deterri
1676 3752 1805 3817 iaciant.¹

148 3853 282 3905 nostrum
298 3844 542 3902 indominicatum
564 3845 732 3917 recipiatur,
743 3845 835 3901 donec
850 3845 907 3919 ipsi
923 3863 974 3918 pcr
1062 3842 1090 3896 9.
1107 3843 1310 3911 (desummo.
1326 3842 1383 3909 aa.)
1399 3842 1434 3898 Ut
1453 3840 1535 3896 missi
1553 3840 1653 3915 nostri·
1668 3842 1704 3897 de
1727 3840 1800 3899 locis
1816 3844 1852 3900 ad

151 3938 338 4009 fidejussores
354 3935 382 3990 in
399 3939 529 3991 nostram
544 3935 729 4007 presentiam
744 3934 871 3991 veniant.
1028 3930 1156 3987 claustra
1167 3929 1374 3986 canonicorum
1384 3928 1428 3984 vel
1444 3928 1724 3997 monachorum,ubi
1735 3946 1855 3990 necesse

182 4029 207 4083 4.
224 4025 262 4083 Ut
277 4024 376 4081 nullus
392 4023 554 4080 infidelium
567 4025 611 4059 ¹²⁸⁰
627 4028 804 4092 nostrorum,
822 4024 872 4096 qui
888 4022 972 4080 liberi
1028 4019 1126 4087 fucrit,
1139 4019 1638 4091 nostroauctoritatcexscquantur,
1650 4019 1726 4076 sicut
1736 4021 1766 4076 in
1777 4022 1855 4095 capi·

148 4115 281 4172 homines
316 4118 399 4182 suut,
429 4114 458 4168 in
489 4118 588 4169 nostro
626 4130 714 4185 regno
750 4113 900 4169 immorari
930 4113 972 4169 rel
1027 4109 1175 4165 tutoribus
1191 4108 1236 4165 avi
1252 4113 1280 4164 et
1295 4109 1387 4182 petris
1402 4107 1495 4165 nostri
1510 4109 1684 4166 continetur.

149 4205 355 4279 proprietatem
377 4203 483 4259 habere
508 4202 702 4275 permittatur,
721 4203 778 4258 nisi
803 4201 973 4258 fidelitatem
1065 4192 1107 4254 tu.
1120 4198 1196 4270 (Cup.
1209 4197 1265 4269 tu.)
1278 4197 1313 4253 lit
1323 4198 1358 4253 dc
1375 4197 1461 4255 nonis
1476 4201 1504 4254 et
1518 4198 1642 4254 decimis
1656 4199 1692 4254 od
1705 4215 1789 4256 casae
1803 4200 1853 4257 Dei

151 4295 232 4351 nobis
248 4292 425 4366 promiserit,
441 4297 470 4348 et
486 4297 586 4348 noster
600 4296 652 4347 aut
668 4291 758 4347 nostri
776 4291 871 4348 fidelis
885 4291 973 4348 homo
1029 4287 1185 4344 reddundis
1201 4286 1284 4343 missi
1305 4286 1398 4343 nostri
1423 4292 1629 4360 exsequantur,
1647 4286 1724 4343 sicut
1738 4286 1767 4342 in
1781 4304 1853 4361 pra-

151 4383 292 4439 devcniat.
1028 4378 1096 4434 latis
1111 4376 1324 4450 capitularibus
1340 4375 1516 4433 continetur.

182 4473 209 4528 5.
227 4472 263 4528 ut
286 4470 342 4526 illa
368 4469 539 4527 traditiones
556 4468 672 4541 injusta
687 4473 715 4526 et
731 4486 748 4525 a
763 4468 870 4526 nostris
896 4474 975 4526 ante·
1064 4469 1108 4524 tl.
1126 4467 1195 4540 (cup.
1213 4468 1271 4536 85.)
1284 4465 1364 4521 litde
1380 4482 1437 4520 uno
1453 4480 1556 4520 manso
1571 4463 1607 4520 ad
1622 4461 1775 4519 eccleslem
1787 4462 1855 4520 dato

151 4558 316 4617 sessoribus
329 4562 416 4631 atqrrc
431 4576 448 4615 a
464 4557 548 4614 nobis
562 4557 724 4631 prohibitae,
737 4576 801 4631 quae
813 4559 976 4615 factasunt
991 4572 1013 4639 Ι)
1029 4556 1128 4613 nullus
1143 4574 1249 4612 census
1274 4570 1368 4625 ncqrm
1391 4551 1495 4608 caballi
1515 4555 1617 4624 pastus
1646 4568 1663 4608 a
1690 4550 1856 4610 senioribus

151 4655 198 4705 aut
220 4647 396 4704 mulieribus
419 4652 470 4704 aut
494 4645 639 4703 matribus
665 4651 717 4702 aut
738 4647 976 4721 quibuscumque
1031 4647 1066 4702 dc
1082 4643 1258 4717 presbyteris
1274 4643 1449 4714 requiratur,
1464 4639 1542 4697 sicut
1557 4639 1586 4696 in
1602 4641 1721 4714 prelato
1744 4641 1856 4717 capitu·

151 4738 339 4810 personisut
354 4735 474 4792 liberius
496 4735 552 4809 ipsi
576 4735 731 4792 traditores
755 4740 886 4792 nostram
909 4736 975 4792 insi·
1031 4733 1086 4790 lari
1101 4732 1277 4789 continetur.
1295 4731 1351 4786 Sed
1367 4747 1460 4803 neque
1486 4730 1522 4786 dc
1544 4729 1663 4787 terrulis
1688 4747 1722 4788 ac
1736 4729 1857 4790 vinealis

151 4827 301 4883 delitatcm
318 4826 456 4898 perticere
471 4825 594 4897 possint,
608 4826 659 4880 aut
678 4829 710 4879 ut
724 4823 871 4896 justitiam
889 4825 918 4881 in
934 4843 978 4882 co·
1032 4840 1085 4896 pro
1096 4821 1158 4878 loco
1170 4819 1326 4894 sepultura
1341 4819 1377 4875 ad
1388 4819 1506 4876 eusdem
1517 4817 1751 4889 ecclesiusdatis,
1763 4836 1858 4893 nequo

152 4915 305 4973 mitatibus
316 4930 374 4970 non
389 4914 521 4981 reddant,
536 4918 675 4985 tanquam
688 4913 769 4969 lacta
785 4931 842 4969 non
859 4914 977 4982 luerint,
1033 4912 1068 4967 dc
1084 4908 1215 4977 decimis,
1226 4909 1302 4964 sicut
1313 4908 1342 4963 in
1356 4908 1518 4964 canonibus
1530 4913 1558 4964 ot
1569 4910 1598 4964 ιιι
1611 4908 1738 4982 praelatis
1747 4909 1858 4982 capitu·

152 5020 201 5076 pm
217 5003 312 5060 nihilo
328 5002 500 5059 habeantur.
516 5003 552 5057 ut
567 5003 643 5059 sicut
663 5001 718 5074 ipsi
738 5002 818 5074 ipsos
835 5002 934 5059 alodes
949 5003 978 5058 in
1034 4999 1146 5056 laribus
1163 4997 1337 5054 continetur.
1351 4997 1426 5069 (Cep.
1442 4998 1545 5068 84.)ss
1561 4997 1610 5054 ubi
1625 4997 1776 5053 inventum
1793 4997 1857 5052 lue·

156 5110 207 5150 sua
222 5109 314 5149 manu
338 5092 512 5158 tenuissent,
525 5091 566 5147 ita
580 5091 616 5146 de
632 5090 705 5164 ipsis
724 5090 858 5147 alodibus
869 5093 929 5147 liat.
946 5093 981 5148 Et
1035 5090 1072 5146 rit
1082 5094 1111 5145 ct
1123 5106 1139 5144 a
1150 5087 1250 5144 missis
1265 5086 1470 5158 nostris,quod
1487 5087 1616 5143 seniores
1630 5086 1693 5141 sino
1708 5083 1859 5142 censcien-

154 5182 177 5238 si
192 5199 246 5239 nec
262 5183 306 5237 ita
319 5181 356 5236 ud
376 5179 547 5236 fidelitatem
563 5184 694 5235 nostram
710 5181 812 5235 autad
832 5180 980 5251 justitiam
1034 5180 1076 5236 tia
1087 5177 1292 5251 cpiscoporum
1304 5176 1489 5248 presbyteros
1500 5177 1535 5231 dc
1545 5173 1676 5231 ecclesiis
1686 5173 1860 5247 ejiciuntvcl

152 5269 331 5328 reddendam
344 5269 450 5326 adduci
462 5268 683 5342 potuerint‚ipsi
697 5267 796 5325 alodes
807 5268 836 5324 ιιι
848 5274 981 5325 nostrum
1036 5269 1066 5325 in
1082 5266 1213 5324 ecclesiis
1231 5269 1376 5331 statuunt,
1388 5264 1472 5320 missi
1488 5263 1579 5320 nostri
1595 5263 1672 5319 sicut
1687 5261 1717 5318 in
1732 5263 1861 5337 pronus

151 5358 366 5417 dominicatum
377 5358 597 5431 recipiantur,et
606 5366 685 5414 certa
697 5357 814 5414 illorum
824 5359 981 5431 descriptio
1036 5355 1247 5432 capitularibus
1259 5353 1433 5420 continetur,
1442 5352 1510 5408 inde
1521 5352 1681 5409 iaciantllt
1689 5350 1817 5426 episcopi
1825 5350 1861 5410 dc

832 5501 951 5560 l'hltlAE
971 5500 1183 5561 Lacrlon'ns.

187 5626 427 5697 ιιἰἐιιιιιεοιιιιι
467 5624 791 5683 1ἰθιιιιιιιιιιιιιιιιιιιιι.
832 5624 1263 5700 Πιιιοιῑιιιιιιιιι,ιιιοιεδιίιη.
1303 5616 1507 5674 ¹²⁸²cctcrisl.
