<?xml version="1.0" encoding="UTF-8"?>
<!DOCTYPE html PUBLIC "-//W3C//DTD XHTML 1.0 Transitional//EN"
    "http://www.w3.org/TR/xhtml1/DTD/xhtml1-transitional.dtd">
<html xmlns="http://www.w3.org/1999/xhtml" xml:lang="en" lang="en">
 <head>
  <title>
</title>
<meta http-equiv="Content-Type" content="text/html;charset=utf-8" />
  <meta name='ocr-system' content='tesseract 3.04.00' />
  <meta name='ocr-capabilities' content='ocr_page ocr_carea ocr_par ocr_line ocrx_word'/>
</head>
<body>
  <div class='ocr_page' id='page_1' title='image "./patrologiaecurs24unkngoog/patrologiaecurs24unkngoog_0627.png"; bbox 0 0 3878 6098; ppageno 0'>
   <div class='ocr_carea' id='block_1_1' title="bbox 161 289 1869 361">
    <p class='ocr_par' dir='ltr' id='par_1_1' title="bbox 161 289 1869 361">
     <span class='ocr_line' id='line_1_1' title="bbox 161 289 1869 361; baseline -0.004 0"><span class='ocrx_word' id='word_1_1' title='bbox 161 296 240 361; x_wconf 64' lang='lat' dir='ltr'><strong>lili</strong></span> <span class='ocrx_word' id='word_1_2' title='bbox 552 293 721 356; x_wconf 78' lang='lat' dir='ltr'><strong>Arrana.</strong></span> <span class='ocrx_word' id='word_1_3' title='bbox 744 293 796 355; x_wconf 83' lang='lat' dir='ltr'><strong>Ab</strong></span> <span class='ocrx_word' id='word_1_4' title='bbox 819 290 912 356; x_wconf 84' lang='lat' dir='ltr'><strong>SAEG.</strong></span> <span class='ocrx_word' id='word_1_5' title='bbox 934 290 973 353; x_wconf 87' lang='lat' dir='ltr'><strong>X.</strong></span> <span class='ocrx_word' id='word_1_6' title='bbox 987 320 1027 342; x_wconf 89' lang='lat'><strong>··-</strong></span> <span class='ocrx_word' id='word_1_7' title='bbox 1041 289 1293 358; x_wconf 79' lang='lat' dir='ltr'><strong>MONUMENTA</strong></span> <span class='ocrx_word' id='word_1_8' title='bbox 1313 293 1473 360; x_wconf 81' lang='lat' dir='ltr'><strong>LITURG.</strong></span> <span class='ocrx_word' id='word_1_9' title='bbox 1791 291 1869 356; x_wconf 77' lang='lat' dir='ltr'><strong>tata</strong></span> 
     </span>
    </p>
   </div>
   <div class='ocr_carea' id='block_1_2' title="bbox 110 423 1870 2010">
    <p class='ocr_par' dir='ltr' id='par_1_2' title="bbox 110 423 1869 772">
     <span class='ocr_line' id='line_1_2' title="bbox 110 423 1867 505; baseline -0.003 -18"><span class='ocrx_word' id='word_1_10' title='bbox 110 442 121 469; x_wconf 83' lang='lat'><strong>·</strong></span> <span class='ocrx_word' id='word_1_11' title='bbox 197 430 340 505; x_wconf 86' lang='lat' dir='ltr'><strong>Lugduno</strong></span> <span class='ocrx_word' id='word_1_12' title='bbox 363 425 441 485; x_wconf 89' lang='lat' dir='ltr'><strong>beati</strong></span> <span class='ocrx_word' id='word_1_13' title='bbox 455 425 600 484; x_wconf 76' lang='lat' dir='ltr'><strong>Antiochii</strong></span> <span class='ocrx_word' id='word_1_14' title='bbox 625 425 764 498; x_wconf 90' lang='lat' dir='ltr'><strong>episcopi.</strong></span> <span class='ocrx_word' id='word_1_15' title='bbox 785 430 818 481; x_wconf 90' lang='lat' dir='ltr'><strong>In</strong></span> <span class='ocrx_word' id='word_1_16' title='bbox 843 424 988 483; x_wconf 86' lang='lat' dir='ltr'><strong>territorio</strong></span> <span class='ocrx_word' id='word_1_17' title='bbox 1001 428 1029 494; x_wconf 73' lang='lat' dir='ltr'><strong>A</strong></span> <span class='ocrx_word' id='word_1_18' title='bbox 1079 426 1167 484; x_wconf 88' lang='lat' dir='ltr'><strong>Marci</strong></span> <span class='ocrx_word' id='word_1_19' title='bbox 1183 426 1310 501; x_wconf 81' lang='lat' dir='ltr'><strong>episcopi</strong></span> <span class='ocrx_word' id='word_1_20' title='bbox 1326 430 1356 485; x_wconf 91' lang='lat' dir='ltr'><strong>et</strong></span> <span class='ocrx_word' id='word_1_21' title='bbox 1379 425 1526 502; x_wconf 72' lang='lat' dir='ltr'><strong>martyris.</strong></span> <span class='ocrx_word' id='word_1_22' title='bbox 1539 424 1623 501; x_wconf 90' lang='lat' dir='ltr'><strong>Apud</strong></span> <span class='ocrx_word' id='word_1_23' title='bbox 1647 423 1867 500; x_wconf 88' lang='lat' dir='ltr'><strong>Adrianopolim</strong></span> 
     </span>
     <span class='ocr_line' id='line_1_3' title="bbox 197 514 1869 591; baseline -0.004 -14"><span class='ocrx_word' id='word_1_24' title='bbox 197 519 333 577; x_wconf 82' lang='lat' dir='ltr'><strong>[ternensi</strong></span> <span class='ocrx_word' id='word_1_25' title='bbox 348 517 443 575; x_wconf 92' lang='lat' dir='ltr'><strong>natale</strong></span> <span class='ocrx_word' id='word_1_26' title='bbox 458 522 486 585; x_wconf 87' lang='lat' dir='ltr'><strong>S,</strong></span> <span class='ocrx_word' id='word_1_27' title='bbox 502 515 599 573; x_wconf 88' lang='lat' dir='ltr'><strong>Basuli</strong></span> <span class='ocrx_word' id='word_1_28' title='bbox 617 514 777 587; x_wconf 81' lang='lat' dir='ltr'><strong>presbyteri</strong></span> <span class='ocrx_word' id='word_1_29' title='bbox 790 520 818 570; x_wconf 92' lang='lat' dir='ltr'><strong>et</strong></span> <span class='ocrx_word' id='word_1_30' title='bbox 838 515 984 571; x_wconf 86' lang='lat' dir='ltr'><strong>contesso-</strong></span> <span class='ocrx_word' id='word_1_31' title='bbox 1075 518 1204 574; x_wconf 80' lang='lat' dir='ltr'><strong>Trachis</strong></span> <span class='ocrx_word' id='word_1_32' title='bbox 1220 519 1316 575; x_wconf 87' lang='lat' dir='ltr'><strong>natale</strong></span> <span class='ocrx_word' id='word_1_33' title='bbox 1339 523 1387 574; x_wconf 86' lang='lat' dir='ltr'><strong>SS.</strong></span> <span class='ocrx_word' id='word_1_34' title='bbox 1403 517 1529 591; x_wconf 88' lang='lat' dir='ltr'><strong>Philippi</strong></span> <span class='ocrx_word' id='word_1_35' title='bbox 1545 517 1685 590; x_wconf 86' lang='lat' dir='ltr'><strong>episcopi,</strong></span> <span class='ocrx_word' id='word_1_36' title='bbox 1697 515 1817 574; x_wconf 74' lang='lat' dir='ltr'><strong>Eusebii</strong></span> <span class='ocrx_word' id='word_1_37' title='bbox 1842 519 1869 571; x_wconf 87' lang='lat' dir='ltr'><strong>et</strong></span> 
     </span>
     <span class='ocr_line' id='line_1_4' title="bbox 196 603 1868 678; baseline -0.003 -12"><span class='ocrx_word' id='word_1_38' title='bbox 196 609 248 667; x_wconf 89' lang='lat' dir='ltr'><strong>ris.</strong></span> <span class='ocrx_word' id='word_1_39' title='bbox 268 607 434 665; x_wconf 77' lang='lat' dir='ltr'><strong>Fontenclla</strong></span> <span class='ocrx_word' id='word_1_40' title='bbox 449 605 625 664; x_wconf 88' lang='lat' dir='ltr'><strong>monasterio</strong></span> <span class='ocrx_word' id='word_1_41' title='bbox 637 603 829 661; x_wconf 78' lang='lat' dir='ltr'><strong>Sthramni</strong></span> <span class='ocrx_word' id='word_1_42' title='bbox 843 604 986 677; x_wconf 90' lang='lat' dir='ltr'><strong>arehiepi·</strong></span> <span class='ocrx_word' id='word_1_43' title='bbox 1076 607 1230 664; x_wconf 88' lang='lat' dir='ltr'><strong>llermetis.</strong></span> <span class='ocrx_word' id='word_1_44' title='bbox 1248 607 1280 663; x_wconf 92' lang='lat' dir='ltr'><strong>In</strong></span> <span class='ocrx_word' id='word_1_45' title='bbox 1296 605 1410 664; x_wconf 86' lang='lat' dir='ltr'><strong>civitate</strong></span> <span class='ocrx_word' id='word_1_46' title='bbox 1423 607 1498 664; x_wconf 85' lang='lat' dir='ltr'><strong>Osca</strong></span> <span class='ocrx_word' id='word_1_47' title='bbox 1509 611 1558 662; x_wconf 79' lang='lat' dir='ltr'><strong>ss.</strong></span> <span class='ocrx_word' id='word_1_48' title='bbox 1573 606 1721 678; x_wconf 75' lang='lat' dir='ltr'><strong>virginum</strong></span> <span class='ocrx_word' id='word_1_49' title='bbox 1735 604 1868 662; x_wconf 74' lang='lat' dir='ltr'><strong>Mulinio</strong></span> 
     </span>
     <span class='ocr_line' id='line_1_5' title="bbox 197 694 1867 772; baseline -0.004 -15"><span class='ocrx_word' id='word_1_50' title='bbox 197 699 289 772; x_wconf 86' lang='lat' dir='ltr'><strong>scopi.</strong></span> <span class='ocrx_word' id='word_1_51' title='bbox 1076 698 1123 753; x_wconf 90' lang='lat' dir='ltr'><strong>nis</strong></span> <span class='ocrx_word' id='word_1_52' title='bbox 1138 701 1167 752; x_wconf 88' lang='lat' dir='ltr'><strong>ot</strong></span> <span class='ocrx_word' id='word_1_53' title='bbox 1180 695 1317 754; x_wconf 80' lang='lat' dir='ltr'><strong>Helodits.</strong></span> <span class='ocrx_word' id='word_1_54' title='bbox 1328 697 1467 770; x_wconf 86' lang='lat' dir='ltr'><strong>hingonis</strong></span> <span class='ocrx_word' id='word_1_55' title='bbox 1482 695 1598 752; x_wconf 86' lang='lat' dir='ltr'><strong>civitate</strong></span> <span class='ocrx_word' id='word_1_56' title='bbox 1610 696 1640 751; x_wconf 91' lang='lat' dir='ltr'><strong>in</strong></span> <span class='ocrx_word' id='word_1_57' title='bbox 1654 696 1742 753; x_wconf 89' lang='lat' dir='ltr'><strong>Portu</strong></span> <span class='ocrx_word' id='word_1_58' title='bbox 1759 694 1867 751; x_wconf 77' lang='lat' dir='ltr'><strong>bucino</strong></span> 
     </span>
    </p>

    <p class='ocr_par' dir='ltr' id='par_1_3' title="bbox 233 782 1650 858">
     <span class='ocr_line' id='line_1_6' title="bbox 233 782 1650 858; baseline -0.006 -9"><span class='ocrx_word' id='word_1_59' title='bbox 233 790 309 849; x_wconf 82' lang='lat' dir='ltr'><strong>otta</strong></span> <span class='ocrx_word' id='word_1_60' title='bbox 325 788 459 844; x_wconf 81' lang='lat' dir='ltr'><strong>ilenricas</strong></span> <span class='ocrx_word' id='word_1_61' title='bbox 474 783 646 854; x_wconf 71' lang='lat' dir='ltr'><strong>Barpandiec</strong></span> <span class='ocrx_word' id='word_1_62' title='bbox 658 782 788 839; x_wconf 80' lang='lat' dir='ltr'><strong>diarchia.</strong></span> <span class='ocrx_word' id='word_1_63' title='bbox 1076 786 1174 858; x_wconf 81' lang='lat' dir='ltr'><strong>passio</strong></span> <span class='ocrx_word' id='word_1_64' title='bbox 1188 791 1215 842; x_wconf 86' lang='lat' dir='ltr'><strong>S.</strong></span> <span class='ocrx_word' id='word_1_65' title='bbox 1231 785 1338 842; x_wconf 88' lang='lat' dir='ltr'><strong>Valerii</strong></span> <span class='ocrx_word' id='word_1_66' title='bbox 1354 786 1491 858; x_wconf 86' lang='lat' dir='ltr'><strong>martyris</strong></span> <span class='ocrx_word' id='word_1_67' title='bbox 1503 789 1532 842; x_wconf 88' lang='lat' dir='ltr'><strong>et</strong></span> <span class='ocrx_word' id='word_1_68' title='bbox 1546 784 1650 841; x_wconf 72' lang='lat' dir='ltr'><strong>levite.</strong></span> 
     </span>
    </p>

    <p class='ocr_par' dir='ltr' id='par_1_4' title="bbox 161 871 1870 1392">
     <span class='ocr_line' id='line_1_7' title="bbox 161 871 1867 947; baseline -0.004 -12"><span class='ocrx_word' id='word_1_69' title='bbox 161 878 235 936; x_wconf 85' lang='lat' dir='ltr'><strong>XVlt</strong></span> <span class='ocrx_word' id='word_1_70' title='bbox 262 876 407 932; x_wconf 79' lang='lat' dir='ltr'><strong>Kalendas</strong></span> <span class='ocrx_word' id='word_1_71' title='bbox 433 872 613 930; x_wconf 77' lang='lat' dir='ltr'><strong>Nomrnbris.</strong></span> <span class='ocrx_word' id='word_1_72' title='bbox 635 872 667 928; x_wconf 92' lang='lat' dir='ltr'><strong>In</strong></span> <span class='ocrx_word' id='word_1_73' title='bbox 693 871 789 927; x_wconf 82' lang='lat' dir='ltr'><strong>Africa</strong></span> <span class='ocrx_word' id='word_1_74' title='bbox 816 876 984 927; x_wconf 87' lang='lat' dir='ltr'><strong>sauctorum</strong></span> <span class='ocrx_word' id='word_1_75' title='bbox 1075 874 1451 946; x_wconf 86' lang='lat' dir='ltr'><strong>XKal.Novembris.Apud</strong></span> <span class='ocrx_word' id='word_1_76' title='bbox 1468 873 1651 930; x_wconf 70' lang='lat' dir='ltr'><strong>Antiochiam</strong></span> <span class='ocrx_word' id='word_1_77' title='bbox 1666 873 1757 947; x_wconf 70' lang='lat' dir='ltr'><strong>Syris</strong></span> <span class='ocrx_word' id='word_1_78' title='bbox 1773 873 1867 930; x_wconf 87' lang='lat' dir='ltr'><strong>natale</strong></span> 
     </span>
     <span class='ocr_line' id='line_1_8' title="bbox 198 962 1867 1038; baseline -0.002 -15"><span class='ocrx_word' id='word_1_79' title='bbox 198 970 358 1038; x_wconf 71' lang='lat' dir='ltr'><strong>martyrum</strong></span> <span class='ocrx_word' id='word_1_80' title='bbox 374 980 461 1019; x_wconf 78' lang='lat' dir='ltr'><strong>cccxx</strong></span> <span class='ocrx_word' id='word_1_81' title='bbox 477 963 584 1035; x_wconf 91' lang='lat' dir='ltr'><strong>pariter</strong></span> <span class='ocrx_word' id='word_1_82' title='bbox 597 964 812 1025; x_wconf 89' lang='lat' dir='ltr'><strong>coronatorum,</strong></span> <span class='ocrx_word' id='word_1_83' title='bbox 827 966 856 1017; x_wconf 91' lang='lat' dir='ltr'><strong>et</strong></span> <span class='ocrx_word' id='word_1_84' title='bbox 870 965 985 1017; x_wconf 88' lang='lat' dir='ltr'><strong>sancto·</strong></span> <span class='ocrx_word' id='word_1_85' title='bbox 1074 969 1102 1019; x_wconf 90' lang='lat' dir='ltr'><strong>S.</strong></span> <span class='ocrx_word' id='word_1_86' title='bbox 1114 962 1285 1020; x_wconf 80' lang='lat' dir='ltr'><strong>Theoderici</strong></span> <span class='ocrx_word' id='word_1_87' title='bbox 1295 963 1456 1037; x_wconf 79' lang='lat' dir='ltr'><strong>presbyteri</strong></span> <span class='ocrx_word' id='word_1_88' title='bbox 1471 967 1500 1020; x_wconf 88' lang='lat' dir='ltr'><strong>et</strong></span> <span class='ocrx_word' id='word_1_89' title='bbox 1514 962 1661 1036; x_wconf 76' lang='lat' dir='ltr'><strong>martyris.</strong></span> <span class='ocrx_word' id='word_1_90' title='bbox 1672 964 1704 1019; x_wconf 91' lang='lat' dir='ltr'><strong>ln</strong></span> <span class='ocrx_word' id='word_1_91' title='bbox 1717 962 1867 1035; x_wconf 86' lang='lat' dir='ltr'><strong>Hispaniis</strong></span> 
     </span>
     <span class='ocr_line' id='line_1_9' title="bbox 196 1048 1868 1126; baseline -0.002 -16"><span class='ocrx_word' id='word_1_92' title='bbox 196 1071 262 1111; x_wconf 89' lang='lat' dir='ltr'><strong>rum</strong></span> <span class='ocrx_word' id='word_1_93' title='bbox 279 1057 441 1126; x_wconf 82' lang='lat' dir='ltr'><strong>martyrum</strong></span> <span class='ocrx_word' id='word_1_94' title='bbox 457 1051 592 1108; x_wconf 82' lang='lat' dir='ltr'><strong>liertiani</strong></span> <span class='ocrx_word' id='word_1_95' title='bbox 604 1055 633 1106; x_wconf 91' lang='lat' dir='ltr'><strong>et</strong></span> <span class='ocrx_word' id='word_1_96' title='bbox 644 1048 779 1105; x_wconf 90' lang='lat' dir='ltr'><strong>Satiriaui</strong></span> <span class='ocrx_word' id='word_1_97' title='bbox 791 1066 858 1106; x_wconf 90' lang='lat' dir='ltr'><strong>cum</strong></span> <span class='ocrx_word' id='word_1_98' title='bbox 870 1050 985 1105; x_wconf 86' lang='lat' dir='ltr'><strong>duobus</strong></span> <span class='ocrx_word' id='word_1_99' title='bbox 1076 1052 1171 1109; x_wconf 84' lang='lat' dir='ltr'><strong>natale</strong></span> <span class='ocrx_word' id='word_1_100' title='bbox 1185 1057 1232 1108; x_wconf 89' lang='lat' dir='ltr'><strong>SS.</strong></span> <span class='ocrx_word' id='word_1_101' title='bbox 1249 1058 1411 1125; x_wconf 76' lang='lat' dir='ltr'><strong>martyrum</strong></span> <span class='ocrx_word' id='word_1_102' title='bbox 1423 1052 1562 1108; x_wconf 62' lang='lat' dir='ltr'><strong>&amp;raaudi</strong></span> <span class='ocrx_word' id='word_1_103' title='bbox 1579 1057 1608 1109; x_wconf 88' lang='lat' dir='ltr'><strong>et</strong></span> <span class='ocrx_word' id='word_1_104' title='bbox 1622 1052 1773 1109; x_wconf 77' lang='lat' dir='ltr'><strong>Germani.</strong></span> <span class='ocrx_word' id='word_1_105' title='bbox 1789 1051 1868 1108; x_wconf 85' lang='lat' dir='ltr'><strong>Colo·</strong></span> 
     </span>
     <span class='ocr_line' id='line_1_10' title="bbox 196 1136 1598 1213; baseline -0.003 -15"><span class='ocrx_word' id='word_1_106' title='bbox 196 1143 335 1200; x_wconf 85' lang='lat' dir='ltr'><strong>iratribus</strong></span> <span class='ocrx_word' id='word_1_107' title='bbox 351 1158 463 1207; x_wconf 88' lang='lat' dir='ltr'><strong>eorum,</strong></span> <span class='ocrx_word' id='word_1_108' title='bbox 477 1146 506 1197; x_wconf 88' lang='lat' dir='ltr'><strong>et</strong></span> <span class='ocrx_word' id='word_1_109' title='bbox 521 1138 643 1212; x_wconf 76' lang='lat' dir='ltr'><strong>egregie</strong></span> <span class='ocrx_word' id='word_1_110' title='bbox 655 1138 762 1194; x_wconf 88' lang='lat' dir='ltr'><strong>Christi</strong></span> <span class='ocrx_word' id='word_1_111' title='bbox 778 1136 890 1194; x_wconf 81' lang='lat' dir='ltr'><strong>ancillae</strong></span> <span class='ocrx_word' id='word_1_112' title='bbox 899 1137 986 1194; x_wconf 86' lang='lat' dir='ltr'><strong>Maxi·</strong></span> <span class='ocrx_word' id='word_1_113' title='bbox 1075 1141 1125 1198; x_wconf 90' lang='lat' dir='ltr'><strong>nia</strong></span> <span class='ocrx_word' id='word_1_114' title='bbox 1141 1142 1256 1198; x_wconf 88' lang='lat' dir='ltr'><strong>civitate</strong></span> <span class='ocrx_word' id='word_1_115' title='bbox 1269 1145 1297 1197; x_wconf 85' lang='lat' dir='ltr'><strong>S.</strong></span> <span class='ocrx_word' id='word_1_116' title='bbox 1315 1140 1443 1197; x_wconf 83' lang='lat' dir='ltr'><strong>Severini</strong></span> <span class='ocrx_word' id='word_1_117' title='bbox 1459 1139 1598 1213; x_wconf 82' lang='lat' dir='ltr'><strong>episcopi.</strong></span> 
     </span>
     <span class='ocr_line' id='line_1_11' title="bbox 196 1226 1866 1304; baseline -0.004 -17"><span class='ocrx_word' id='word_1_118' title='bbox 196 1249 249 1288; x_wconf 76' lang='lat' dir='ltr'><strong>mn</strong></span> <span class='ocrx_word' id='word_1_119' title='bbox 260 1229 381 1304; x_wconf 79' lang='lat' dir='ltr'><strong>virginis</strong></span> <span class='ocrx_word' id='word_1_120' title='bbox 398 1235 425 1286; x_wconf 91' lang='lat' dir='ltr'><strong>ct</strong></span> <span class='ocrx_word' id='word_1_121' title='bbox 440 1230 586 1302; x_wconf 69' lang='lat' dir='ltr'><strong>martpris.</strong></span> <span class='ocrx_word' id='word_1_122' title='bbox 603 1228 686 1300; x_wconf 85' lang='lat' dir='ltr'><strong>Apud</strong></span> <span class='ocrx_word' id='word_1_123' title='bbox 706 1227 864 1283; x_wconf 84' lang='lat' dir='ltr'><strong>Bituricam</strong></span> <span class='ocrx_word' id='word_1_124' title='bbox 890 1226 986 1283; x_wconf 85' lang='lat' dir='ltr'><strong>natale</strong></span> <span class='ocrx_word' id='word_1_125' title='bbox 1111 1231 1167 1286; x_wconf 86' lang='lat' dir='ltr'><strong>Oiit</strong></span> <span class='ocrx_word' id='word_1_126' title='bbox 1181 1231 1274 1286; x_wconf 81' lang='lat' dir='ltr'><strong>demas</strong></span> <span class='ocrx_word' id='word_1_127' title='bbox 1289 1230 1450 1303; x_wconf 66' lang='lat' dir='ltr'><strong>tierisredns</strong></span> <span class='ocrx_word' id='word_1_128' title='bbox 1464 1232 1614 1301; x_wconf 70' lang='lat' dir='ltr'><strong>episcopas,</strong></span> <span class='ocrx_word' id='word_1_129' title='bbox 1623 1237 1703 1301; x_wconf 83' lang='lat' dir='ltr'><strong>peter</strong></span> <span class='ocrx_word' id='word_1_130' title='bbox 1714 1231 1866 1301; x_wconf 77' lang='lat' dir='ltr'><strong>piissimis,</strong></span> 
     </span>
     <span class='ocr_line' id='line_1_12' title="bbox 194 1317 1870 1392; baseline -0.001 -17"><span class='ocrx_word' id='word_1_131' title='bbox 194 1327 222 1376; x_wconf 88' lang='lat' dir='ltr'><strong>S.</strong></span> <span class='ocrx_word' id='word_1_132' title='bbox 239 1319 385 1376; x_wconf 75' lang='lat' dir='ltr'><strong>Ambrosii</strong></span> <span class='ocrx_word' id='word_1_133' title='bbox 402 1318 529 1391; x_wconf 89' lang='lat' dir='ltr'><strong>episcopi</strong></span> <span class='ocrx_word' id='word_1_134' title='bbox 546 1323 574 1373; x_wconf 90' lang='lat' dir='ltr'><strong>et</strong></span> <span class='ocrx_word' id='word_1_135' title='bbox 588 1317 773 1373; x_wconf 86' lang='lat' dir='ltr'><strong>confessoris.</strong></span> <span class='ocrx_word' id='word_1_136' title='bbox 1074 1322 1122 1392; x_wconf 80' lang='lat' dir='ltr'><strong>qai</strong></span> <span class='ocrx_word' id='word_1_137' title='bbox 1134 1320 1208 1376; x_wconf 84' lang='lat' dir='ltr'><strong>dedit</strong></span> <span class='ocrx_word' id='word_1_138' title='bbox 1218 1319 1390 1376; x_wconf 67' lang='lat' dir='ltr'><strong>predicantem</strong></span> <span class='ocrx_word' id='word_1_139' title='bbox 1399 1319 1522 1375; x_wconf 65' lang='lat' dir='ltr'><strong>Mattiaci</strong></span> <span class='ocrx_word' id='word_1_140' title='bbox 1534 1318 1570 1373; x_wconf 90' lang='lat' dir='ltr'><strong>ad</strong></span> <span class='ocrx_word' id='word_1_141' title='bbox 1584 1320 1764 1391; x_wconf 67' lang='lat' dir='ltr'><strong>resectionem</strong></span> <span class='ocrx_word' id='word_1_142' title='bbox 1772 1321 1870 1391; x_wconf 70' lang='lat' dir='ltr'><strong>[ratri</strong></span> 
     </span>
    </p>

    <p class='ocr_par' dir='ltr' id='par_1_5' title="bbox 159 1405 1870 2010">
     <span class='ocr_line' id='line_1_13' title="bbox 232 1405 1869 1480; baseline -0.001 -14"><span class='ocrx_word' id='word_1_143' title='bbox 232 1410 311 1466; x_wconf 81' lang='lat' dir='ltr'><strong>oottt</strong></span> <span class='ocrx_word' id='word_1_144' title='bbox 326 1407 477 1478; x_wconf 61' lang='lat' dir='ltr'><strong>datm-ates</strong></span> <span class='ocrx_word' id='word_1_145' title='bbox 491 1407 637 1478; x_wconf 64' lang='lat' dir='ltr'><strong>mitescat</strong></span> <span class='ocrx_word' id='word_1_146' title='bbox 651 1405 770 1461; x_wconf 80' lang='lat' dir='ltr'><strong>reddidit</strong></span> <span class='ocrx_word' id='word_1_147' title='bbox 785 1413 887 1461; x_wconf 69' lang='lat' dir='ltr'><strong>arram</strong></span> <span class='ocrx_word' id='word_1_148' title='bbox 902 1421 985 1478; x_wconf 81' lang='lat' dir='ltr'><strong>qaam</strong></span> <span class='ocrx_word' id='word_1_149' title='bbox 1075 1412 1124 1465; x_wconf 68' lang='lat' dir='ltr'><strong>aar</strong></span> <span class='ocrx_word' id='word_1_150' title='bbox 1138 1409 1330 1465; x_wconf 79' lang='lat' dir='ltr'><strong>exhibendam.</strong></span> <span class='ocrx_word' id='word_1_151' title='bbox 1342 1409 1394 1463; x_wconf 87' lang='lat' dir='ltr'><strong>Die</strong></span> <span class='ocrx_word' id='word_1_152' title='bbox 1407 1424 1512 1480; x_wconf 77' lang='lat' dir='ltr'><strong>paenae</strong></span> <span class='ocrx_word' id='word_1_153' title='bbox 1527 1406 1711 1463; x_wconf 73' lang='lat' dir='ltr'><strong>ordinationis</strong></span> <span class='ocrx_word' id='word_1_154' title='bbox 1723 1408 1786 1479; x_wconf 81' lang='lat' dir='ltr'><strong>ejas</strong></span> <span class='ocrx_word' id='word_1_155' title='bbox 1794 1408 1869 1464; x_wconf 85' lang='lat' dir='ltr'><strong>dedit</strong></span> 
     </span>
     <span class='ocr_line' id='line_1_14' title="bbox 195 1494 1868 1571; baseline -0.002 -16"><span class='ocrx_word' id='word_1_156' title='bbox 195 1500 301 1555; x_wconf 84' lang='lat' dir='ltr'><strong>tcrrcdat</strong></span> <span class='ocrx_word' id='word_1_157' title='bbox 316 1498 347 1552; x_wconf 88' lang='lat' dir='ltr'><strong>dc</strong></span> <span class='ocrx_word' id='word_1_158' title='bbox 360 1515 445 1552; x_wconf 79' lang='lat' dir='ltr'><strong>rriitnn</strong></span> <span class='ocrx_word' id='word_1_159' title='bbox 461 1499 542 1567; x_wconf 82' lang='lat' dir='ltr'><strong>firrna</strong></span> <span class='ocrx_word' id='word_1_160' title='bbox 556 1498 585 1551; x_wconf 84' lang='lat' dir='ltr'><strong>in</strong></span> <span class='ocrx_word' id='word_1_161' title='bbox 600 1494 786 1551; x_wconf 84' lang='lat' dir='ltr'><strong>Artadiseilln.</strong></span> <span class='ocrx_word' id='word_1_162' title='bbox 1073 1499 1207 1571; x_wconf 74' lang='lat' dir='ltr'><strong>fratribus</strong></span> <span class='ocrx_word' id='word_1_163' title='bbox 1225 1498 1357 1554; x_wconf 86' lang='lat' dir='ltr'><strong>Artadnm</strong></span> <span class='ocrx_word' id='word_1_164' title='bbox 1370 1497 1477 1562; x_wconf 88' lang='lat' dir='ltr'><strong>vittam,</strong></span> <span class='ocrx_word' id='word_1_165' title='bbox 1491 1501 1520 1553; x_wconf 87' lang='lat' dir='ltr'><strong>ct</strong></span> <span class='ocrx_word' id='word_1_166' title='bbox 1533 1498 1564 1551; x_wconf 89' lang='lat' dir='ltr'><strong>in</strong></span> <span class='ocrx_word' id='word_1_167' title='bbox 1578 1495 1727 1553; x_wconf 79' lang='lat' dir='ltr'><strong>Lindriaco</strong></span> <span class='ocrx_word' id='word_1_168' title='bbox 1741 1512 1868 1553; x_wconf 77' lang='lat' dir='ltr'><strong>mansam</strong></span> 
     </span>
     <span class='ocr_line' id='line_1_15' title="bbox 159 1583 1870 1659; baseline -0.001 -15"><span class='ocrx_word' id='word_1_169' title='bbox 159 1586 220 1644; x_wconf 85' lang='lat' dir='ltr'><strong>xvt</strong></span> <span class='ocrx_word' id='word_1_170' title='bbox 235 1586 297 1643; x_wconf 83' lang='lat' dir='ltr'><strong>llal.</strong></span> <span class='ocrx_word' id='word_1_171' title='bbox 315 1586 495 1642; x_wconf 80' lang='lat' dir='ltr'><strong>Novembris.</strong></span> <span class='ocrx_word' id='word_1_172' title='bbox 512 1584 613 1643; x_wconf 86' lang='lat' dir='ltr'><strong>Natale</strong></span> <span class='ocrx_word' id='word_1_173' title='bbox 628 1585 659 1640; x_wconf 90' lang='lat' dir='ltr'><strong>B.</strong></span> <span class='ocrx_word' id='word_1_174' title='bbox 677 1583 830 1648; x_wconf 84' lang='lat' dir='ltr'><strong>Aristonis,</strong></span> <span class='ocrx_word' id='word_1_175' title='bbox 844 1583 895 1655; x_wconf 85' lang='lat' dir='ltr'><strong>qui</strong></span> <span class='ocrx_word' id='word_1_176' title='bbox 906 1600 985 1639; x_wconf 88' lang='lat' dir='ltr'><strong>uuus</strong></span> <span class='ocrx_word' id='word_1_177' title='bbox 1073 1605 1170 1656; x_wconf 76' lang='lat' dir='ltr'><strong>namn,</strong></span> <span class='ocrx_word' id='word_1_178' title='bbox 1185 1597 1212 1645; x_wconf 84' lang='lat' dir='ltr'><strong>ct</strong></span> <span class='ocrx_word' id='word_1_179' title='bbox 1225 1589 1254 1643; x_wconf 88' lang='lat' dir='ltr'><strong>in</strong></span> <span class='ocrx_word' id='word_1_180' title='bbox 1269 1587 1407 1659; x_wconf 83' lang='lat' dir='ltr'><strong>Capitiace</strong></span> <span class='ocrx_word' id='word_1_181' title='bbox 1420 1603 1549 1642; x_wconf 85' lang='lat' dir='ltr'><strong>mansam</strong></span> <span class='ocrx_word' id='word_1_182' title='bbox 1562 1587 1683 1642; x_wconf 84' lang='lat' dir='ltr'><strong>atteram</strong></span> <span class='ocrx_word' id='word_1_183' title='bbox 1697 1590 1724 1642; x_wconf 87' lang='lat' dir='ltr'><strong>et</strong></span> <span class='ocrx_word' id='word_1_184' title='bbox 1738 1586 1870 1642; x_wconf 59' lang='lat' dir='ltr'><strong>monadi·</strong></span> 
     </span>
     <span class='ocr_line' id='line_1_16' title="bbox 195 1673 1868 1748; baseline -0.003 -16"><span class='ocrx_word' id='word_1_185' title='bbox 195 1676 250 1733; x_wconf 86' lang='lat' dir='ltr'><strong>luit</strong></span> <span class='ocrx_word' id='word_1_186' title='bbox 264 1676 300 1732; x_wconf 91' lang='lat' dir='ltr'><strong>de</strong></span> <span class='ocrx_word' id='word_1_187' title='bbox 314 1674 501 1748; x_wconf 84' lang='lat' dir='ltr'><strong>septuaginta</strong></span> <span class='ocrx_word' id='word_1_188' title='bbox 516 1673 624 1730; x_wconf 79' lang='lat' dir='ltr'><strong>Christi</strong></span> <span class='ocrx_word' id='word_1_189' title='bbox 640 1673 805 1746; x_wconf 87' lang='lat' dir='ltr'><strong>discipulis.</strong></span> <span class='ocrx_word' id='word_1_190' title='bbox 817 1673 925 1729; x_wconf 83' lang='lat' dir='ltr'><strong>Eodem</strong></span> <span class='ocrx_word' id='word_1_191' title='bbox 938 1673 983 1728; x_wconf 87' lang='lat' dir='ltr'><strong>die</strong></span> <span class='ocrx_word' id='word_1_192' title='bbox 1072 1696 1140 1734; x_wconf 76' lang='lat' dir='ltr'><strong>nam</strong></span> <span class='ocrx_word' id='word_1_193' title='bbox 1153 1678 1248 1735; x_wconf 75' lang='lat' dir='ltr'><strong>sottus</strong></span> <span class='ocrx_word' id='word_1_194' title='bbox 1262 1693 1383 1742; x_wconf 83' lang='lat' dir='ltr'><strong>maram,</strong></span> <span class='ocrx_word' id='word_1_195' title='bbox 1395 1679 1422 1731; x_wconf 86' lang='lat' dir='ltr'><strong>et</strong></span> <span class='ocrx_word' id='word_1_196' title='bbox 1435 1676 1467 1729; x_wconf 86' lang='lat' dir='ltr'><strong>in</strong></span> <span class='ocrx_word' id='word_1_197' title='bbox 1480 1676 1628 1731; x_wconf 81' lang='lat' dir='ltr'><strong>Nativitatc</strong></span> <span class='ocrx_word' id='word_1_198' title='bbox 1643 1674 1787 1731; x_wconf 65' lang='lat' dir='ltr'><strong>&amp;bisara</strong></span> <span class='ocrx_word' id='word_1_199' title='bbox 1794 1675 1868 1730; x_wconf 84' lang='lat' dir='ltr'><strong>dedit</strong></span> 
     </span>
     <span class='ocr_line' id='line_1_17' title="bbox 195 1761 1865 1862; baseline -0.001 -41"><span class='ocrx_word' id='word_1_200' title='bbox 195 1765 293 1821; x_wconf 89' lang='lat' dir='ltr'><strong>natale</strong></span> <span class='ocrx_word' id='word_1_201' title='bbox 307 1765 338 1820; x_wconf 86' lang='grc' dir='ltr'><strong>Β.</strong></span> <span class='ocrx_word' id='word_1_202' title='bbox 357 1763 477 1821; x_wconf 89' lang='lat' dir='ltr'><strong>licronis</strong></span> <span class='ocrx_word' id='word_1_203' title='bbox 496 1762 634 1835; x_wconf 82' lang='lat' dir='ltr'><strong>episcopi.</strong></span> <span class='ocrx_word' id='word_1_204' title='bbox 652 1763 684 1817; x_wconf 90' lang='lat' dir='ltr'><strong>la</strong></span> <span class='ocrx_word' id='word_1_205' title='bbox 706 1761 821 1818; x_wconf 75' lang='lat' dir='ltr'><strong>civitate</strong></span> <span class='ocrx_word' id='word_1_206' title='bbox 844 1762 984 1817; x_wconf 88' lang='lat' dir='ltr'><strong>Arausica</strong></span> <span class='ocrx_word' id='word_1_207' title='bbox 999 1797 1023 1862; x_wconf 72' lang='lat' dir='ltr'>B</span> <span class='ocrx_word' id='word_1_208' title='bbox 1074 1769 1215 1823; x_wconf 74' lang='lat' dir='ltr'><strong>ecolesimo</strong></span> <span class='ocrx_word' id='word_1_209' title='bbox 1238 1768 1375 1831; x_wconf 82' lang='lat' dir='ltr'><strong>Baccrnar,</strong></span> <span class='ocrx_word' id='word_1_210' title='bbox 1392 1768 1418 1819; x_wconf 91' lang='lat' dir='ltr'><strong>et</strong></span> <span class='ocrx_word' id='word_1_211' title='bbox 1446 1764 1634 1830; x_wconf 82' lang='lat' dir='ltr'><strong>tindriaearn,</strong></span> <span class='ocrx_word' id='word_1_212' title='bbox 1660 1767 1687 1819; x_wconf 89' lang='lat' dir='ltr'><strong>ct</strong></span> <span class='ocrx_word' id='word_1_213' title='bbox 1715 1765 1865 1836; x_wconf 82' lang='lat' dir='ltr'><strong>Lapianra,</strong></span> 
     </span>
     <span class='ocr_line' id='line_1_18' title="bbox 194 1851 528 1924; baseline -0.006 -16"><span class='ocrx_word' id='word_1_214' title='bbox 194 1858 223 1910; x_wconf 83' lang='lat' dir='ltr'><strong>S.</strong></span> <span class='ocrx_word' id='word_1_215' title='bbox 241 1852 377 1909; x_wconf 78' lang='lat' dir='ltr'><strong>Florentii</strong></span> <span class='ocrx_word' id='word_1_216' title='bbox 390 1851 528 1924; x_wconf 83' lang='lat' dir='ltr'><strong>episcopi.</strong></span> 
     </span>
     <span class='ocr_line' id='line_1_19' title="bbox 231 1940 850 2010; baseline -0.011 -10"><span class='ocrx_word' id='word_1_217' title='bbox 231 1944 309 2001; x_wconf 81' lang='lat' dir='ltr'><strong>Obiit</strong></span> <span class='ocrx_word' id='word_1_218' title='bbox 322 1943 457 1998; x_wconf 80' lang='lat' dir='ltr'><strong>Seaeinas</strong></span> <span class='ocrx_word' id='word_1_219' title='bbox 471 1940 609 1997; x_wconf 81' lang='lat' dir='ltr'><strong>Serranam</strong></span> <span class='ocrx_word' id='word_1_220' title='bbox 621 1940 850 2010; x_wconf 80' lang='lat' dir='ltr'><strong>archiepiscopos.</strong></span> 
     </span>
    </p>
   </div>
   <div class='ocr_carea' id='block_1_3' title="bbox 1072 1853 1868 2004">
    <p class='ocr_par' dir='ltr' id='par_1_6' title="bbox 1072 1853 1868 2004">
     <span class='ocr_line' id='line_1_20' title="bbox 1073 1853 1868 1929; baseline -0.006 -16"><span class='ocrx_word' id='word_1_221' title='bbox 1073 1873 1179 1915; x_wconf 88' lang='lat' dir='ltr'><strong>necnon</strong></span> <span class='ocrx_word' id='word_1_222' title='bbox 1199 1857 1382 1929; x_wconf 68' lang='lat' dir='ltr'><strong>tapniaeam</strong></span> <span class='ocrx_word' id='word_1_223' title='bbox 1398 1854 1574 1911; x_wconf 75' lang='lat' dir='ltr'><strong>dimitientem</strong></span> <span class='ocrx_word' id='word_1_224' title='bbox 1598 1857 1692 1910; x_wconf 69' lang='lat' dir='ltr'><strong>anum</strong></span> <span class='ocrx_word' id='word_1_225' title='bbox 1719 1855 1752 1908; x_wconf 86' lang='lat' dir='ltr'><strong>in</strong></span> <span class='ocrx_word' id='word_1_226' title='bbox 1775 1853 1868 1909; x_wconf 79' lang='lat' dir='ltr'><strong>aetate</strong></span> 
     </span>
     <span class='ocr_line' id='line_1_21' title="bbox 1072 1947 1272 2004; baseline -0.01 -2"><span class='ocrx_word' id='word_1_227' title='bbox 1072 1947 1101 2002; x_wconf 86' lang='lat' dir='ltr'><strong>S.</strong></span> <span class='ocrx_word' id='word_1_228' title='bbox 1114 1947 1272 2004; x_wconf 82' lang='lat' dir='ltr'><strong>clementis.</strong></span> 
     </span>
    </p>
   </div>
   <div class='ocr_carea' id='block_1_4' title="bbox 85 2026 1867 2194">
    <p class='ocr_par' dir='ltr' id='par_1_7' title="bbox 85 2026 1867 2194">
     <span class='ocr_line' id='line_1_22' title="bbox 85 2026 1865 2103; baseline -0.001 -20"><span class='ocrx_word' id='word_1_229' title='bbox 85 2074 90 2083; x_wconf 56' lang='lat'><strong>.</strong></span> <span class='ocrx_word' id='word_1_230' title='bbox 156 2029 204 2088; x_wconf 89' lang='lat' dir='ltr'><strong>XV</strong></span> <span class='ocrx_word' id='word_1_231' title='bbox 222 2028 718 2088; x_wconf 72' lang='lat' dir='ltr'><strong>tat.rtovomhits.ttatatsabaco</strong></span> <span class='ocrx_word' id='word_1_232' title='bbox 734 2026 982 2100; x_wconf 79' lang='lat' dir='ltr'><strong>evangeliste,qui</strong></span> <span class='ocrx_word' id='word_1_233' title='bbox 1038 2036 1073 2092; x_wconf 63' lang='lat' dir='ltr'><strong>Lx</strong></span> <span class='ocrx_word' id='word_1_234' title='bbox 1090 2035 1152 2092; x_wconf 70' lang='lat' dir='ltr'><strong>Kal,</strong></span> <span class='ocrx_word' id='word_1_235' title='bbox 1168 2033 1350 2092; x_wconf 67' lang='lat' dir='ltr'><strong>Novembris.</strong></span> <span class='ocrx_word' id='word_1_236' title='bbox 1376 2032 1407 2088; x_wconf 83' lang='lat' dir='ltr'><strong>ln</strong></span> <span class='ocrx_word' id='word_1_237' title='bbox 1428 2031 1558 2088; x_wconf 76' lang='lat' dir='ltr'><strong>Venusia</strong></span> <span class='ocrx_word' id='word_1_238' title='bbox 1578 2030 1694 2087; x_wconf 79' lang='lat' dir='ltr'><strong>civitate</strong></span> <span class='ocrx_word' id='word_1_239' title='bbox 1726 2030 1865 2103; x_wconf 69' lang='lat' dir='ltr'><strong>Apuleia,</strong></span> 
     </span>
     <span class='ocr_line' id='line_1_23' title="bbox 194 2114 1867 2194; baseline -0.009 -4"><span class='ocrx_word' id='word_1_240' title='bbox 194 2121 267 2178; x_wconf 65' lang='lat' dir='ltr'><strong>Obill</strong></span> <span class='ocrx_word' id='word_1_241' title='bbox 277 2119 306 2176; x_wconf 72' lang='lat' dir='ltr'><strong>in</strong></span> <span class='ocrx_word' id='word_1_242' title='bbox 320 2119 449 2190; x_wconf 62' lang='lat' dir='ltr'><strong>Bl&#39;lisslfli</strong></span> <span class='ocrx_word' id='word_1_243' title='bbox 462 2117 513 2174; x_wconf 66' lang='grc'><strong>888</strong></span> <span class='ocrx_word' id='word_1_244' title='bbox 527 2117 686 2189; x_wconf 59' lang='grc'>8188888888</span> <span class='ocrx_word' id='word_1_245' title='bbox 701 2133 768 2172; x_wconf 83' lang='grc'>0888</span> <span class='ocrx_word' id='word_1_246' title='bbox 782 2114 985 2171; x_wconf 56' lang='grc'>6888888880·</span> <span class='ocrx_word' id='word_1_247' title='bbox 1073 2124 1170 2182; x_wconf 88' lang='lat' dir='ltr'><strong>natale</strong></span> <span class='ocrx_word' id='word_1_248' title='bbox 1183 2128 1231 2180; x_wconf 89' lang='lat' dir='ltr'><strong>SS.</strong></span> <span class='ocrx_word' id='word_1_249' title='bbox 1248 2128 1409 2193; x_wconf 76' lang='lat' dir='ltr'><strong>martyrum</strong></span> <span class='ocrx_word' id='word_1_250' title='bbox 1425 2120 1528 2177; x_wconf 85' lang='lat' dir='ltr'><strong>Felicis</strong></span> <span class='ocrx_word' id='word_1_251' title='bbox 1543 2119 1672 2194; x_wconf 91' lang='lat' dir='ltr'><strong>episcopi</strong></span> <span class='ocrx_word' id='word_1_252' title='bbox 1698 2125 1729 2177; x_wconf 91' lang='lat' dir='ltr'><strong>et</strong></span> <span class='ocrx_word' id='word_1_253' title='bbox 1743 2120 1867 2178; x_wconf 87' lang='lat' dir='ltr'><strong>Audacti</strong></span> 
     </span>
    </p>
   </div>
   <div class='ocr_carea' id='block_1_5' title="bbox 195 2203 1866 2368">
    <p class='ocr_par' dir='ltr' id='par_1_8' title="bbox 195 2203 1866 2368">
     <span class='ocr_line' id='line_1_24' title="bbox 195 2203 1866 2287; baseline -0.004 -17"><span class='ocrx_word' id='word_1_254' title='bbox 195 2209 284 2282; x_wconf 84' lang='lat' dir='ltr'><strong>polim</strong></span> <span class='ocrx_word' id='word_1_255' title='bbox 300 2213 370 2264; x_wconf 76' lang='lat' dir='ltr'><strong>sunt</strong></span> <span class='ocrx_word' id='word_1_256' title='bbox 384 2207 572 2281; x_wconf 90' lang='lat' dir='ltr'><strong>postmodum</strong></span> <span class='ocrx_word' id='word_1_257' title='bbox 593 2204 698 2261; x_wconf 64' lang='lat' dir='ltr'><strong>delata·</strong></span> <span class='ocrx_word' id='word_1_258' title='bbox 715 2203 866 2260; x_wconf 70' lang='lat' dir='ltr'><strong>Assfisschit</strong></span> <span class='ocrx_word' id='word_1_259' title='bbox 887 2203 998 2260; x_wconf 53' lang='lat' dir='ltr'><strong>natal&amp;</strong></span> <span class='ocrx_word' id='word_1_260' title='bbox 1073 2221 1104 2271; x_wconf 88' lang='lat' dir='ltr'><strong>ct</strong></span> <span class='ocrx_word' id='word_1_261' title='bbox 1115 2213 1249 2272; x_wconf 85' lang='lat' dir='ltr'><strong>ianuarii</strong></span> <span class='ocrx_word' id='word_1_262' title='bbox 1259 2213 1538 2287; x_wconf 79' lang='lat' dir='ltr'><strong>presbyterorum,et</strong></span> <span class='ocrx_word' id='word_1_263' title='bbox 1547 2209 1698 2268; x_wconf 78' lang='lat' dir='ltr'><strong>Fortunati</strong></span> <span class='ocrx_word' id='word_1_264' title='bbox 1708 2214 1739 2266; x_wconf 87' lang='lat' dir='ltr'><strong>et</strong></span> <span class='ocrx_word' id='word_1_265' title='bbox 1747 2209 1866 2283; x_wconf 88' lang='lat' dir='ltr'><strong>Septimi</strong></span> 
     </span>
     <span class='ocr_line' id='line_1_25' title="bbox 195 2280 1804 2368; baseline 0 -14"><span class='ocrx_word' id='word_1_266' title='bbox 195 2299 224 2354; x_wconf 87' lang='lat' dir='ltr'><strong>S.</strong></span> <span class='ocrx_word' id='word_1_267' title='bbox 242 2294 422 2368; x_wconf 88' lang='lat' dir='ltr'><strong>Asclepiadis</strong></span> <span class='ocrx_word' id='word_1_268' title='bbox 438 2293 566 2367; x_wconf 86' lang='lat' dir='ltr'><strong>episcopi</strong></span> <span class='ocrx_word' id='word_1_269' title='bbox 581 2297 610 2349; x_wconf 93' lang='lat' dir='ltr'><strong>et</strong></span> <span class='ocrx_word' id='word_1_270' title='bbox 628 2291 813 2348; x_wconf 85' lang='lat' dir='ltr'><strong>contessoris.</strong></span> <span class='ocrx_word' id='word_1_271' title='bbox 831 2292 928 2348; x_wconf 81' lang='lat' dir='ltr'><strong>llomae</strong></span> <span class='ocrx_word' id='word_1_272' title='bbox 954 2299 981 2348; x_wconf 77' lang='lat' dir='ltr'><strong>s.</strong></span> <span class='ocrx_word' id='word_1_273' title='bbox 1073 2304 1227 2361; x_wconf 62' lang='lat' dir='ltr'><strong>leviorum,</strong></span> <span class='ocrx_word' id='word_1_274' title='bbox 1795 2280 1804 2298; x_wconf 68' lang='lat'>⁸</span> 
     </span>
    </p>
   </div>
   <div class='ocr_carea' id='block_1_6' title="bbox 195 2381 1866 2553">
    <p class='ocr_par' dir='ltr' id='par_1_9' title="bbox 195 2381 1866 2553">
     <span class='ocr_line' id='line_1_26' title="bbox 195 2381 1866 2457; baseline -0.009 1"><span class='ocrx_word' id='word_1_275' title='bbox 195 2381 369 2457; x_wconf 64' lang='lat' dir='ltr'><strong>raptione</strong></span> <span class='ocrx_word' id='word_1_276' title='bbox 400 2382 498 2438; x_wconf 66' lang='lat' dir='ltr'><strong>umus</strong></span> <span class='ocrx_word' id='word_1_277' title='bbox 528 2381 606 2438; x_wconf 71' lang='lat' dir='ltr'><strong>osea</strong></span> <span class='ocrx_word' id='word_1_278' title='bbox 625 2381 757 2438; x_wconf 71' lang='lat' dir='ltr'><strong>nassas.</strong></span> <span class='ocrx_word' id='word_1_279' title='bbox 775 2382 806 2437; x_wconf 76' lang='lat'><strong>1⁰</strong></span> <span class='ocrx_word' id='word_1_280' title='bbox 836 2381 983 2438; x_wconf 77' lang='lat' dir='ltr'><strong>territurio</strong></span> <span class='ocrx_word' id='word_1_281' title='bbox 1037 2393 1179 2452; x_wconf 77' lang='lat' dir='ltr'><strong>virtue.</strong></span> <span class='ocrx_word' id='word_1_282' title='bbox 1195 2390 1377 2450; x_wconf 76' lang='lat' dir='ltr'><strong>usvenans.</strong></span> <span class='ocrx_word' id='word_1_283' title='bbox 1394 2393 1427 2446; x_wconf 83' lang='lat' dir='ltr'><strong>n</strong></span> <span class='ocrx_word' id='word_1_284' title='bbox 1442 2387 1673 2446; x_wconf 70' lang='lat' dir='ltr'><strong>eutitianae</strong></span> <span class='ocrx_word' id='word_1_285' title='bbox 1698 2388 1866 2446; x_wconf 72' lang='lat' dir='ltr'><strong>suasionis</strong></span> 
     </span>
     <span class='ocr_line' id='line_1_27' title="bbox 1074 2464 1866 2553; baseline -0.01 -13"><span class='ocrx_word' id='word_1_286' title='bbox 1074 2482 1171 2540; x_wconf 90' lang='lat' dir='ltr'><strong>natale</strong></span> <span class='ocrx_word' id='word_1_287' title='bbox 1193 2487 1240 2538; x_wconf 85' lang='lat' dir='ltr'><strong>SS.</strong></span> <span class='ocrx_word' id='word_1_288' title='bbox 1273 2484 1435 2553; x_wconf 80' lang='lat' dir='ltr'><strong>martyrum</strong></span> <span class='ocrx_word' id='word_1_289' title='bbox 1470 2464 1596 2552; x_wconf 75' lang='lat' dir='ltr'><strong>Crispini</strong></span> <span class='ocrx_word' id='word_1_290' title='bbox 1622 2481 1654 2534; x_wconf 88' lang='lat' dir='ltr'><strong>et</strong></span> <span class='ocrx_word' id='word_1_291' title='bbox 1677 2477 1866 2550; x_wconf 77' lang='lat' dir='ltr'><strong>crispiniani.</strong></span> 
     </span>
    </p>
   </div>
   <div class='ocr_carea' id='block_1_7' title="bbox 160 2469 985 2992">
    <p class='ocr_par' dir='ltr' id='par_1_10' title="bbox 195 2469 985 2636">
     <span class='ocr_line' id='line_1_28' title="bbox 195 2469 985 2544; baseline -0.004 -14"><span class='ocrx_word' id='word_1_292' title='bbox 195 2471 362 2530; x_wconf 88' lang='lat' dir='ltr'><strong>Belvacensi</strong></span> <span class='ocrx_word' id='word_1_293' title='bbox 377 2469 475 2543; x_wconf 85' lang='lat' dir='ltr'><strong>passio</strong></span> <span class='ocrx_word' id='word_1_294' title='bbox 490 2472 519 2526; x_wconf 90' lang='lat' dir='ltr'><strong>S.</strong></span> <span class='ocrx_word' id='word_1_295' title='bbox 535 2469 611 2527; x_wconf 84' lang='lat' dir='ltr'><strong>iusti</strong></span> <span class='ocrx_word' id='word_1_296' title='bbox 627 2469 775 2544; x_wconf 77' lang='lat' dir='ltr'><strong>martyris,</strong></span> <span class='ocrx_word' id='word_1_297' title='bbox 792 2471 877 2542; x_wconf 82' lang='lat' dir='ltr'><strong>eujus</strong></span> <span class='ocrx_word' id='word_1_298' title='bbox 897 2475 985 2544; x_wconf 90' lang='lat' dir='ltr'><strong>caput</strong></span> 
     </span>
     <span class='ocr_line' id='line_1_29' title="bbox 196 2557 745 2636; baseline -0.009 -18"><span class='ocrx_word' id='word_1_299' title='bbox 196 2559 351 2636; x_wconf 86' lang='lat' dir='ltr'><strong>requiescit</strong></span> <span class='ocrx_word' id='word_1_300' title='bbox 366 2560 395 2616; x_wconf 94' lang='lat' dir='ltr'><strong>in</strong></span> <span class='ocrx_word' id='word_1_301' title='bbox 410 2557 532 2616; x_wconf 88' lang='lat' dir='ltr'><strong>basilica</strong></span> <span class='ocrx_word' id='word_1_302' title='bbox 547 2563 575 2614; x_wconf 89' lang='lat' dir='ltr'><strong>S.</strong></span> <span class='ocrx_word' id='word_1_303' title='bbox 592 2558 745 2615; x_wconf 88' lang='lat' dir='ltr'><strong>Amatoris.</strong></span> 
     </span>
    </p>

    <p class='ocr_par' dir='ltr' id='par_1_11' title="bbox 160 2647 985 2992">
     <span class='ocr_line' id='line_1_30' title="bbox 160 2647 983 2721; baseline -0.004 -13"><span class='ocrx_word' id='word_1_304' title='bbox 160 2651 222 2708; x_wconf 89' lang='lat' dir='ltr'><strong>XlV</strong></span> <span class='ocrx_word' id='word_1_305' title='bbox 237 2650 381 2707; x_wconf 87' lang='lat' dir='ltr'><strong>Kalendas</strong></span> <span class='ocrx_word' id='word_1_306' title='bbox 392 2648 660 2721; x_wconf 80' lang='lat' dir='ltr'><strong>NovembrisApud</strong></span> <span class='ocrx_word' id='word_1_307' title='bbox 671 2647 875 2704; x_wconf 77' lang='lat' dir='ltr'><strong>Alexandriam</strong></span> <span class='ocrx_word' id='word_1_308' title='bbox 887 2648 983 2705; x_wconf 86' lang='lat' dir='ltr'><strong>natale</strong></span> 
     </span>
     <span class='ocr_line' id='line_1_31' title="bbox 194 2736 982 2811; baseline -0.004 -13"><span class='ocrx_word' id='word_1_309' title='bbox 194 2746 242 2798; x_wconf 88' lang='lat' dir='ltr'><strong>SS.</strong></span> <span class='ocrx_word' id='word_1_310' title='bbox 259 2739 397 2797; x_wconf 87' lang='lat' dir='ltr'><strong>Ptolomei</strong></span> <span class='ocrx_word' id='word_1_311' title='bbox 413 2742 442 2794; x_wconf 90' lang='lat' dir='ltr'><strong>et</strong></span> <span class='ocrx_word' id='word_1_312' title='bbox 454 2736 536 2794; x_wconf 91' lang='lat' dir='ltr'><strong>Lucii</strong></span> <span class='ocrx_word' id='word_1_313' title='bbox 551 2743 713 2811; x_wconf 80' lang='lat' dir='ltr'><strong>martyrum</strong></span> <span class='ocrx_word' id='word_1_314' title='bbox 729 2737 933 2810; x_wconf 88' lang='lat' dir='ltr'><strong>pretiosorum.</strong></span> <span class='ocrx_word' id='word_1_315' title='bbox 951 2739 982 2795; x_wconf 92' lang='lat' dir='ltr'><strong>ln</strong></span> 
     </span>
     <span class='ocr_line' id='line_1_32' title="bbox 194 2825 985 2902; baseline -0.006 -14"><span class='ocrx_word' id='word_1_316' title='bbox 194 2829 348 2888; x_wconf 87' lang='lat' dir='ltr'><strong>Antiochia</strong></span> <span class='ocrx_word' id='word_1_317' title='bbox 370 2827 457 2902; x_wconf 73' lang='lat' dir='ltr'><strong>Syria</strong></span> <span class='ocrx_word' id='word_1_318' title='bbox 487 2825 582 2883; x_wconf 83' lang='lat' dir='ltr'><strong>natale</strong></span> <span class='ocrx_word' id='word_1_319' title='bbox 597 2830 644 2882; x_wconf 86' lang='lat' dir='ltr'><strong>SS.</strong></span> <span class='ocrx_word' id='word_1_320' title='bbox 662 2825 770 2900; x_wconf 81' lang='lat' dir='ltr'><strong>Pelogi,</strong></span> <span class='ocrx_word' id='word_1_321' title='bbox 788 2826 935 2883; x_wconf 81' lang='lat' dir='ltr'><strong>Heronicae</strong></span> <span class='ocrx_word' id='word_1_322' title='bbox 955 2832 985 2883; x_wconf 90' lang='lat' dir='ltr'><strong>et</strong></span> 
     </span>
     <span class='ocr_line' id='line_1_33' title="bbox 194 2919 326 2992; baseline -0.03 -16"><span class='ocrx_word' id='word_1_323' title='bbox 194 2919 326 2992; x_wconf 75' lang='lat' dir='ltr'><strong>Pelagio.</strong></span> 
     </span>
    </p>
   </div>
   <div class='ocr_carea' id='block_1_8' title="bbox 1073 2565 1927 3003">
    <p class='ocr_par' dir='ltr' id='par_1_12' title="bbox 1073 2565 1927 3003">
     <span class='ocr_line' id='line_1_34' title="bbox 1074 2565 1927 2644; baseline -0.008 -15"><span class='ocrx_word' id='word_1_324' title='bbox 1074 2572 1180 2629; x_wconf 77' lang='lat' dir='ltr'><strong>Eodem</strong></span> <span class='ocrx_word' id='word_1_325' title='bbox 1196 2569 1454 2644; x_wconf 87' lang='lat' dir='ltr'><strong>dicPetrsgoricss</strong></span> <span class='ocrx_word' id='word_1_326' title='bbox 1469 2567 1584 2625; x_wconf 88' lang='lat' dir='ltr'><strong>civitate</strong></span> <span class='ocrx_word' id='word_1_327' title='bbox 1607 2565 1706 2624; x_wconf 73' lang='lat' dir='ltr'><strong>uamla</strong></span> <span class='ocrx_word' id='word_1_328' title='bbox 1728 2571 1757 2623; x_wconf 88' lang='lat' dir='ltr'><strong>S.</strong></span> <span class='ocrx_word' id='word_1_329' title='bbox 1779 2567 1867 2623; x_wconf 79' lang='lat' dir='ltr'><strong>Fron·</strong></span> <span class='ocrx_word' id='word_1_330' title='bbox 1923 2608 1927 2615; x_wconf 57' lang='lat'><strong>.</strong></span> 
     </span>
     <span class='ocr_line' id='line_1_35' title="bbox 1073 2654 1867 2734; baseline -0.01 -14"><span class='ocrx_word' id='word_1_331' title='bbox 1073 2662 1151 2720; x_wconf 88' lang='lat' dir='ltr'><strong>tonis</strong></span> <span class='ocrx_word' id='word_1_332' title='bbox 1165 2659 1305 2734; x_wconf 88' lang='lat' dir='ltr'><strong>episcopi,</strong></span> <span class='ocrx_word' id='word_1_333' title='bbox 1321 2657 1372 2731; x_wconf 86' lang='lat' dir='ltr'><strong>qui</strong></span> <span class='ocrx_word' id='word_1_334' title='bbox 1388 2674 1440 2730; x_wconf 89' lang='lat' dir='ltr'><strong>per</strong></span> <span class='ocrx_word' id='word_1_335' title='bbox 1453 2656 1589 2712; x_wconf 82' lang='lat' dir='ltr'><strong>virtutem</strong></span> <span class='ocrx_word' id='word_1_336' title='bbox 1606 2655 1667 2723; x_wconf 81' lang='lat' dir='ltr'><strong>bei,</strong></span> <span class='ocrx_word' id='word_1_337' title='bbox 1681 2659 1802 2728; x_wconf 87' lang='lat' dir='ltr'><strong>accepto</strong></span> <span class='ocrx_word' id='word_1_338' title='bbox 1816 2654 1867 2712; x_wconf 82' lang='lat' dir='ltr'><strong>ba·</strong></span> 
     </span>
     <span class='ocr_line' id='line_1_36' title="bbox 1074 2741 1866 2820; baseline -0.013 -11"><span class='ocrx_word' id='word_1_339' title='bbox 1074 2751 1178 2809; x_wconf 89' lang='lat' dir='ltr'><strong>culoS.</strong></span> <span class='ocrx_word' id='word_1_340' title='bbox 1194 2748 1271 2807; x_wconf 88' lang='lat' dir='ltr'><strong>Petri</strong></span> <span class='ocrx_word' id='word_1_341' title='bbox 1296 2744 1558 2820; x_wconf 67' lang='lat' dir='ltr'><strong>apostatantium</strong></span> <span class='ocrx_word' id='word_1_342' title='bbox 1581 2761 1670 2802; x_wconf 91' lang='lat' dir='ltr'><strong>suum</strong></span> <span class='ocrx_word' id='word_1_343' title='bbox 1692 2741 1866 2816; x_wconf 82' lang='lat' dir='ltr'><strong>Gregorium</strong></span> 
     </span>
     <span class='ocr_line' id='line_1_37' title="bbox 1075 2828 1865 2914; baseline -0.015 -15"><span class='ocrx_word' id='word_1_344' title='bbox 1075 2842 1277 2914; x_wconf 76' lang='lat' dir='ltr'><strong>presbyterum</strong></span> <span class='ocrx_word' id='word_1_345' title='bbox 1292 2854 1309 2894; x_wconf 90' lang='lat' dir='ltr'><strong>a</strong></span> <span class='ocrx_word' id='word_1_346' title='bbox 1325 2840 1417 2893; x_wconf 87' lang='lat' dir='ltr'><strong>morte</strong></span> <span class='ocrx_word' id='word_1_347' title='bbox 1440 2828 1562 2908; x_wconf 83' lang='lat' dir='ltr'><strong>recepit&#39;</strong></span> <span class='ocrx_word' id='word_1_348' title='bbox 1575 2834 1674 2892; x_wconf 80' lang='lat' dir='ltr'><strong>Rome</strong></span> <span class='ocrx_word' id='word_1_349' title='bbox 1698 2838 1865 2897; x_wconf 71' lang='lat' dir='ltr'><strong>suetorum</strong></span> 
     </span>
     <span class='ocr_line' id='line_1_38' title="bbox 1073 2920 1863 3003; baseline -0.015 -16"><span class='ocrx_word' id='word_1_350' title='bbox 1073 2934 1234 3003; x_wconf 72' lang='lat' dir='ltr'><strong>martyrum</strong></span> <span class='ocrx_word' id='word_1_351' title='bbox 1259 2923 1575 2992; x_wconf 82' lang='lat' dir='ltr'><strong>xavrmilitum.lte1n,</strong></span> <span class='ocrx_word' id='word_1_352' title='bbox 1598 2923 1697 2980; x_wconf 76' lang='lat' dir='ltr'><strong>Romae</strong></span> <span class='ocrx_word' id='word_1_353' title='bbox 1724 2920 1863 2978; x_wconf 85' lang='lat' dir='ltr'><strong>Boniiaeii</strong></span> 
     </span>
    </p>
   </div>
   <div class='ocr_carea' id='block_1_9' title="bbox 194 3003 985 3165">
    <p class='ocr_par' dir='ltr' id='par_1_13' title="bbox 194 3003 985 3165">
     <span class='ocr_line' id='line_1_39' title="bbox 230 3003 985 3080; baseline -0.005 -16"><span class='ocrx_word' id='word_1_354' title='bbox 230 3013 291 3080; x_wconf 90' lang='lat' dir='ltr'><strong>lpse</strong></span> <span class='ocrx_word' id='word_1_355' title='bbox 318 3006 363 3061; x_wconf 90' lang='lat' dir='ltr'><strong>die</strong></span> <span class='ocrx_word' id='word_1_356' title='bbox 391 3005 480 3062; x_wconf 79' lang='lat' dir='ltr'><strong>Gnaeo</strong></span> <span class='ocrx_word' id='word_1_357' title='bbox 507 3005 633 3061; x_wconf 82' lang='lat' dir='ltr'><strong>secentas</strong></span> <span class='ocrx_word' id='word_1_358' title='bbox 656 3012 682 3061; x_wconf 88' lang='lat' dir='ltr'><strong>et</strong></span> <span class='ocrx_word' id='word_1_359' title='bbox 704 3003 822 3061; x_wconf 68' lang='lat' dir='ltr'><strong>mennas</strong></span> <span class='ocrx_word' id='word_1_360' title='bbox 842 3006 919 3072; x_wconf 87' lang='lat' dir='ltr'><strong>obiit,</strong></span> <span class='ocrx_word' id='word_1_361' title='bbox 936 3008 985 3077; x_wconf 83' lang='lat' dir='ltr'><strong>qui</strong></span> 
     </span>
     <span class='ocr_line' id='line_1_40' title="bbox 194 3093 984 3165; baseline -0.004 -13"><span class='ocrx_word' id='word_1_362' title='bbox 194 3095 268 3153; x_wconf 88' lang='lat' dir='ltr'><strong>dedit</strong></span> <span class='ocrx_word' id='word_1_363' title='bbox 288 3095 427 3151; x_wconf 73' lang='lat' dir='ltr'><strong>camerinis</strong></span> <span class='ocrx_word' id='word_1_364' title='bbox 448 3093 475 3148; x_wconf 92' lang='lat' dir='ltr'><strong>S.</strong></span> <span class='ocrx_word' id='word_1_365' title='bbox 501 3093 631 3164; x_wconf 82' lang='lat' dir='ltr'><strong>Stephani</strong></span> <span class='ocrx_word' id='word_1_366' title='bbox 653 3093 792 3165; x_wconf 69' lang='lat' dir='ltr'><strong>praedium</strong></span> <span class='ocrx_word' id='word_1_367' title='bbox 812 3110 894 3149; x_wconf 84' lang='lat' dir='ltr'><strong>annm</strong></span> <span class='ocrx_word' id='word_1_368' title='bbox 921 3110 984 3149; x_wconf 88' lang='lat' dir='ltr'><strong>eum</strong></span> 
     </span>
    </p>
   </div>
   <div class='ocr_carea' id='block_1_10' title="bbox 1074 3009 1864 3179">
    <p class='ocr_par' dir='ltr' id='par_1_14' title="bbox 1074 3009 1864 3179">
     <span class='ocr_line' id='line_1_41' title="bbox 1075 3009 1864 3092; baseline -0.014 -16"><span class='ocrx_word' id='word_1_369' title='bbox 1075 3035 1166 3092; x_wconf 77' lang='lat' dir='ltr'><strong>pape.</strong></span> <span class='ocrx_word' id='word_1_370' title='bbox 1183 3017 1214 3073; x_wconf 91' lang='lat' dir='ltr'><strong>ln</strong></span> <span class='ocrx_word' id='word_1_371' title='bbox 1229 3014 1344 3071; x_wconf 86' lang='lat' dir='ltr'><strong>civitate</strong></span> <span class='ocrx_word' id='word_1_372' title='bbox 1359 3013 1475 3070; x_wconf 84' lang='lat' dir='ltr'><strong>Gsvalis</strong></span> <span class='ocrx_word' id='word_1_373' title='bbox 1484 3011 1628 3085; x_wconf 86' lang='lat' dir='ltr'><strong>depositio</strong></span> <span class='ocrx_word' id='word_1_374' title='bbox 1645 3015 1674 3066; x_wconf 86' lang='lat' dir='ltr'><strong>S.</strong></span> <span class='ocrx_word' id='word_1_375' title='bbox 1684 3009 1789 3066; x_wconf 86' lang='lat' dir='ltr'><strong>llilarii</strong></span> <span class='ocrx_word' id='word_1_376' title='bbox 1804 3009 1864 3082; x_wconf 90' lang='lat' dir='ltr'><strong>cpi·</strong></span> 
     </span>
     <span class='ocr_line' id='line_1_42' title="bbox 1074 3097 1863 3179; baseline -0.01 -17"><span class='ocrx_word' id='word_1_377' title='bbox 1074 3106 1155 3179; x_wconf 86' lang='lat' dir='ltr'><strong>scopi</strong></span> <span class='ocrx_word' id='word_1_378' title='bbox 1180 3105 1240 3161; x_wconf 87' lang='lat' dir='ltr'><strong>vita</strong></span> <span class='ocrx_word' id='word_1_379' title='bbox 1267 3107 1296 3160; x_wconf 88' lang='lat' dir='ltr'><strong>et</strong></span> <span class='ocrx_word' id='word_1_380' title='bbox 1322 3101 1473 3158; x_wconf 87' lang='lat' dir='ltr'><strong>miraculis</strong></span> <span class='ocrx_word' id='word_1_381' title='bbox 1500 3100 1642 3173; x_wconf 81' lang='lat' dir='ltr'><strong>preclari.</strong></span> <span class='ocrx_word' id='word_1_382' title='bbox 1660 3099 1693 3156; x_wconf 92' lang='lat' dir='ltr'><strong>ln</strong></span> <span class='ocrx_word' id='word_1_383' title='bbox 1718 3097 1863 3156; x_wconf 78' lang='lat' dir='ltr'><strong>territurio</strong></span> 
     </span>
    </p>
   </div>
   <div class='ocr_carea' id='block_1_11' title="bbox 195 3166 1642 3264">
    <p class='ocr_par' dir='ltr' id='par_1_15' title="bbox 195 3166 1642 3264">
     <span class='ocr_line' id='line_1_43' title="bbox 195 3166 1642 3264; baseline -0.01 -24"><span class='ocrx_word' id='word_1_384' title='bbox 195 3185 280 3240; x_wconf 68' lang='lat' dir='ltr'><strong>seritis</strong></span> <span class='ocrx_word' id='word_1_385' title='bbox 295 3182 455 3250; x_wconf 71' lang='lat' dir='ltr'><strong>claricinis,</strong></span> <span class='ocrx_word' id='word_1_386' title='bbox 470 3197 549 3237; x_wconf 80' lang='lat' dir='ltr'><strong>cinric</strong></span> <span class='ocrx_word' id='word_1_387' title='bbox 563 3181 633 3254; x_wconf 79' lang='lat' dir='ltr'><strong>qaod</strong></span> <span class='ocrx_word' id='word_1_388' title='bbox 657 3182 753 3237; x_wconf 85' lang='lat' dir='ltr'><strong>datait</strong></span> <span class='ocrx_word' id='word_1_389' title='bbox 777 3183 807 3237; x_wconf 89' lang='lat' dir='ltr'><strong>in</strong></span> <span class='ocrx_word' id='word_1_390' title='bbox 830 3183 910 3251; x_wconf 43' lang='lat' dir='ltr'><strong>uitta,</strong></span> <span class='ocrx_word' id='word_1_391' title='bbox 921 3166 1019 3240; x_wconf 83' lang='lat' dir='ltr'><strong>Cre-C</strong></span> <span class='ocrx_word' id='word_1_392' title='bbox 1075 3194 1219 3253; x_wconf 59' lang='lat' dir='ltr'><strong>Tumnioo</strong></span> <span class='ocrx_word' id='word_1_393' title='bbox 1235 3191 1331 3249; x_wconf 56' lang='lat' dir='ltr'><strong>„apale</strong></span> <span class='ocrx_word' id='word_1_394' title='bbox 1345 3197 1373 3247; x_wconf 45' lang='lat' dir='ltr'><strong>g·</strong></span> <span class='ocrx_word' id='word_1_395' title='bbox 1389 3190 1477 3264; x_wconf 51' lang='lat' dir='ltr'><strong>spani</strong></span> <span class='ocrx_word' id='word_1_396' title='bbox 1494 3188 1642 3262; x_wconf 54' lang='lat' dir='ltr'><strong>martyris,</strong></span> 
     </span>
    </p>
   </div>
   <div class='ocr_carea' id='block_1_12' title="bbox 159 3290 983 3598">
    <p class='ocr_par' dir='ltr' id='par_1_16' title="bbox 196 3290 272 3330">
     <span class='ocr_line' id='line_1_44' title="bbox 196 3290 272 3330; baseline 0 0"><span class='ocrx_word' id='word_1_397' title='bbox 196 3290 272 3330; x_wconf 89' lang='lat' dir='ltr'><strong>ceno.</strong></span> 
     </span>
    </p>

    <p class='ocr_par' dir='ltr' id='par_1_17' title="bbox 159 3357 983 3598">
     <span class='ocr_line' id='line_1_45' title="bbox 159 3357 983 3434; baseline -0.007 -12"><span class='ocrx_word' id='word_1_398' title='bbox 159 3359 223 3427; x_wconf 83' lang='lat' dir='ltr'><strong>tht</strong></span> <span class='ocrx_word' id='word_1_399' title='bbox 238 3361 383 3420; x_wconf 81' lang='lat' dir='ltr'><strong>Kalendas</strong></span> <span class='ocrx_word' id='word_1_400' title='bbox 393 3359 612 3417; x_wconf 79' lang='lat' dir='ltr'><strong>Novembrisln</strong></span> <span class='ocrx_word' id='word_1_401' title='bbox 622 3358 723 3416; x_wconf 86' lang='lat' dir='ltr'><strong>Galliis</strong></span> <span class='ocrx_word' id='word_1_402' title='bbox 739 3357 855 3416; x_wconf 89' lang='lat' dir='ltr'><strong>civitate</strong></span> <span class='ocrx_word' id='word_1_403' title='bbox 863 3361 983 3434; x_wconf 82' lang='lat' dir='ltr'><strong>Ageana</strong></span> 
     </span>
     <span class='ocr_line' id='line_1_46' title="bbox 196 3448 983 3522; baseline -0.005 -12"><span class='ocrx_word' id='word_1_404' title='bbox 196 3450 292 3510; x_wconf 87' lang='lat' dir='ltr'><strong>natale</strong></span> <span class='ocrx_word' id='word_1_405' title='bbox 305 3455 334 3506; x_wconf 85' lang='lat' dir='ltr'><strong>S.</strong></span> <span class='ocrx_word' id='word_1_406' title='bbox 350 3448 479 3522; x_wconf 83' lang='lat' dir='ltr'><strong>caprasii</strong></span> <span class='ocrx_word' id='word_1_407' title='bbox 495 3448 641 3522; x_wconf 84' lang='lat' dir='ltr'><strong>martyris.</strong></span> <span class='ocrx_word' id='word_1_408' title='bbox 657 3449 740 3522; x_wconf 88' lang='lat' dir='ltr'><strong>Apud</strong></span> <span class='ocrx_word' id='word_1_409' title='bbox 756 3448 909 3506; x_wconf 88' lang='lat' dir='ltr'><strong>Aviensem</strong></span> <span class='ocrx_word' id='word_1_410' title='bbox 920 3467 983 3522; x_wconf 93' lang='lat' dir='ltr'><strong>pro·</strong></span> 
     </span>
     <span class='ocr_line' id='line_1_47' title="bbox 195 3536 983 3598; baseline -0.004 0"><span class='ocrx_word' id='word_1_411' title='bbox 195 3541 319 3598; x_wconf 86' lang='lat' dir='ltr'><strong>vinciam</strong></span> <span class='ocrx_word' id='word_1_412' title='bbox 348 3536 444 3596; x_wconf 89' lang='lat' dir='ltr'><strong>natale</strong></span> <span class='ocrx_word' id='word_1_413' title='bbox 468 3537 545 3594; x_wconf 87' lang='lat' dir='ltr'><strong>beati</strong></span> <span class='ocrx_word' id='word_1_414' title='bbox 574 3536 692 3594; x_wconf 80' lang='lat' dir='ltr'><strong>Maximi</strong></span> <span class='ocrx_word' id='word_1_415' title='bbox 720 3537 812 3593; x_wconf 80' lang='lat' dir='ltr'><strong>levitis</strong></span> <span class='ocrx_word' id='word_1_416' title='bbox 841 3542 869 3595; x_wconf 88' lang='lat' dir='ltr'><strong>et</strong></span> <span class='ocrx_word' id='word_1_417' title='bbox 902 3556 983 3595; x_wconf 85' lang='lat' dir='ltr'><strong>mar-</strong></span> 
     </span>
    </p>
   </div>
   <div class='ocr_carea' id='block_1_13' title="bbox 83 3630 277 3705">
    <p class='ocr_par' dir='ltr' id='par_1_18' title="bbox 83 3630 277 3705">
     <span class='ocr_line' id='line_1_48' title="bbox 83 3630 277 3705; baseline -0.021 -15"><span class='ocrx_word' id='word_1_418' title='bbox 83 3651 92 3664; x_wconf 90' lang='lat'><strong>·</strong></span> <span class='ocrx_word' id='word_1_419' title='bbox 194 3630 277 3705; x_wconf 81' lang='lat' dir='ltr'><strong>tyris.</strong></span> 
     </span>
    </p>
   </div>
   <div class='ocr_carea' id='block_1_14' title="bbox 192 3715 985 4146">
    <p class='ocr_par' dir='ltr' id='par_1_19' title="bbox 192 3715 985 4146">
     <span class='ocr_line' id='line_1_49' title="bbox 229 3715 985 3776; baseline -0.003 0"><span class='ocrx_word' id='word_1_420' title='bbox 229 3718 328 3776; x_wconf 78' lang='lat' dir='ltr'><strong>Eodem</strong></span> <span class='ocrx_word' id='word_1_421' title='bbox 341 3717 386 3774; x_wconf 88' lang='lat' dir='ltr'><strong>die</strong></span> <span class='ocrx_word' id='word_1_422' title='bbox 400 3717 469 3772; x_wconf 84' lang='lat' dir='ltr'><strong>obiit</strong></span> <span class='ocrx_word' id='word_1_423' title='bbox 482 3715 649 3772; x_wconf 83' lang='lat' dir='ltr'><strong>ltaradaldna</strong></span> <span class='ocrx_word' id='word_1_424' title='bbox 664 3716 831 3772; x_wconf 82' lang='lat' dir='ltr'><strong>tramititatis</strong></span> <span class='ocrx_word' id='word_1_425' title='bbox 853 3735 885 3773; x_wconf 91' lang='lat' dir='ltr'><strong>ac</strong></span> <span class='ocrx_word' id='word_1_426' title='bbox 910 3719 985 3775; x_wconf 83' lang='lat' dir='ltr'><strong>derri-</strong></span> 
     </span>
     <span class='ocr_line' id='line_1_50' title="bbox 192 3805 984 3883; baseline -0.004 -17"><span class='ocrx_word' id='word_1_427' title='bbox 192 3809 308 3883; x_wconf 81' lang='lat' dir='ltr'><strong>pnitatis</strong></span> <span class='ocrx_word' id='word_1_428' title='bbox 328 3809 474 3880; x_wconf 78' lang='lat' dir='ltr'><strong>episcopas,</strong></span> <span class='ocrx_word' id='word_1_429' title='bbox 492 3806 540 3878; x_wconf 83' lang='lat' dir='ltr'><strong>qai</strong></span> <span class='ocrx_word' id='word_1_430' title='bbox 553 3822 615 3861; x_wconf 86' lang='lat' dir='ltr'><strong>enm</strong></span> <span class='ocrx_word' id='word_1_431' title='bbox 637 3805 733 3860; x_wconf 83' lang='lat' dir='ltr'><strong>maltis</strong></span> <span class='ocrx_word' id='word_1_432' title='bbox 757 3805 880 3877; x_wconf 75' lang='lat' dir='ltr'><strong>adificiis</strong></span> <span class='ocrx_word' id='word_1_433' title='bbox 903 3812 984 3880; x_wconf 82' lang='lat' dir='ltr'><strong>atqne</strong></span> 
     </span>
     <span class='ocr_line' id='line_1_51' title="bbox 193 3895 983 3969; baseline -0.005 -13"><span class='ocrx_word' id='word_1_434' title='bbox 193 3898 370 3961; x_wconf 80' lang='lat' dir='ltr'><strong>ornamentis,</strong></span> <span class='ocrx_word' id='word_1_435' title='bbox 382 3897 479 3969; x_wconf 80' lang='lat' dir='ltr'><strong>paidos</strong></span> <span class='ocrx_word' id='word_1_436' title='bbox 494 3896 635 3952; x_wconf 78' lang='lat' dir='ltr'><strong>ecclmiam</strong></span> <span class='ocrx_word' id='word_1_437' title='bbox 649 3895 724 3950; x_wconf 86' lang='lat' dir='ltr'><strong>intas</strong></span> <span class='ocrx_word' id='word_1_438' title='bbox 746 3899 771 3950; x_wconf 89' lang='lat' dir='ltr'><strong>et</strong></span> <span class='ocrx_word' id='word_1_439' title='bbox 794 3897 917 3952; x_wconf 79' lang='lat' dir='ltr'><strong>caterina</strong></span> <span class='ocrx_word' id='word_1_440' title='bbox 936 3897 983 3952; x_wconf 89' lang='lat' dir='ltr'><strong>dc-</strong></span> 
     </span>
     <span class='ocr_line' id='line_1_52' title="bbox 192 3984 985 4053; baseline 0 -11"><span class='ocrx_word' id='word_1_441' title='bbox 192 3988 306 4053; x_wconf 86' lang='lat' dir='ltr'><strong>coraait,</strong></span> <span class='ocrx_word' id='word_1_442' title='bbox 333 3986 474 4041; x_wconf 81' lang='lat' dir='ltr'><strong>ecclesiam</strong></span> <span class='ocrx_word' id='word_1_443' title='bbox 501 3985 609 4040; x_wconf 71' lang='lat' dir='ltr'><strong>Acemei</strong></span> <span class='ocrx_word' id='word_1_444' title='bbox 635 3987 663 4040; x_wconf 89' lang='lat' dir='ltr'><strong>et</strong></span> <span class='ocrx_word' id='word_1_445' title='bbox 689 3984 830 4041; x_wconf 76' lang='lat' dir='ltr'><strong>ecelesiam</strong></span> <span class='ocrx_word' id='word_1_446' title='bbox 849 3986 985 4043; x_wconf 73' lang='lat' dir='ltr'><strong>crevenni</strong></span> 
     </span>
     <span class='ocr_line' id='line_1_53' title="bbox 193 4074 982 4146; baseline 0.003 -16"><span class='ocrx_word' id='word_1_447' title='bbox 193 4093 256 4130; x_wconf 85' lang='lat' dir='ltr'><strong>earn</strong></span> <span class='ocrx_word' id='word_1_448' title='bbox 270 4074 382 4129; x_wconf 83' lang='lat' dir='ltr'><strong>decimis</strong></span> <span class='ocrx_word' id='word_1_449' title='bbox 396 4091 428 4129; x_wconf 88' lang='lat' dir='ltr'><strong>nc</strong></span> <span class='ocrx_word' id='word_1_450' title='bbox 440 4075 543 4145; x_wconf 84' lang='lat' dir='ltr'><strong>pareda</strong></span> <span class='ocrx_word' id='word_1_451' title='bbox 556 4076 677 4146; x_wconf 67' lang='lat' dir='ltr'><strong>fratr-am</strong></span> <span class='ocrx_word' id='word_1_452' title='bbox 698 4075 842 4146; x_wconf 72' lang='lat' dir='ltr'><strong>stipendiis</strong></span> <span class='ocrx_word' id='word_1_453' title='bbox 861 4076 982 4132; x_wconf 79' lang='lat' dir='ltr'><strong>dormiit.</strong></span> 
     </span>
    </p>
   </div>
   <div class='ocr_carea' id='block_1_15' title="bbox 1036 3276 1860 3353">
    <p class='ocr_par' dir='ltr' id='par_1_20' title="bbox 1036 3276 1860 3353">
     <span class='ocr_line' id='line_1_54' title="bbox 1036 3276 1860 3353; baseline -0.01 -13"><span class='ocrx_word' id='word_1_454' title='bbox 1036 3285 1089 3340; x_wconf 87' lang='lat' dir='ltr'><strong>th</strong></span> <span class='ocrx_word' id='word_1_455' title='bbox 1103 3283 1165 3341; x_wconf 85' lang='lat' dir='ltr'><strong>Kal.</strong></span> <span class='ocrx_word' id='word_1_456' title='bbox 1182 3280 1363 3341; x_wconf 86' lang='lat' dir='ltr'><strong>Novembris.</strong></span> <span class='ocrx_word' id='word_1_457' title='bbox 1379 3280 1464 3353; x_wconf 88' lang='lat' dir='ltr'><strong>Apud</strong></span> <span class='ocrx_word' id='word_1_458' title='bbox 1478 3278 1605 3335; x_wconf 90' lang='lat' dir='ltr'><strong>Alrioam</strong></span> <span class='ocrx_word' id='word_1_459' title='bbox 1620 3276 1777 3334; x_wconf 82' lang='lat' dir='ltr'><strong>nataleSS.</strong></span> <span class='ocrx_word' id='word_1_460' title='bbox 1788 3293 1860 3333; x_wconf 89' lang='lat' dir='ltr'><strong>mar-</strong></span> 
     </span>
    </p>
   </div>
   <div class='ocr_carea' id='block_1_16' title="bbox 1072 3365 1862 3610">
    <p class='ocr_par' dir='ltr' id='par_1_21' title="bbox 1072 3365 1862 3610">
     <span class='ocr_line' id='line_1_55' title="bbox 1074 3365 1859 3448; baseline -0.009 -19"><span class='ocrx_word' id='word_1_461' title='bbox 1074 3379 1170 3448; x_wconf 83' lang='lat' dir='ltr'><strong>tyrum</strong></span> <span class='ocrx_word' id='word_1_462' title='bbox 1186 3371 1337 3445; x_wconf 79' lang='lat' dir='ltr'><strong>[legationi</strong></span> <span class='ocrx_word' id='word_1_463' title='bbox 1354 3367 1514 3442; x_wconf 84' lang='lat' dir='ltr'><strong>presbyteri</strong></span> <span class='ocrx_word' id='word_1_464' title='bbox 1529 3373 1559 3424; x_wconf 86' lang='lat' dir='ltr'><strong>et</strong></span> <span class='ocrx_word' id='word_1_465' title='bbox 1576 3365 1764 3424; x_wconf 81' lang='lat' dir='ltr'><strong>Felicissimi.</strong></span> <span class='ocrx_word' id='word_1_466' title='bbox 1780 3365 1859 3439; x_wconf 87' lang='lat' dir='ltr'><strong>Apud</strong></span> 
     </span>
     <span class='ocr_line' id='line_1_56' title="bbox 1072 3453 1862 3536; baseline -0.015 -15"><span class='ocrx_word' id='word_1_467' title='bbox 1072 3462 1219 3536; x_wconf 73' lang='lat' dir='ltr'><strong>ephesum</strong></span> <span class='ocrx_word' id='word_1_468' title='bbox 1234 3456 1419 3516; x_wconf 86' lang='lat' dir='ltr'><strong>S.Policratis</strong></span> <span class='ocrx_word' id='word_1_469' title='bbox 1433 3455 1563 3530; x_wconf 87' lang='lat' dir='ltr'><strong>episcopi</strong></span> <span class='ocrx_word' id='word_1_470' title='bbox 1579 3453 1690 3529; x_wconf 79' lang='lat' dir='ltr'><strong>egregii</strong></span> <span class='ocrx_word' id='word_1_471' title='bbox 1705 3458 1735 3511; x_wconf 92' lang='lat' dir='ltr'><strong>st</strong></span> <span class='ocrx_word' id='word_1_472' title='bbox 1748 3453 1862 3511; x_wconf 86' lang='lat' dir='ltr'><strong>nobilis·</strong></span> 
     </span>
     <span class='ocr_line' id='line_1_57' title="bbox 1074 3566 1222 3610; baseline -0.034 -1"><span class='ocrx_word' id='word_1_473' title='bbox 1074 3567 1142 3610; x_wconf 84' lang='lat' dir='ltr'><strong>simi</strong></span> <span class='ocrx_word' id='word_1_474' title='bbox 1158 3566 1222 3605; x_wconf 82' lang='lat' dir='ltr'><strong>vrri.</strong></span> 
     </span>
    </p>
   </div>
   <div class='ocr_carea' id='block_1_17' title="bbox 1037 3631 1864 3704">
    <p class='ocr_par' dir='ltr' id='par_1_22' title="bbox 1037 3631 1864 3704">
     <span class='ocr_line' id='line_1_58' title="bbox 1037 3631 1864 3704; baseline -0.013 -8"><span class='ocrx_word' id='word_1_475' title='bbox 1037 3640 1075 3696; x_wconf 91' lang='lat' dir='ltr'><strong>Vt</strong></span> <span class='ocrx_word' id='word_1_476' title='bbox 1091 3639 1153 3696; x_wconf 80' lang='lat' dir='ltr'><strong>Kal.</strong></span> <span class='ocrx_word' id='word_1_477' title='bbox 1184 3637 1366 3695; x_wconf 88' lang='lat' dir='ltr'><strong>Novembris.</strong></span> <span class='ocrx_word' id='word_1_478' title='bbox 1397 3635 1494 3692; x_wconf 75' lang='lat' dir='ltr'><strong>Rome</strong></span> <span class='ocrx_word' id='word_1_479' title='bbox 1531 3631 1698 3690; x_wconf 69' lang='lat' dir='ltr'><strong>Eucharisti</strong></span> <span class='ocrx_word' id='word_1_480' title='bbox 1729 3649 1812 3704; x_wconf 81' lang='lat' dir='ltr'><strong>papa</strong></span> <span class='ocrx_word' id='word_1_481' title='bbox 1838 3634 1864 3686; x_wconf 89' lang='lat' dir='ltr'><strong>et</strong></span> 
     </span>
    </p>
   </div>
   <div class='ocr_carea' id='block_1_18' title="bbox 1074 3719 1865 4064">
    <p class='ocr_par' dir='ltr' id='par_1_23' title="bbox 1074 3719 1865 4064">
     <span class='ocr_line' id='line_1_59' title="bbox 1075 3719 1863 3801; baseline -0.016 -16"><span class='ocrx_word' id='word_1_482' title='bbox 1075 3726 1222 3801; x_wconf 78' lang='lat' dir='ltr'><strong>martyris.</strong></span> <span class='ocrx_word' id='word_1_483' title='bbox 1238 3723 1439 3782; x_wconf 89' lang='lat' dir='ltr'><strong>Autissiodero</strong></span> <span class='ocrx_word' id='word_1_484' title='bbox 1453 3721 1597 3795; x_wconf 90' lang='lat' dir='ltr'><strong>depositio</strong></span> <span class='ocrx_word' id='word_1_485' title='bbox 1623 3721 1701 3777; x_wconf 88' lang='lat' dir='ltr'><strong>beati</strong></span> <span class='ocrx_word' id='word_1_486' title='bbox 1730 3719 1863 3777; x_wconf 78' lang='lat' dir='ltr'><strong>Desiderii</strong></span> 
     </span>
     <span class='ocr_line' id='line_1_60' title="bbox 1074 3808 1865 3890; baseline -0.015 -16"><span class='ocrx_word' id='word_1_487' title='bbox 1074 3816 1214 3890; x_wconf 91' lang='lat' dir='ltr'><strong>episcopi.</strong></span> <span class='ocrx_word' id='word_1_488' title='bbox 1231 3819 1263 3870; x_wconf 87' lang='lat' dir='ltr'><strong>ln</strong></span> <span class='ocrx_word' id='word_1_489' title='bbox 1281 3829 1354 3887; x_wconf 90' lang='lat' dir='ltr'><strong>pago</strong></span> <span class='ocrx_word' id='word_1_490' title='bbox 1370 3812 1485 3870; x_wconf 88' lang='lat' dir='ltr'><strong>Pictavo</strong></span> <span class='ocrx_word' id='word_1_491' title='bbox 1497 3809 1594 3868; x_wconf 91' lang='lat' dir='ltr'><strong>natale</strong></span> <span class='ocrx_word' id='word_1_492' title='bbox 1608 3813 1640 3864; x_wconf 88' lang='lat' dir='ltr'><strong>S.</strong></span> <span class='ocrx_word' id='word_1_493' title='bbox 1651 3808 1794 3866; x_wconf 78' lang='lat' dir='ltr'><strong>Florentii</strong></span> <span class='ocrx_word' id='word_1_494' title='bbox 1808 3823 1865 3880; x_wconf 82' lang='lat' dir='ltr'><strong>pre·</strong></span> 
     </span>
     <span class='ocr_line' id='line_1_61' title="bbox 1075 3896 1865 3980; baseline -0.011 -18"><span class='ocrx_word' id='word_1_495' title='bbox 1075 3904 1183 3980; x_wconf 75' lang='lat' dir='ltr'><strong>shyteri</strong></span> <span class='ocrx_word' id='word_1_496' title='bbox 1197 3909 1226 3962; x_wconf 90' lang='lat' dir='ltr'><strong>et</strong></span> <span class='ocrx_word' id='word_1_497' title='bbox 1240 3901 1386 3959; x_wconf 90' lang='lat' dir='ltr'><strong>monaehi.</strong></span> <span class='ocrx_word' id='word_1_498' title='bbox 1400 3906 1433 3957; x_wconf 90' lang='lat' dir='ltr'><strong>in</strong></span> <span class='ocrx_word' id='word_1_499' title='bbox 1445 3899 1593 3973; x_wconf 87' lang='lat' dir='ltr'><strong>Hispaniis</strong></span> <span class='ocrx_word' id='word_1_500' title='bbox 1608 3896 1736 3955; x_wconf 76' lang='lat' dir='ltr'><strong>helbora</strong></span> <span class='ocrx_word' id='word_1_501' title='bbox 1756 3897 1865 3955; x_wconf 73' lang='lat' dir='ltr'><strong>ornan</strong></span> 
     </span>
     <span class='ocr_line' id='line_1_62' title="bbox 1075 3984 1865 4064; baseline -0.015 -14"><span class='ocrx_word' id='word_1_502' title='bbox 1075 3993 1170 4051; x_wconf 87' lang='lat' dir='ltr'><strong>natale</strong></span> <span class='ocrx_word' id='word_1_503' title='bbox 1186 3996 1233 4048; x_wconf 84' lang='lat' dir='ltr'><strong>SS.</strong></span> <span class='ocrx_word' id='word_1_504' title='bbox 1248 3995 1410 4064; x_wconf 77' lang='lat' dir='ltr'><strong>martyrum</strong></span> <span class='ocrx_word' id='word_1_505' title='bbox 1427 3986 1580 4056; x_wconf 85' lang='lat' dir='ltr'><strong>Vincentii,</strong></span> <span class='ocrx_word' id='word_1_506' title='bbox 1595 3984 1710 4044; x_wconf 78' lang='lat' dir='ltr'><strong>Sabina</strong></span> <span class='ocrx_word' id='word_1_507' title='bbox 1735 3989 1767 4042; x_wconf 88' lang='lat' dir='ltr'><strong>et</strong></span> <span class='ocrx_word' id='word_1_508' title='bbox 1784 3984 1865 4042; x_wconf 87' lang='lat' dir='ltr'><strong>Chri·</strong></span> 
     </span>
    </p>
   </div>
   <div class='ocr_carea' id='block_1_19' title="bbox 1075 4089 1154 4141">
    <p class='ocr_par' dir='ltr' id='par_1_24' title="bbox 1075 4089 1154 4141">
     <span class='ocr_line' id='line_1_63' title="bbox 1075 4089 1154 4141; baseline -0.038 0"><span class='ocrx_word' id='word_1_509' title='bbox 1075 4089 1154 4141; x_wconf 83' lang='lat' dir='ltr'><strong>stete.</strong></span> 
     </span>
    </p>
   </div>
   <div class='ocr_carea' id='block_1_20' title="bbox 159 4161 1929 4771">
    <p class='ocr_par' dir='ltr' id='par_1_25' title="bbox 159 4161 1929 4771">
     <span class='ocr_line' id='line_1_64' title="bbox 194 4161 1863 4236; baseline -0.013 2"><span class='ocrx_word' id='word_1_510' title='bbox 194 4165 243 4219; x_wconf 51' lang='lat'><strong>⁸2⁴⁶</strong></span> <span class='ocrx_word' id='word_1_511' title='bbox 256 4161 391 4235; x_wconf 49' lang='lat' dir='ltr'><strong>⁸²³1qu</strong></span> <span class='ocrx_word' id='word_1_512' title='bbox 414 4164 487 4217; x_wconf 60' lang='lat' dir='ltr'><strong>‘lile&#39;</strong></span> <span class='ocrx_word' id='word_1_513' title='bbox 509 4163 610 4233; x_wconf 62' lang='lat' dir='ltr'><strong>immi</strong></span> <span class='ocrx_word' id='word_1_514' title='bbox 631 4179 699 4234; x_wconf 66' lang='lat' dir='ltr'><strong><em>{³⁰⁶ss</em></strong></span> <span class='ocrx_word' id='word_1_515' title='bbox 720 4165 799 4235; x_wconf 82' lang='lat' dir='ltr'><strong>prins</strong></span> <span class='ocrx_word' id='word_1_516' title='bbox 823 4167 983 4235; x_wconf 66' lang='lat' dir='ltr'><strong>redormit,</strong></span> <span class='ocrx_word' id='word_1_517' title='bbox 1038 4172 1139 4228; x_wconf 80' lang='lat' dir='ltr'><strong>Vitat.</strong></span> <span class='ocrx_word' id='word_1_518' title='bbox 1155 4169 1337 4228; x_wconf 88' lang='lat' dir='ltr'><strong>Novembris.</strong></span> <span class='ocrx_word' id='word_1_519' title='bbox 1355 4165 1457 4224; x_wconf 88' lang='lat' dir='ltr'><strong>Natale</strong></span> <span class='ocrx_word' id='word_1_520' title='bbox 1485 4168 1640 4224; x_wconf 89' lang='lat' dir='ltr'><strong>beatorum</strong></span> <span class='ocrx_word' id='word_1_521' title='bbox 1665 4161 1863 4236; x_wconf 77' lang='lat' dir='ltr'><strong>apostolorum</strong></span> 
     </span>
     <span class='ocr_line' id='line_1_65' title="bbox 193 4251 1867 4330; baseline -0.006 -20"><span class='ocrx_word' id='word_1_522' title='bbox 193 4253 345 4311; x_wconf 71' lang='lat' dir='ltr'><strong>tercentena</strong></span> <span class='ocrx_word' id='word_1_523' title='bbox 358 4268 441 4307; x_wconf 81' lang='lat' dir='ltr'><strong>caasa</strong></span> <span class='ocrx_word' id='word_1_524' title='bbox 455 4251 587 4306; x_wconf 83' lang='lat' dir='ltr'><strong>erationis</strong></span> <span class='ocrx_word' id='word_1_525' title='bbox 602 4251 772 4322; x_wconf 85' lang='lat' dir='ltr'><strong>adiit,atpac</strong></span> <span class='ocrx_word' id='word_1_526' title='bbox 788 4253 852 4309; x_wconf 86' lang='lat' dir='ltr'><strong>inde</strong></span> <span class='ocrx_word' id='word_1_527' title='bbox 866 4255 982 4320; x_wconf 87' lang='lat' dir='ltr'><strong>rediens,</strong></span> <span class='ocrx_word' id='word_1_528' title='bbox 1073 4260 1202 4317; x_wconf 72' lang='lat' dir='ltr'><strong>simonis</strong></span> <span class='ocrx_word' id='word_1_529' title='bbox 1230 4258 1367 4321; x_wconf 66' lang='lat' dir='ltr'><strong>cananei,</strong></span> <span class='ocrx_word' id='word_1_530' title='bbox 1387 4255 1439 4330; x_wconf 84' lang='lat' dir='ltr'><strong>qui</strong></span> <span class='ocrx_word' id='word_1_531' title='bbox 1468 4260 1497 4313; x_wconf 71' lang='lat' dir='ltr'><strong>et</strong></span> <span class='ocrx_word' id='word_1_532' title='bbox 1524 4253 1636 4313; x_wconf 57' lang='lat' dir='ltr'><strong>aletes</strong></span> <span class='ocrx_word' id='word_1_533' title='bbox 1666 4251 1818 4317; x_wconf 75' lang='lat' dir='ltr'><strong>scribitur,</strong></span> <span class='ocrx_word' id='word_1_534' title='bbox 1840 4251 1867 4306; x_wconf 79' lang='lat' dir='ltr'><strong>et</strong></span> 
     </span>
     <span class='ocr_line' id='line_1_66' title="bbox 192 4336 1865 4421; baseline -0.007 -21"><span class='ocrx_word' id='word_1_535' title='bbox 192 4347 370 4415; x_wconf 72' lang='lat' dir='ltr'><strong>sanctamque</strong></span> <span class='ocrx_word' id='word_1_536' title='bbox 394 4340 512 4412; x_wconf 86' lang='lat' dir='ltr'><strong>psalmos</strong></span> <span class='ocrx_word' id='word_1_537' title='bbox 548 4339 669 4394; x_wconf 78' lang='lat' dir='ltr'><strong>carimde</strong></span> <span class='ocrx_word' id='word_1_538' title='bbox 700 4340 754 4396; x_wconf 85' lang='lat' dir='ltr'><strong>Deo</strong></span> <span class='ocrx_word' id='word_1_539' title='bbox 789 4345 985 4413; x_wconf 73' lang='lat' dir='ltr'><strong>consessionem</strong></span> <span class='ocrx_word' id='word_1_540' title='bbox 1075 4348 1224 4416; x_wconf 55' lang='lat' dir='ltr'><strong>Thuddaei,</strong></span> <span class='ocrx_word' id='word_1_541' title='bbox 1242 4347 1292 4421; x_wconf 83' lang='lat' dir='ltr'><strong>qui</strong></span> <span class='ocrx_word' id='word_1_542' title='bbox 1315 4351 1344 4403; x_wconf 68' lang='lat' dir='ltr'><strong>et</strong></span> <span class='ocrx_word' id='word_1_543' title='bbox 1366 4345 1460 4403; x_wconf 72' lang='lat' dir='ltr'><strong>,ludas</strong></span> <span class='ocrx_word' id='word_1_544' title='bbox 1482 4342 1581 4401; x_wconf 67' lang='lat' dir='ltr'><strong>iacobi</strong></span> <span class='ocrx_word' id='word_1_545' title='bbox 1605 4341 1726 4413; x_wconf 75' lang='lat' dir='ltr'><strong>legitur,</strong></span> <span class='ocrx_word' id='word_1_546' title='bbox 1744 4345 1776 4398; x_wconf 75' lang='lat' dir='ltr'><strong>et</strong></span> <span class='ocrx_word' id='word_1_547' title='bbox 1797 4336 1865 4395; x_wconf 70' lang='lat' dir='ltr'><strong>alibi</strong></span> 
     </span>
     <span class='ocr_line' id='line_1_67' title="bbox 193 4427 1863 4510; baseline -0.004 -21"><span class='ocrx_word' id='word_1_548' title='bbox 193 4435 307 4505; x_wconf 71' lang='lat' dir='ltr'><strong>sedens,</strong></span> <span class='ocrx_word' id='word_1_549' title='bbox 324 4432 409 4487; x_wconf 79' lang='lat' dir='ltr'><strong>enoris</strong></span> <span class='ocrx_word' id='word_1_550' title='bbox 420 4430 518 4503; x_wconf 80' lang='lat' dir='ltr'><strong>pelope</strong></span> <span class='ocrx_word' id='word_1_551' title='bbox 531 4429 701 4499; x_wconf 80' lang='lat' dir='ltr'><strong>sepulturam</strong></span> <span class='ocrx_word' id='word_1_552' title='bbox 713 4431 866 4500; x_wconf 85' lang='lat' dir='ltr'><strong>pmrncrait</strong></span> <span class='ocrx_word' id='word_1_553' title='bbox 880 4433 984 4503; x_wconf 85' lang='lat' dir='ltr'><strong>pretio·</strong></span> <span class='ocrx_word' id='word_1_554' title='bbox 1075 4439 1208 4495; x_wconf 76' lang='lat' dir='ltr'><strong>Lehheus</strong></span> <span class='ocrx_word' id='word_1_555' title='bbox 1235 4433 1400 4510; x_wconf 80' lang='lat' dir='ltr'><strong>appellatur</strong></span> <span class='ocrx_word' id='word_1_556' title='bbox 1417 4452 1423 4491; x_wconf 93' lang='lat'>:</span> <span class='ocrx_word' id='word_1_557' title='bbox 1440 4432 1578 4506; x_wconf 89' lang='lat' dir='ltr'><strong>equibus</strong></span> <span class='ocrx_word' id='word_1_558' title='bbox 1600 4428 1769 4486; x_wconf 77' lang='lat' dir='ltr'><strong>&#39;lhuddaius</strong></span> <span class='ocrx_word' id='word_1_559' title='bbox 1789 4427 1863 4500; x_wconf 87' lang='lat' dir='ltr'><strong>apud</strong></span> 
     </span>
     <span class='ocr_line' id='line_1_68' title="bbox 194 4515 1929 4605; baseline -0.012 -12"><span class='ocrx_word' id='word_1_560' title='bbox 194 4540 263 4578; x_wconf 74' lang='grc'>8888·</span> <span class='ocrx_word' id='word_1_561' title='bbox 999 4539 1024 4605; x_wconf 77' lang='lat'><strong>1)</strong></span> <span class='ocrx_word' id='word_1_562' title='bbox 1075 4526 1327 4600; x_wconf 81' lang='lat' dir='ltr'><strong>Mesopotamiam,</strong></span> <span class='ocrx_word' id='word_1_563' title='bbox 1344 4524 1460 4580; x_wconf 85' lang='lat' dir='ltr'><strong>Simeon</strong></span> <span class='ocrx_word' id='word_1_564' title='bbox 1474 4537 1542 4579; x_wconf 90' lang='lat' dir='ltr'><strong>vero</strong></span> <span class='ocrx_word' id='word_1_565' title='bbox 1559 4519 1637 4593; x_wconf 89' lang='lat' dir='ltr'><strong>apud</strong></span> <span class='ocrx_word' id='word_1_566' title='bbox 1652 4520 1810 4593; x_wconf 73' lang='lat' dir='ltr'><strong>AEgyptum</strong></span> <span class='ocrx_word' id='word_1_567' title='bbox 1826 4515 1866 4574; x_wconf 88' lang='lat' dir='ltr'><strong>ls-</strong></span> <span class='ocrx_word' id='word_1_568' title='bbox 1923 4519 1929 4543; x_wconf 78' lang='lat'>&#39;</span> 
     </span>
     <span class='ocr_line' id='line_1_69' title="bbox 159 4605 1865 4690; baseline -0.006 -23"><span class='ocrx_word' id='word_1_569' title='bbox 159 4611 210 4667; x_wconf 89' lang='lat' dir='ltr'><strong>Xtt</strong></span> <span class='ocrx_word' id='word_1_570' title='bbox 225 4610 287 4667; x_wconf 82' lang='lat' dir='ltr'><strong>Kal.</strong></span> <span class='ocrx_word' id='word_1_571' title='bbox 303 4607 484 4666; x_wconf 80' lang='lat' dir='ltr'><strong>Novembris.</strong></span> <span class='ocrx_word' id='word_1_572' title='bbox 501 4608 584 4681; x_wconf 92' lang='lat' dir='ltr'><strong>Apud</strong></span> <span class='ocrx_word' id='word_1_573' title='bbox 600 4607 798 4664; x_wconf 86' lang='lat' dir='ltr'><strong>Nicomediam</strong></span> <span class='ocrx_word' id='word_1_574' title='bbox 814 4607 912 4665; x_wconf 89' lang='lat' dir='ltr'><strong>natale</strong></span> <span class='ocrx_word' id='word_1_575' title='bbox 936 4610 984 4666; x_wconf 90' lang='lat' dir='ltr'><strong>SS.</strong></span> <span class='ocrx_word' id='word_1_576' title='bbox 1075 4617 1155 4690; x_wconf 73' lang='lat' dir='ltr'><strong>gitur</strong></span> <span class='ocrx_word' id='word_1_577' title='bbox 1169 4614 1352 4688; x_wconf 72' lang='lat' dir='ltr'><strong>pmdioassa.</strong></span> <span class='ocrx_word' id='word_1_578' title='bbox 1362 4612 1432 4668; x_wconf 75' lang='lat' dir='ltr'><strong>tude</strong></span> <span class='ocrx_word' id='word_1_579' title='bbox 1451 4608 1540 4668; x_wconf 78' lang='lat' dir='ltr'><strong>simul</strong></span> <span class='ocrx_word' id='word_1_580' title='bbox 1556 4607 1708 4665; x_wconf 74' lang='lat' dir='ltr'><strong>Persidem</strong></span> <span class='ocrx_word' id='word_1_581' title='bbox 1732 4605 1865 4681; x_wconf 76' lang='lat' dir='ltr'><strong>ingressi,</strong></span> 
     </span>
     <span class='ocr_line' id='line_1_70' title="bbox 196 4695 1863 4771; baseline -0.005 -16"><span class='ocrx_word' id='word_1_582' title='bbox 196 4703 359 4771; x_wconf 79' lang='lat' dir='ltr'><strong>martyrum</strong></span> <span class='ocrx_word' id='word_1_583' title='bbox 388 4697 476 4765; x_wconf 83' lang='lat' dir='ltr'><strong>Desii,</strong></span> <span class='ocrx_word' id='word_1_584' title='bbox 503 4696 632 4771; x_wconf 81' lang='lat' dir='ltr'><strong>soticigii</strong></span> <span class='ocrx_word' id='word_1_585' title='bbox 664 4714 732 4753; x_wconf 89' lang='lat' dir='ltr'><strong>eum</strong></span> <span class='ocrx_word' id='word_1_586' title='bbox 760 4714 799 4753; x_wconf 80' lang='lat' dir='ltr'><strong>an</strong></span> <span class='ocrx_word' id='word_1_587' title='bbox 829 4696 983 4757; x_wconf 88' lang='lat' dir='ltr'><strong>militibus.</strong></span> <span class='ocrx_word' id='word_1_588' title='bbox 1075 4722 1143 4761; x_wconf 79' lang='lat' dir='ltr'><strong>cum</strong></span> <span class='ocrx_word' id='word_1_589' title='bbox 1154 4702 1300 4760; x_wconf 79' lang='lat' dir='ltr'><strong>infinitam</strong></span> <span class='ocrx_word' id='word_1_590' title='bbox 1310 4705 1456 4758; x_wconf 65' lang='lat' dir='ltr'><strong>caminam</strong></span> <span class='ocrx_word' id='word_1_591' title='bbox 1467 4699 1581 4755; x_wconf 77' lang='lat' dir='ltr'><strong>christo</strong></span> <span class='ocrx_word' id='word_1_592' title='bbox 1591 4695 1633 4752; x_wconf 92' lang='lat' dir='ltr'><strong>ihi</strong></span> <span class='ocrx_word' id='word_1_593' title='bbox 1644 4700 1863 4770; x_wconf 75' lang='lat' dir='ltr'><strong>aggregassent,</strong></span> 
     </span>
    </p>
   </div>
   <div class='ocr_carea' id='block_1_21' title="bbox 195 4786 987 5304">
    <p class='ocr_par' dir='ltr' id='par_1_26' title="bbox 195 4786 985 5200">
     <span class='ocr_line' id='line_1_71' title="bbox 195 4786 985 4863; baseline -0.001 -18"><span class='ocrx_word' id='word_1_594' title='bbox 195 4788 302 4845; x_wconf 83' lang='lat' dir='ltr'><strong>hlodem</strong></span> <span class='ocrx_word' id='word_1_595' title='bbox 317 4787 363 4843; x_wconf 90' lang='lat' dir='ltr'><strong>die</strong></span> <span class='ocrx_word' id='word_1_596' title='bbox 378 4787 472 4842; x_wconf 84' lang='lat' dir='ltr'><strong>sancti</strong></span> <span class='ocrx_word' id='word_1_597' title='bbox 496 4786 586 4860; x_wconf 91' lang='lat' dir='ltr'><strong>patris</strong></span> <span class='ocrx_word' id='word_1_598' title='bbox 607 4787 699 4843; x_wconf 90' lang='lat' dir='ltr'><strong>nostri</strong></span> <span class='ocrx_word' id='word_1_599' title='bbox 721 4786 889 4855; x_wconf 76' lang='lat' dir='ltr'><strong>hilarionis,</strong></span> <span class='ocrx_word' id='word_1_600' title='bbox 900 4790 985 4863; x_wconf 85' lang='lat' dir='ltr'><strong>cujus</strong></span> 
     </span>
     <span class='ocr_line' id='line_1_72' title="bbox 195 4875 985 4950; baseline 0.001 -17"><span class='ocrx_word' id='word_1_601' title='bbox 195 4877 284 4933; x_wconf 88' lang='lat' dir='ltr'><strong>vitam</strong></span> <span class='ocrx_word' id='word_1_602' title='bbox 300 4880 327 4931; x_wconf 90' lang='lat' dir='ltr'><strong>S.</strong></span> <span class='ocrx_word' id='word_1_603' title='bbox 344 4875 537 4949; x_wconf 83' lang='lat' dir='ltr'><strong>Hieronymus</strong></span> <span class='ocrx_word' id='word_1_604' title='bbox 550 4875 708 4933; x_wconf 87' lang='lat' dir='ltr'><strong>virtutibus</strong></span> <span class='ocrx_word' id='word_1_605' title='bbox 724 4875 840 4949; x_wconf 90' lang='lat' dir='ltr'><strong>plenam</strong></span> <span class='ocrx_word' id='word_1_606' title='bbox 856 4878 985 4950; x_wconf 88' lang='lat' dir='ltr'><strong>scripsit.</strong></span> 
     </span>
     <span class='ocr_line' id='line_1_73' title="bbox 196 4963 984 5039; baseline 0.001 -18"><span class='ocrx_word' id='word_1_607' title='bbox 196 4971 229 5022; x_wconf 91' lang='lat' dir='ltr'><strong>ln</strong></span> <span class='ocrx_word' id='word_1_608' title='bbox 256 4965 371 5022; x_wconf 82' lang='lat' dir='ltr'><strong>civitate</strong></span> <span class='ocrx_word' id='word_1_609' title='bbox 397 4964 496 5021; x_wconf 87' lang='lat' dir='ltr'><strong>lloetia</strong></span> <span class='ocrx_word' id='word_1_610' title='bbox 518 4963 614 5021; x_wconf 88' lang='lat' dir='ltr'><strong>natale</strong></span> <span class='ocrx_word' id='word_1_611' title='bbox 637 4968 665 5019; x_wconf 88' lang='lat' dir='ltr'><strong>S.</strong></span> <span class='ocrx_word' id='word_1_612' title='bbox 682 4964 786 5022; x_wconf 88' lang='lat' dir='ltr'><strong>Asterii</strong></span> <span class='ocrx_word' id='word_1_613' title='bbox 811 4966 984 5039; x_wconf 83' lang='lat' dir='ltr'><strong>presbyteri.</strong></span> 
     </span>
     <span class='ocr_line' id='line_1_74' title="bbox 196 5053 985 5128; baseline 0.005 -20"><span class='ocrx_word' id='word_1_614' title='bbox 196 5058 263 5128; x_wconf 88' lang='lat' dir='ltr'><strong>lpso</strong></span> <span class='ocrx_word' id='word_1_615' title='bbox 279 5054 325 5110; x_wconf 92' lang='lat' dir='ltr'><strong>die</strong></span> <span class='ocrx_word' id='word_1_616' title='bbox 340 5053 483 5110; x_wconf 89' lang='lat' dir='ltr'><strong>transitus</strong></span> <span class='ocrx_word' id='word_1_617' title='bbox 498 5058 525 5108; x_wconf 87' lang='lat' dir='ltr'><strong>S.</strong></span> <span class='ocrx_word' id='word_1_618' title='bbox 542 5053 669 5111; x_wconf 79' lang='lat' dir='ltr'><strong>Victoris</strong></span> <span class='ocrx_word' id='word_1_619' title='bbox 690 5053 817 5110; x_wconf 89' lang='lat' dir='ltr'><strong>lectoris.</strong></span> <span class='ocrx_word' id='word_1_620' title='bbox 834 5054 867 5110; x_wconf 93' lang='lat' dir='ltr'><strong>In</strong></span> <span class='ocrx_word' id='word_1_621' title='bbox 888 5072 985 5112; x_wconf 89' lang='lat' dir='ltr'><strong>eremo</strong></span> 
     </span>
     <span class='ocr_line' id='line_1_75' title="bbox 197 5142 576 5200; baseline -0.005 0"><span class='ocrx_word' id='word_1_622' title='bbox 197 5143 313 5200; x_wconf 89' lang='lat' dir='ltr'><strong>comitis</strong></span> <span class='ocrx_word' id='word_1_623' title='bbox 327 5147 354 5198; x_wconf 88' lang='lat' dir='ltr'><strong>S.</strong></span> <span class='ocrx_word' id='word_1_624' title='bbox 371 5142 458 5199; x_wconf 83' lang='lat' dir='ltr'><strong>iusti.</strong></span> <span class='ocrx_word' id='word_1_625' title='bbox 572 5148 576 5159; x_wconf 93' lang='lat'>&#39;</span> 
     </span>
    </p>

    <p class='ocr_par' dir='ltr' id='par_1_27' title="bbox 234 5232 987 5304">
     <span class='ocr_line' id='line_1_76' title="bbox 234 5232 987 5304; baseline 0.004 -16"><span class='ocrx_word' id='word_1_626' title='bbox 234 5232 307 5289; x_wconf 84' lang='lat' dir='ltr'><strong>Obiit</strong></span> <span class='ocrx_word' id='word_1_627' title='bbox 320 5233 453 5304; x_wconf 73' lang='lat' dir='ltr'><strong>Amnisos</strong></span> <span class='ocrx_word' id='word_1_628' title='bbox 467 5233 563 5298; x_wconf 81' lang='lat' dir='ltr'><strong>iaicas,</strong></span> <span class='ocrx_word' id='word_1_629' title='bbox 580 5233 628 5304; x_wconf 83' lang='lat' dir='ltr'><strong>qni</strong></span> <span class='ocrx_word' id='word_1_630' title='bbox 639 5232 747 5303; x_wconf 86' lang='lat' dir='ltr'><strong>pariter</strong></span> <span class='ocrx_word' id='word_1_631' title='bbox 766 5248 829 5287; x_wconf 79' lang='lat' dir='ltr'><strong>narn</strong></span> <span class='ocrx_word' id='word_1_632' title='bbox 852 5235 987 5303; x_wconf 73' lang='lat' dir='ltr'><strong>temnitur</strong></span> 
     </span>
    </p>
   </div>
   <div class='ocr_carea' id='block_1_22' title="bbox 1076 4782 1864 4866">
    <p class='ocr_par' dir='ltr' id='par_1_28' title="bbox 1076 4782 1864 4866">
     <span class='ocr_line' id='line_1_77' title="bbox 1076 4782 1864 4866; baseline -0.016 -16"><span class='ocrx_word' id='word_1_633' title='bbox 1076 4789 1253 4866; x_wconf 76' lang='lat' dir='ltr'><strong>martyrizati</strong></span> <span class='ocrx_word' id='word_1_634' title='bbox 1268 4793 1347 4846; x_wconf 91' lang='lat' dir='ltr'><strong>sunt.</strong></span> <span class='ocrx_word' id='word_1_635' title='bbox 1365 4788 1462 4845; x_wconf 84' lang='lat' dir='ltr'><strong>Rome</strong></span> <span class='ocrx_word' id='word_1_636' title='bbox 1477 4791 1506 4841; x_wconf 90' lang='lat' dir='ltr'><strong>S.</strong></span> <span class='ocrx_word' id='word_1_637' title='bbox 1522 4784 1633 4856; x_wconf 77' lang='lat' dir='ltr'><strong>Cprillss</strong></span> <span class='ocrx_word' id='word_1_638' title='bbox 1649 4783 1790 4857; x_wconf 76' lang='lat' dir='ltr'><strong>martyria</strong></span> <span class='ocrx_word' id='word_1_639' title='bbox 1804 4782 1864 4839; x_wconf 81' lang='lat' dir='ltr'><strong>filia</strong></span> 
     </span>
    </p>
   </div>
   <div class='ocr_carea' id='block_1_23' title="bbox 1046 4869 1865 4953">
    <p class='ocr_par' dir='ltr' id='par_1_29' title="bbox 1046 4869 1865 4953">
     <span class='ocr_line' id='line_1_78' title="bbox 1046 4869 1865 4953; baseline -0.017 -13"><span class='ocrx_word' id='word_1_640' title='bbox 1046 4902 1049 4907; x_wconf 94' lang='lat'><em>·</em></span> <span class='ocrx_word' id='word_1_641' title='bbox 1075 4881 1153 4939; x_wconf 88' lang='lat' dir='ltr'><strong>Decii</strong></span> <span class='ocrx_word' id='word_1_642' title='bbox 1169 4878 1365 4953; x_wconf 85' lang='lat' dir='ltr'><strong>imperatoris.</strong></span> <span class='ocrx_word' id='word_1_643' title='bbox 1377 4876 1499 4933; x_wconf 84' lang='lat' dir='ltr'><strong>Civitate</strong></span> <span class='ocrx_word' id='word_1_644' title='bbox 1514 4872 1608 4930; x_wconf 85' lang='lat' dir='ltr'><strong>lttcltis</strong></span> <span class='ocrx_word' id='word_1_645' title='bbox 1624 4877 1654 4928; x_wconf 88' lang='lat' dir='ltr'><strong>S.</strong></span> <span class='ocrx_word' id='word_1_646' title='bbox 1671 4873 1798 4929; x_wconf 71' lang='lat' dir='ltr'><strong>Feronia</strong></span> <span class='ocrx_word' id='word_1_647' title='bbox 1810 4869 1865 4944; x_wconf 87' lang='lat' dir='ltr'><strong>cpi·</strong></span> 
     </span>
    </p>
   </div>
   <div class='ocr_carea' id='block_1_24' title="bbox 1075 4961 1864 5131">
    <p class='ocr_par' dir='ltr' id='par_1_30' title="bbox 1075 4961 1864 5131">
     <span class='ocr_line' id='line_1_79' title="bbox 1075 4961 1864 5044; baseline -0.016 -15"><span class='ocrx_word' id='word_1_648' title='bbox 1075 4969 1156 5044; x_wconf 88' lang='lat' dir='ltr'><strong>scopi</strong></span> <span class='ocrx_word' id='word_1_649' title='bbox 1166 4974 1195 5026; x_wconf 91' lang='lat' dir='ltr'><strong>et</strong></span> <span class='ocrx_word' id='word_1_650' title='bbox 1207 4966 1394 5026; x_wconf 83' lang='lat' dir='ltr'><strong>contessoris.</strong></span> <span class='ocrx_word' id='word_1_651' title='bbox 1412 4962 1540 5022; x_wconf 81' lang='lat' dir='ltr'><strong>Parisios</strong></span> <span class='ocrx_word' id='word_1_652' title='bbox 1554 4961 1713 5019; x_wconf 79' lang='lat' dir='ltr'><strong>translatio</strong></span> <span class='ocrx_word' id='word_1_653' title='bbox 1731 4965 1761 5017; x_wconf 89' lang='lat' dir='ltr'><strong>S.</strong></span> <span class='ocrx_word' id='word_1_654' title='bbox 1776 4964 1864 5018; x_wconf 82' lang='lat' dir='ltr'><strong>Gene-</strong></span> 
     </span>
     <span class='ocr_line' id='line_1_80' title="bbox 1075 5055 1291 5131; baseline -0.019 -15"><span class='ocrx_word' id='word_1_655' title='bbox 1075 5059 1144 5116; x_wconf 82' lang='lat' dir='ltr'><strong>vefae</strong></span> <span class='ocrx_word' id='word_1_656' title='bbox 1158 5055 1291 5131; x_wconf 86' lang='lat' dir='ltr'><strong>virginis.</strong></span> 
     </span>
    </p>
   </div>
   <div class='ocr_carea' id='block_1_25' title="bbox 1041 5134 1865 5209">
    <p class='ocr_par' dir='ltr' id='par_1_31' title="bbox 1041 5134 1865 5209">
     <span class='ocr_line' id='line_1_81' title="bbox 1041 5134 1865 5209; baseline -0.017 -4"><span class='ocrx_word' id='word_1_657' title='bbox 1041 5149 1087 5205; x_wconf 93' lang='lat' dir='ltr'><strong>lV.</strong></span> <span class='ocrx_word' id='word_1_658' title='bbox 1101 5145 1164 5204; x_wconf 79' lang='lat' dir='ltr'><strong>liat.</strong></span> <span class='ocrx_word' id='word_1_659' title='bbox 1173 5142 1463 5202; x_wconf 84' lang='lat' dir='ltr'><strong>Novembris.Natala</strong></span> <span class='ocrx_word' id='word_1_660' title='bbox 1477 5140 1554 5198; x_wconf 88' lang='lat' dir='ltr'><strong>beati</strong></span> <span class='ocrx_word' id='word_1_661' title='bbox 1564 5139 1695 5198; x_wconf 86' lang='lat' dir='ltr'><strong>Narcissi</strong></span> <span class='ocrx_word' id='word_1_662' title='bbox 1706 5134 1865 5209; x_wconf 73' lang='lat' dir='ltr'><strong>Hierosoly·</strong></span> 
     </span>
    </p>
   </div>
   <div class='ocr_carea' id='block_1_26' title="bbox 1077 5225 1864 5307">
    <p class='ocr_par' dir='ltr' id='par_1_32' title="bbox 1077 5225 1864 5307">
     <span class='ocr_line' id='line_1_82' title="bbox 1077 5225 1864 5307; baseline -0.019 -14"><span class='ocrx_word' id='word_1_663' title='bbox 1077 5252 1192 5293; x_wconf 87' lang='lat' dir='ltr'><strong>morum</strong></span> <span class='ocrx_word' id='word_1_664' title='bbox 1201 5233 1397 5307; x_wconf 86' lang='lat' dir='ltr'><strong>episcopi,viri</strong></span> <span class='ocrx_word' id='word_1_665' title='bbox 1404 5232 1605 5296; x_wconf 87' lang='lat' dir='ltr'><strong>sanctitate,et</strong></span> <span class='ocrx_word' id='word_1_666' title='bbox 1616 5228 1765 5302; x_wconf 84' lang='lat' dir='ltr'><strong>patientis</strong></span> <span class='ocrx_word' id='word_1_667' title='bbox 1773 5225 1864 5284; x_wconf 85' lang='lat' dir='ltr'><strong>aclide</strong></span> 
     </span>
    </p>
   </div>
   <div class='ocr_carea' id='block_1_27' title="bbox 162 5319 987 5663">
    <p class='ocr_par' dir='ltr' id='par_1_33' title="bbox 194 5319 987 5556">
     <span class='ocr_line' id='line_1_83' title="bbox 196 5319 987 5394; baseline 0.001 -17"><span class='ocrx_word' id='word_1_668' title='bbox 196 5324 253 5377; x_wconf 86' lang='lat' dir='ltr'><strong>sais</strong></span> <span class='ocrx_word' id='word_1_669' title='bbox 279 5322 425 5394; x_wconf 80' lang='lat' dir='ltr'><strong>Nerpnndo</strong></span> <span class='ocrx_word' id='word_1_670' title='bbox 460 5330 486 5378; x_wconf 90' lang='lat' dir='ltr'><strong>ct</strong></span> <span class='ocrx_word' id='word_1_671' title='bbox 518 5321 667 5392; x_wconf 75' lang='lat' dir='ltr'><strong>WnIpando</strong></span> <span class='ocrx_word' id='word_1_672' title='bbox 694 5319 828 5376; x_wconf 80' lang='lat' dir='ltr'><strong>dederant</strong></span> <span class='ocrx_word' id='word_1_673' title='bbox 853 5324 987 5394; x_wconf 75' lang='lat' dir='ltr'><strong>fratritas</strong></span> 
     </span>
     <span class='ocr_line' id='line_1_84' title="bbox 194 5410 986 5484; baseline 0.003 -18"><span class='ocrx_word' id='word_1_674' title='bbox 194 5411 331 5482; x_wconf 75' lang='lat' dir='ltr'><strong>predium</strong></span> <span class='ocrx_word' id='word_1_675' title='bbox 357 5427 439 5467; x_wconf 86' lang='lat' dir='ltr'><strong>snam</strong></span> <span class='ocrx_word' id='word_1_676' title='bbox 464 5413 535 5484; x_wconf 84' lang='lat' dir='ltr'><strong>qaod</strong></span> <span class='ocrx_word' id='word_1_677' title='bbox 570 5410 726 5468; x_wconf 81' lang='lat' dir='ltr'><strong>inhaerent</strong></span> <span class='ocrx_word' id='word_1_678' title='bbox 762 5411 793 5464; x_wconf 89' lang='lat' dir='ltr'><strong>ia</strong></span> <span class='ocrx_word' id='word_1_679' title='bbox 826 5413 894 5467; x_wconf 84' lang='lat' dir='ltr'><strong>uitia</strong></span> <span class='ocrx_word' id='word_1_680' title='bbox 923 5413 986 5469; x_wconf 86' lang='lat' dir='ltr'><strong>Cre·</strong></span> 
     </span>
     <span class='ocr_line' id='line_1_85' title="bbox 197 5515 293 5556; baseline 0 -3"><span class='ocrx_word' id='word_1_681' title='bbox 197 5515 293 5556; x_wconf 70' lang='lat' dir='ltr'><strong>tienne.</strong></span> 
     </span>
    </p>

    <p class='ocr_par' dir='ltr' id='par_1_34' title="bbox 162 5584 986 5663">
     <span class='ocr_line' id='line_1_86' title="bbox 162 5584 986 5663; baseline 0.011 -23"><span class='ocrx_word' id='word_1_682' title='bbox 162 5584 198 5641; x_wconf 88' lang='lat' dir='ltr'><strong>Xl</strong></span> <span class='ocrx_word' id='word_1_683' title='bbox 215 5585 357 5643; x_wconf 79' lang='lat' dir='ltr'><strong>Kalendas</strong></span> <span class='ocrx_word' id='word_1_684' title='bbox 386 5590 567 5649; x_wconf 89' lang='lat' dir='ltr'><strong>Novembris.</strong></span> <span class='ocrx_word' id='word_1_685' title='bbox 597 5588 806 5663; x_wconf 80' lang='lat' dir='ltr'><strong>Hierosolymis</strong></span> <span class='ocrx_word' id='word_1_686' title='bbox 834 5590 930 5649; x_wconf 88' lang='lat' dir='ltr'><strong>natale</strong></span> <span class='ocrx_word' id='word_1_687' title='bbox 958 5596 986 5650; x_wconf 89' lang='lat' dir='ltr'><strong>S.</strong></span> 
     </span>
    </p>
   </div>
   <div class='ocr_carea' id='block_1_28' title="bbox 1075 5316 1863 5661">
    <p class='ocr_par' dir='ltr' id='par_1_35' title="bbox 1075 5316 1863 5661">
     <span class='ocr_line' id='line_1_87' title="bbox 1075 5316 1862 5397; baseline -0.019 -14"><span class='ocrx_word' id='word_1_688' title='bbox 1075 5323 1243 5391; x_wconf 88' lang='lat' dir='ltr'><strong>laudabilis,</strong></span> <span class='ocrx_word' id='word_1_689' title='bbox 1260 5328 1463 5397; x_wconf 86' lang='lat' dir='ltr'><strong>contraquam</strong></span> <span class='ocrx_word' id='word_1_690' title='bbox 1488 5320 1600 5377; x_wconf 87' lang='lat' dir='ltr'><strong>crimen</strong></span> <span class='ocrx_word' id='word_1_691' title='bbox 1623 5317 1701 5375; x_wconf 78' lang='lat' dir='ltr'><strong>salso</strong></span> <span class='ocrx_word' id='word_1_692' title='bbox 1722 5316 1862 5389; x_wconf 74' lang='lat' dir='ltr'><strong>obiectum</strong></span> 
     </span>
     <span class='ocr_line' id='line_1_88' title="bbox 1077 5407 1863 5485; baseline -0.019 -13"><span class='ocrx_word' id='word_1_693' title='bbox 1077 5431 1144 5472; x_wconf 91' lang='lat' dir='ltr'><strong>cum</strong></span> <span class='ocrx_word' id='word_1_694' title='bbox 1158 5418 1218 5470; x_wconf 83' lang='lat' dir='ltr'><strong>tres</strong></span> <span class='ocrx_word' id='word_1_695' title='bbox 1231 5407 1645 5485; x_wconf 83' lang='lat' dir='ltr'><strong>testesjurasssnt,imprecati</strong></span> <span class='ocrx_word' id='word_1_696' title='bbox 1660 5408 1863 5477; x_wconf 85' lang='lat' dir='ltr'><strong>suntsupersc</strong></span> 
     </span>
     <span class='ocr_line' id='line_1_89' title="bbox 1078 5492 1861 5574; baseline -0.018 -14"><span class='ocrx_word' id='word_1_697' title='bbox 1078 5502 1252 5560; x_wconf 84' lang='lat' dir='ltr'><strong>maledieta:</strong></span> <span class='ocrx_word' id='word_1_698' title='bbox 1270 5500 1386 5574; x_wconf 87' lang='lat' dir='ltr'><strong>primus</strong></span> <span class='ocrx_word' id='word_1_699' title='bbox 1401 5504 1434 5556; x_wconf 87' lang='lat' dir='ltr'><strong>ut</strong></span> <span class='ocrx_word' id='word_1_700' title='bbox 1447 5500 1515 5573; x_wconf 86' lang='lat' dir='ltr'><strong>igne</strong></span> <span class='ocrx_word' id='word_1_701' title='bbox 1528 5498 1755 5554; x_wconf 86' lang='lat' dir='ltr'><strong>consumeretur</strong></span> <span class='ocrx_word' id='word_1_702' title='bbox 1770 5492 1861 5549; x_wconf 78' lang='lat' dir='ltr'><strong>siren</strong></span> 
     </span>
     <span class='ocr_line' id='line_1_90' title="bbox 1078 5584 1858 5661; baseline -0.018 -11"><span class='ocrx_word' id='word_1_703' title='bbox 1078 5609 1135 5650; x_wconf 90' lang='lat' dir='ltr'><strong>nou</strong></span> <span class='ocrx_word' id='word_1_704' title='bbox 1151 5589 1434 5661; x_wconf 71' lang='lat' dir='ltr'><strong>diceret3seeundus</strong></span> <span class='ocrx_word' id='word_1_705' title='bbox 1459 5593 1492 5645; x_wconf 89' lang='lat' dir='ltr'><strong>ut</strong></span> <span class='ocrx_word' id='word_1_706' title='bbox 1514 5586 1594 5660; x_wconf 80' lang='lat' dir='ltr'><strong>regio</strong></span> <span class='ocrx_word' id='word_1_707' title='bbox 1619 5584 1724 5641; x_wconf 91' lang='lat' dir='ltr'><strong>morbo</strong></span> <span class='ocrx_word' id='word_1_708' title='bbox 1739 5594 1858 5639; x_wconf 88' lang='lat' dir='ltr'><strong>carrum·</strong></span> 
     </span>
    </p>
   </div>
   <div class='ocr_carea' id='block_1_29' title="bbox 0 0 1944 6098">
    <p class='ocr_par' dir='ltr' id='par_1_36' title="bbox 0 0 1944 6098">
     <span class='ocr_line' id='line_1_91' title="bbox 0 0 1944 6098; baseline 0 1"><span class='ocrx_word' id='word_1_709' title='bbox 0 0 1944 6098; x_wconf 95' lang='lat' dir='ltr'><strong> </strong></span> 
     </span>
    </p>
   </div>
  </div>
 </body>
</html>
