3878 6098
144 321 204 382 899
539 311 708 371 ΑΡΡΕΝΙ).
733 309 782 368 au
807 307 901 368 SAEC.
924 305 961 364 X.
981 339 1018 348 -
1034 306 1286 369 MONUMEN'PA
1307 305 1463 369 ciruitu.
1802 309 1863 368 SOO

148 445 371 514 SanctaMaria,
693 451 694 454 ’
742 438 1332 513 Orapronobis.AApericulomortis,
1758 438 1861 499 libera.

148 540 256 598 Sancta
271 532 596 601 matermlsericardie,
915 544 976 584 ora.
1032 527 1076 584 ab
1091 526 1273 595 omnimalo,
1757 528 1859 588 libera.

147 629 255 688 Sancte
269 622 404 693 inchoat,
914 631 976 672 ora.
1032 616 1086 673 Per
1101 632 1218 674 crucem
1232 621 1326 689 tuam,
1757 617 1859 676 libera.

147 717 254 776 Sancte
268 711 394 781 Gabriel,
912 721 974 761 ora.
1031 705 1085 762 Per
1099 706 1343 764 resurrectionem
1357 709 1450 775 tuam,
1756 705 1858 765 libera.

145 806 251 864 Sancte
266 799 405 877 Rapbael,
911 809 974 849 cra.
1030 794 1084 851 Per
1098 794 1300 853 ascensionem
1316 799 1408 863 tuam,
1754 794 1856 853 libera.

143 893 254 951 Omnes
270 888 364 946 sancti
381 884 519 962 angelici
533 881 714 958 archangeli,
724 885 806 940 orate
816 899 869 956 pro
878 880 973 939 nobis.
1030 884 1084 942 Per
1098 886 1256 944 adventum
1271 883 1398 960 Spiritus
1412 885 1508 943 sancti
1521 884 1671 960 paracleti,
1755 885 1855 943 libera.

143 982 252 1038 Omnes
267 975 365 1036 sancti
379 976 531 1033 beatorum
555 970 716 1048 spirituum
739 969 867 1039 ordines,
882 973 972 1028 crate.
1030 973 1209 1047 Peccatores,
1496 976 1537 1032 'l'e
1551 992 1690 1050 rogamus
1706 974 1776 1032 audi
1791 993 1854 1034 nos.

143 1069 250 1127 Omnes
266 1064 359 1122 sancti
377 1061 469 1121 eoelici
483 1061 572 1131 dves,
882 1062 971 1115 crate.
1028 1062 1065 1120 Ut
1079 1080 1180 1137 pacem
1197 1063 1396 1135 nobisdones,
1661 1070 1689 1121 te
1705 1082 1853 1138 rogamus.

143 1158 248 1214 Sancte
262 1155 392 1211 loannes
408 1151 552 1226 Baptista,
910 1165 970 1204 ora.
1028 1151 1066 1208 Ut
1079 1152 1154 1209 iram
1169 1158 1198 1209 et
1212 1152 1424 1227 inignationem
1438 1158 1520 1210 tuam
1530 1170 1548 1209 a
1558 1152 1643 1210 nobie
1655 1154 1784 1223 auferas,
1816 1161 1853 1210 tr.

141 1245 251 1303 Omnes
264 1242 362 1300 sancti
377 1240 550 1317 patriarcha
565 1244 594 1296 et
608 1237 767 1315 prophete,
879 1240 969 1294 crate.
1026 1239 1430 1315 Uimisericcrdiactpietas
1446 1242 1735 1311 tuanoscustodiat,
1816 1248 1852 1300 te.

142 1335 248 1392 Sancte
262 1333 354 1402 Petre,
906 1341 969 1382 ora.
1024 1329 1063 1386 Ut
1077 1330 1162 1388 nobis
1178 1347 1261 1406 spem
1276 1335 1386 1389 certam
1400 1331 1503 1401 dones,
1814 1338 1851 1389 te.

141 1423 248 1482 Sancte
264 1421 361 1490 Paule,
731 1479 737 1485 ,
906 1431 968 1472 ore.
1024 1418 1062 1476 Ut
1077 1419 1166 1478 fidem
1177 1423 1287 1478 rectam
1303 1419 1525 1493 nobistribuas,
1814 1427 1852 1478 tc.

140 1512 246 1570 Sancte
260 1509 386 1575 andrea,
905 1519 967 1559 ora.
1023 1506 1062 1564 Ut
1074 1507 1248 1567 charitatem
1259 1510 1416 1583 perlectam
1433 1509 1518 1567 nohis
1532 1510 1677 1578 conteras,
1814 1514 1851 1567 te.

139 1600 244 1658 Sancte
259 1599 398 1666 loannes,
905 1609 967 1649 ora·
1023 1596 1060 1654 Ut
1074 1601 1248 1655 cunctorum
1268 1600 1298 1655 in
1322 1599 1407 1655 nobis
1430 1597 1569 1656 vitiorum
1594 1603 1727 1655 monstra
1751 1599 1852 1655 morti-

138 1689 245 1747 Sancto
259 1687 375 1756 loccha,
903 1697 967 1739 orc-
1057 1687 1137 1756 fiaes,
1810 1694 1849 1745 te.

138 1779 244 1837 Sancte
259 1778 383 1846 Thema,
902 1787 963 1855 qm·
980 1809 1007 1879 B
1021 1776 1060 1835 Ut
1074 1777 1208 1834 omnium
1224 1776 1254 1834 in
1275 1777 1360 1834 nohis
1384 1777 1590 1851 prerogativae
1614 1777 1758 1834 uirtutum
1781 1777 1852 1833 vivi·

138 1868 244 1926 Sancte
257 1868 375 1935 Jacobs,
902 1877 963 1916 ora·
1055 1865 1137 1933 tices,
1809 1872 1848 1923 te.

136 1962 242 2015 Sancte
255 1954 476 2024 Bartholomae,
901 1966 962 2006 ort·
1018 1956 1056 2013 Ut
1067 1954 1154 2013 nobis
1176 1973 1228 2031 per
1250 1956 1483 2014 incarnationem
1513 1961 1606 2025 tuam,
1629 1956 1785 2013 introitum
1812 1957 1849 2013 nd

136 2048 245 2104 Omnes
261 2045 354 2103 sancti
369 2043 505 2117 apostoli,
870 2043 961 2096 orate.
1053 2044 1161 2104 Sancta
1175 2046 1482 2120 sanctorumpandas,
1809 2050 1849 2102 tc.

135 2136 244 2194 Omnes
260 2133 355 2209 sancti
370 2132 565 2206 evangeliste,
870 2133 961 2185 crate.
1017 2133 1055 2190 Ut
1070 2150 1122 2207 per
1137 2134 1192 2193 hcc
1205 2133 1401 2194 conscientias
1417 2141 1533 2192 nostras
1548 2134 1696 2208 purifices,
1808 2138 1849 2191 te.

135 2225 244 2283 omnes
259 2223 353 2281 saneti
368 2221 506 2295 discipuli
518 2219 646 2291 Domini,
862 2208 960 2273 Orate.
1016 2223 1053 2280 Ut
1066 2239 1119 2296 per
1132 2223 1187 2280 hoc
1198 2227 1419 2283 sacrosanctum
1431 2223 1735 2297 mysterium‚animas
1747 2228 1777 2281 et
1788 2240 1850 2280 cor-

134 2315 243 2373 Omncs
258 2312 352 2370 sancti
367 2312 549 2375 innocentes,
870 2311 959 2363 crate,
1050 2329 1123 2386 pora
1137 2318 1238 2370 nostra
1252 2330 1384 2381 renoves,
1661 2306 1666 2315 ’
1809 2317 1847 2370 te.

134 2404 240 2462 Sancte
253 2403 401 2458 Srnraaua
898 2412 950 2450 ora
1015 2400 1052 2458 Ut
1066 2400 1121 2458 hoc
1136 2401 1266 2460 terribile
1280 2401 1525 2476 mysteriummcn
1541 2401 1622 2460 sinas
1636 2403 1722 2458 nobis
1738 2402 1801 2458 fieri
1813 2403 1848 2458 ad

134 2494 239 2550 Sancte
252 2489 399 2555 Vincenti,
897 2500 958 2540 ora.
1010 2485 1170 2560 Judicium,
1809 2495 1847 2548 te.

133 2580 239 2636 Sancte
255 2577 403 2646 Laurenti,
897 2590 957 2629 ore.
1015 2576 1052 2634 Ut
1066 2577 1121 2634 hoc
1144 2577 1291 2636 ineffabile
1314 2585 1545 2649 sacramentam,
1561 2580 1680 2637 mundis
1706 2580 1847 2636 manibus

133 2667 387 2741 Sanctedgapite,
896 2680 956 2719 ore.
1050 2671 1223 2737 tractemus,
1806 2673 1844 2726 te.

131 2757 237 2815 Sancte
253 2755 385 2813 Ferreolo
400 2755 449 2828 (l),
895 2769 956 2809 cra.
1012 2753 1052 2813 Ut
1066 2756 1148 2829 puris
1165 2757 1315 2815 mentibus
1331 2774 1498 2825 sumamus,
1805 2764 1841 2815 te.

131 2847 236 2905 Sancte
251 2846 379 2913 Ferruci,
895 2858 955 2898 cra.
1011 2845 1048 2903 Ut
1063 2846 1279 2922 indulgentiam
1295 2848 1428 2905 omnium
1440 2850 1627 2922 peccatorum
1641 2863 1694 2922 per
1707 2847 1762 2906 hoc
1774 2864 1843 2904 cou-

131 2935 236 2993 Sancte
251 2934 359 3002 Antidi,
894 2947 954 2986 ora.
1046 2935 1129 3009 sequi
1146 2953 1321 3010 mereamur,
1801 2943 1840 2993 te.

131 3025 239 3083 Omnes
254 3022 347 3082 saneti
363 3025 516 3096 martyres,
864 3023 954 3075 crate.
1010 3023 1047 3083 Ut
1061 3041 1112 3099 per
1127 3025 1181 3081 hoc
1197 3026 1248 3082 tibi
1265 3025 1407 3084 inherere
1421 3024 1582 3096 valeamus,
1801 3031 1840 3083 te.

130 3115 235 3174 Sancte
250 3113 384 3181 Martine,
893 3123 953 3164 ora.
1009 3112 1046 3170 Ut
1060 3130 1112 3188 per
1127 3113 1180 3171 hoc
1195 3119 1226 3171 tu
1243 3114 1273 3172 in
1288 3116 1384 3185 nobis,
1401 3119 1430 3173 et
1445 3132 1498 3173 nos
1513 3115 1544 3173 in
1558 3121 1588 3174 te
1602 3132 1723 3173 manere
1742 3114 1841 3172 ualea-

129 3207 233 3264 Sancte
246 3202 368 3272 Aniene,
893 3180 997 3253 orec
1046 3220 1124 3273 mus,
1478 3207 1519 3262 Te
1534 3221 1673 3280 rogamus
1689 3205 1759 3260 audi
1777 3222 1839 3261 nos.

129 3295 236 3353 Sancte
250 3292 428 3361 Desiderato,
893 3302 953 3342 orc-
1008 3291 1045 3348 Ul
1059 3292 1184 3366 gratiam
1195 3292 1289 3351 sancti
1300 3292 1580 3368 Spiritus,ccrdibus
1592 3295 1704 3351 nostris
1715 3293 1838 3351 clemen·

129 3385 234 3443 Sancte
249 3382 370 3449 Donate,
888 3393 953 3432 ora.
1043 3384 1089 3438 ter
1102 3380 1257 3440 infundere
1272 3382 1413 3457 digneris,
1800 3387 1836 3439 te.

129 3473 235 3543 Sancte
250 3470 398 3538 Prothadi,
892 3481 953 3522 ora.
1009 3468 1046 3526 Ut
1061 3475 1201 3528 cunctum
1226 3471 1368 3546 populum
1394 3472 1604 3542 Christianum,
1624 3471 1838 3546 pretiosissimo

128 3562 234 3621 Sancte
247 3559 373 3628 Anatoli,
892 3572 952 3611 ora,
1044 3560 1188 3633 sanguine
1203 3566 1253 3617 tuo
1265 3563 1635 3635 redemptum,conservare
1645 3561 1791 3636 digneris,
1801 3565 1836 3618 te.

128 3652 235 3710 Sancte
246 3649 374 3718 Nicolae,
892 3661 953 3700 cra.
978 3725 980 3728 Α
1009 3647 1046 3705 Ut
1061 3648 1259 3705 nobislocunr
1276 3649 1451 3723 poenitentia
1466 3651 1567 3720 dones,
1800 3654 1836 3706 te.

127 3739 236 3797 Omnes
250 3739 342 3797 sancti
358 3738 551 3806 confessores,
864 3736 953 3790 orate.
1008 3737 1047 3794 Ut
1060 3739 1199 3796 omnibus
1214 3739 1351 3796 fidelibus
1371 3740 1517 3797 defunctis
1542 3738 1675 3812 requiem
1700 3743 1836 3796 aternam

127 3829 234 3886 Sancta
249 3828 394 3898 Felicitas,
892 3839 953 3880 ora.
1045 3826 1146 3896 dones,
1800 3834 1834 3884 te.

127 3919 234 3975 Sancta
249 3918 401 3992 Perpetua,
891 3928 953 3968 ora.
1009 3916 1046 3974 Ut
1060 3933 1115 3974 nos
1129 3917 1267 3975 exaudire
1281 3916 1421 3993 digneris,
1799 3921 1834 3973 te.

125 4009 233 4062 Sancta
245 4005 368 4080 Agatha,
891 4018 952 4058 cra.
1009 4005 1062 4062 Pili
1079 4006 1142 4076 Dei,
1483 4008 1523 4063 'Pe
1538 4023 1678 4081 rogamus
1691 4007 1761 4064 audi
1773 4024 1834 4063 nos.

126 4095 353 4169 Sanctadgnes,
891 4108 953 4147 ora.
1007 4096 1109 4169 Agnus
1123 4095 1174 4153 Dei
1189 4096 1239 4170 qui
1264 4096 1343 4154 tollis
1369 4100 1487 4170 peccata
1511 4096 1625 4165 mundi,
1640 4096 1732 4153 Parce
1754 4093 1835 4152 nohis

125 4183 233 4242 Sancta
248 4184 348 4253 Lucia,
892 4197 952 4237 ara.
1044 4184 1175 4241 Domine.

125 4273 234 4331 Sancta
248 4271 366 4341 Oeoilia,
891 4285 952 4326 ora.
1007 4275 1108 4348 Agnus
1124 4274 1175 4330 Dei
1200 4275 1251 4349 qui
1276 4275 1355 4333 tollis
1378 4279 1497 4350 peccata
1521 4275 1638 4347 mundi,
1665 4275 1836 4333 liberares

124 4362 232 4420 Sancta
246 4361 338 4420 Maria
351 4358 531 4436 Magdelene‚
892 4375 952 4415 ora.
1044 4363 1177 4421 Domine.

123 4451 233 4510 Omnes
246 4455 355 4510 sancte
369 4451 508 4526 virginee,
862 4450 952 4505 crutc.
1007 4452 1108 4527 Agnus
1124 4451 1176 4508 Dei
1200 4452 1250 4525 qui
1276 4453 1355 4510 tollis
1379 4457 1498 4528 peccata
1522 4453 1734 4524 arundincus
1754 4441 1835 4509 uobis

123 4539 231 4597 Omnes
247 4540 357 4610 Sancti,
861 4540 951 4593 orate.
967 4554 991 4622 p
1007 4557 1121 4614 pacem.

122 4626 269 4701 Propitius
283 4632 359 4696 esto,
615 4627 703 4684 Parce
718 4626 803 4682 nobis
818 4625 950 4682 Domine.
1008 4629 1121 4686 Christe
1136 4629 1203 4686 audi
1219 4645 1282 4686 nos.

122 4716 271 4791 Propitius
284 4722 357 4786 esto,
631 4717 736 4775 Libera
750 4732 804 4772 nos
819 4714 952 4772 Domine.

123 4806 168 4871 Ab
179 4805 264 4863 hoste
280 4805 371 4878 malo,
836 4803 951 4861 Libera.

120 4899 146 4953 Α
163 4895 265 4952 morbo
281 4893 370 4962 malo,
836 4891 952 4949 Libera.
1042 4896 1097 4953 Per
1111 4895 1331 4953 meritahcrum
1342 4895 1696 4953 etomniumsanctorum
1708 4899 1836 4962 tuorum,

120 4981 296 5039 libinsidiis
310 4980 433 5050 diaboli,
836 4980 950 5037 Libera.
1007 5001 1094 5059 parce
1122 4983 1255 5053 Domine,
1278 4983 1400 5058 indulge
1424 4988 1453 5041 et
1477 4984 1625 5042 miserere.
1654 4985 1746 5043 Auser
1761 5002 1778 5040 a
1793 5000 1836 5039 me

119 5074 143 5128 A
157 5071 361 5146 persecutione
375 5069 498 5140 inimici,
627 5070 731 5127 Libera
746 5086 801 5127 nos
815 5069 948 5128 Domine.
1007 5072 1221 5148 quidquidtibi
1236 5071 1373 5146 displicet
1386 5072 1417 5129 in
1439 5089 1496 5130 me.
1513 5072 1635 5146 Suscipe
1656 5072 1837 5131 sacrificium

118 5163 143 5220 A
156 5165 279 5219 ventura
293 5160 348 5234 ira,
847 5157 949 5217 libera.
1007 5163 1044 5220 de
1056 5162 1195 5219 manibus
1210 5161 1294 5229 meis,
1311 5161 1425 5235 placide
1440 5165 1467 5219 et
1483 5161 1620 5235 benigne.
1636 5161 1727 5235 liripe
1743 5178 1789 5218 me
1804 5161 1837 5215 de

1298 4752 1430 4826 Sequitur
1443 4754 1542 4811 oratio.
1641 4761 1644 4764 ’

155 5322 193 5396 (1)
209 5321 292 5380 Saint
308 5320 422 5380 Perrtol
437 5326 482 5378 est
500 5320 537 5397 ici
554 5336 590 5376 au
608 5334 681 5393 rung
695 5319 747 5376 des
768 5325 905 5393 martyra,
921 5326 950 5379 et
1005 5323 1049 5380 les
1064 5321 1158 5381 saints
1173 5339 1263 5396 papea
1279 5327 1307 5379 et
1320 5323 1516 5380 consessenrs.
1529 5320 1617 5379 Aussi
1630 5322 1710 5379 dans
1732 5338 1787 5379 nos
1801 5320 1834 5376 li·

97 5403 177 5450 :noa
193 5393 245 5451 des
259 5395 309 5450 eve
331 5410 394 5462 uec,
411 5408 571 5482 parceque
583 5390 626 5448 les
642 5394 768 5464 martyre
792 5393 950 5464 precedent
1005 5395 1068 5452 nies
1083 5395 1162 5452 saint
1185 5393 1299 5451 Perreol
1324 5400 1369 5451 est
1393 5396 1512 5451 nomme
1536 5410 1604 5452 avec
1629 5393 1712 5451 saint
1733 5393 1834 5450 Antide

119 5462 162 5547 les
175 5465 300 5536 exaeques
310 5409 389 5522 1laus
404 5464 511 5547 lordre
525 5463 577 5520 des
596 5461 723 5547 litantes,
740 5476 853 5546 comme
868 5481 908 5548 ⁰¹¹.
922 5464 948 5522 le
1003 5470 1124 5541 martyr,
1141 5467 1192 5539 qui
1207 5483 1224 5522 α
1239 5465 1320 5522 aussi
1335 5467 1380 5521 ete
1394 5465 1455 5522 l'un
1471 5466 1507 5522 dc
1518 5481 1571 5522 nos
1581 5466 1728 5538 tueques3
1741 5470 1769 5521 et
1784 5480 1833 5548 nos

118 5539 178 5591 scat
192 5535 266 5590 dans
281 5535 368 5592 celles
383 5534 946 5608 del’llglrseromarnemdsarntPabreo
1002 5542 1102 5594 autres
1124 5540 1217 5593 saints
1238 5540 1363 5610 evtques
1391 5537 1576 5595 consesseurs
1604 5540 1674 5594 sont
1703 5551 1832 5594 nommes

103 5621 190 5685 pape
202 5609 234 5663 et
246 5610 363 5686 martyr
377 5623 413 5670 err
427 5608 482 5666 250
496 5611 542 5666 est
557 5621 624 5666 avec
639 5605 682 5665 les
708 5611 844 5683 martyra,
859 5615 947 5669 avaut
1001 5609 1076 5669 dans
1092 5625 1132 5669 un
1147 5610 1233 5669 ordre
1247 5609 1422 5686 posttrieur.
