3878 6098
139 337 177 400 rs
591 387 593 392 .
690 339 850 402 nicensi
874 339 906 402 s.
930 337 1084 402 neuton
1104 309 1298 402 honrem.
1808 335 1851 399 so

138 475 239 530 austro
254 469 284 526 in
293 469 531 545 septemtrionem
540 471 867 541 Oceanocireumdatos,
879 473 967 529 hfodi-
982 475 1009 542 Α
1024 471 1104 545 terit.)
1115 471 1180 528 Solo
1204 470 1312 543 inquit:
1331 471 1422 527 Gottio
1444 476 1567 526 monstro
1590 485 1646 525 reon
1671 467 1778 535 ltaboit,
1802 486 1832 525 se

138 565 307 619 terruneum
322 560 508 632 interjectum
518 561 539 596 ¹⁰
554 561 748 618 discriminat.
764 562 806 618 nb
823 563 969 619 Asiavero
1024 563 1093 618 viris
1115 561 1295 633 prudentibus
1308 568 1334 616 et
1356 560 1587 632 etoqrientissimis
1607 574 1716 631 rentper
1739 559 1851 615 claruit.

141 649 264 707 interius
279 666 380 705 earum
396 650 517 705 alteram
525 649 619 717 Nilus,
629 651 823 707 alteramvero
835 652 971 707 Mediter-
1025 649 1201 706 Preterhaec
1216 665 1333 721 quoque
1349 647 1441 720 Belgio
1458 648 1545 703 rebus
1566 646 1757 719 disponendis
1780 646 1853 702 insi·

143 754 275 807 rancum,
285 737 510 810 Thanuisqueac
520 738 634 809 Meotis‚
645 744 676 794 ut
685 738 794 795 dictum
806 743 859 806 est,
874 740 972 811 sejun-
1025 738 1153 812 galeros,
1169 738 1271 793 robore
1282 743 1369 809 atque
1380 736 1499 792 audatia
1512 753 1569 792 non
1578 735 1717 808 impares.
1726 737 1855 792 Maxime

144 830 227 902 gunt.
244 826 371 890 Quarum
389 826 511 900 singule
521 843 589 882 cum
600 828 732 899 proprias
741 826 974 883 habeuntdistri·
1026 843 1148 900 queque
1164 826 1256 898 magis
1271 825 1388 898 ingenio
1400 841 1489 898 quam
1500 824 1612 881 viribus
1624 828 1778 897 appetunt.
1788 825 1856 881 Etsi

145 915 294 982 notiones,
310 914 431 989 Europe
442 920 539 971 tamen
551 922 664 988 partem
674 933 764 972 unam
778 933 840 988 quae
850 915 973 971 Gallias
1027 915 1145 988 ingenio
1161 916 1191 971 in
1208 915 1381 987 annotandis
1396 917 1560 983 cassantur,
1583 912 1695 969 viribus
1716 914 1856 969 audacter

147 1005 273 1062 candore
288 1006 346 1072 (51)
369 1007 498 1070 vocatur,
512 1020 544 1060 eo
561 1005 640 1076 quod
665 1004 843 1061 candidioris
866 1002 972 1076 speciei
1028 1008 1161 1061 utuntur.
1177 1002 1238 1059 Cibi
1254 1003 1342 1059 etiam
1356 1007 1502 1075 potusque
1514 1003 1585 1057 adeo
1594 1001 1683 1073 parci.
1695 1000 1856 1056 Celtaevero

149 1093 266 1166 insigne
287 1093 351 1164 ejus
375 1093 491 1148 oriundi
516 1094 680 1164 preferant,
696 1093 727 1147 in
743 1110 812 1149 suas
836 1092 974 1147 diducere
1028 1109 1061 1149 ac
1076 1093 1224 1164 Aquitani,
1242 1091 1467 1148 consilio-simul
1482 1095 1511 1147 et
1526 1090 1645 1146 audatia
1659 1090 1790 1162 plurimi,
1810 1108 1857 1146 re·

150 1186 248 1255 partes
264 1185 360 1238 ratum
375 1181 454 1236 duxi.
714 1188 719 1196 ‘
1029 1181 1085 1236 bus
1101 1181 1247 1237 seditiosis
1263 1181 1418 1236 commodi.
1428 1179 1512 1236 Geltae
1521 1183 1619 1235 tamen
1627 1179 1721 1253 magis
1730 1179 1855 1251 providi,

185 1274 212 1325 2.
228 1271 309 1326 Istius
326 1270 421 1327 Gcitr'oe
433 1287 483 1342 per
504 1278 595 1342 portes
618 1271 788 1325 distributio.
805 1301 837 1310 —-
854 1268 973 1326 Gallia¹¹
1028 1269 1166 1343 Aquitani
1181 1287 1247 1326 vero
1261 1269 1424 1342 precipites
1440 1273 1578 1342 aguntur,
1591 1268 1812 1341 plurimumque
1828 1270 1857 1326 in

150 1375 219 1432 ergo
234 1363 263 1414 et
278 1359 343 1431 ipsa
357 1358 387 1413 in
397 1358 453 1414 tria
469 1358 608 1413 distincta
623 1363 677 1427 est,
688 1358 883 1431 inBelgicam,
894 1357 976 1414 Celti·
1030 1359 1161 1415 ciborum
1178 1358 1333 1431 rapiuntur
1346 1356 1519 1430 appetitum.
1536 1357 1617 1421 Ouod
1633 1357 1675 1413 sic
1689 1362 1734 1414 est
1749 1357 1791 1413 eis
1806 1356 1855 1412 in-

150 1464 226 1518 cam,
237 1446 454 1519 Aquitanicam.
466 1446 594 1509 Ouarum
605 1447 685 1518 prior
695 1446 819 1519 Belgica,
836 1447 975 1515 aRhcno,
1031 1453 1145 1515 netum,
1162 1451 1194 1502 ut
1210 1450 1313 1519 pretor
1328 1452 1464 1502 naturam
1484 1463 1542 1502 non
1568 1450 1717 1519 appetant,
1741 1446 1813 1502 ilinc
1829 1451 1859 1502 et

152 1536 203 1607 qui
218 1535 404 1590 Germaniam
420 1535 456 1590 ab
472 1534 585 1590 Oceano
599 1535 785 1604 determinat,
796 1554 860 1608 qure
873 1535 977 1591 multu·
1031 1535 1180 1609 Sulpicius
1195 1537 1312 1607 (Dictop.
1329 1553 1348 1603 1,
1366 1535 1408 1607 tl:
1424 1535 1560 1600 Edocitos,
1578 1535 1685 1606 inquit,
1712 1536 1742 1590 in
1758 1534 1859 1592 Grecis

152 1640 219 1679 rum
234 1623 368 1695 gentium
384 1624 472 1691 ferax,
489 1643 506 1680 a
520 1624 712 1697 germinando
727 1642 835 1681 nomen
855 1624 975 1697 accepit,
1031 1626 1098 1695 puio
1113 1633 1162 1687 est,
1178 1627 1208 1680 in
1224 1625 1308 1682 Gallis
1322 1634 1433 1681 nature.
1451 1625 1509 1679 Hos
1520 1639 1622 1679 omnes
1634 1622 1758 1695 populos
1768 1624 1828 1679 etsi
1839 1625 1858 1658 ¹⁶

153 1711 348 1784 exporrigitur
359 1729 453 1784 usque
468 1714 498 1768 in
515 1713 636 1770 fluvium
653 1714 825 1770 Matronam.
837 1715 880 1769 Ab
896 1718 977 1770 utro·
1032 1718 1138 1769 natura
1154 1714 1271 1781 feroces,
1287 1713 1323 1769 ab
1348 1713 1468 1785 antiquo
1494 1713 1552 1768 fere
1577 1728 1629 1784 per
1643 1711 1770 1767 omnia¹³
1791 1730 1857 1785 pro-

154 1817 211 1873 que
226 1817 291 1856 vero
300 1800 398 1869 latere,
413 1801 481 1857 hinc
489 1802 607 1874 quidem
619 1802 976 1873 AlpibusPcnninis‚inde
1032 1819 1116 1874 spero
1131 1803 1225 1875 egisse
1241 1807 1267 1858 et
1284 1819 1351 1857 cum
1375 1801 1509 1874 pagani¹⁸
1524 1804 1623 1856 essent
1646 1800 1774 1857 historie
1799 1807 1858 1857 tra-

154 1905 221 1946 vero
241 1889 457 1956 murivallatur,
471 1889 980 1963 cujuscireumlusioneinsulaBrit·
1034 1891 1147 1946 dunt¹⁰.
1175 1891 1243 1946 Post
1266 1906 1332 1946 vero
1355 1907 1373 1945 a
1396 1893 1496 1945 sancto
1522 1888 1683 1962 Remigio²⁰
1708 1888 1858 1962 baptizati,

155 1977 274 2034 tonnica
288 1977 422 2033 efficitur.
439 1979 687 2035 Celticaautcm¹²
698 1979 981 2053 aMatronaperlon-
1035 1978 1191 2051 adprime’¹
1208 1979 1286 2034 clara
1309 1994 1426 2049 semper
1440 1981 1468 2033 et
1482 1976 1620 2032 illustri²²
1645 1976 1766 2032 victoria
1784 1976 1859 2033 emi·

156 2081 226 2140 gum
242 2066 271 2121 in
287 2067 456 2123 Garunnam
472 2067 759 2140 distenditumcujus
770 2069 870 2137 latera,
880 2069 979 2124 oceani
1035 2066 1159 2123 cuissc²³
1175 2066 1317 2121 feruntur.
1333 2066 1587 2137 Ouorumquoque
1598 2064 1710 2137 primus
1726 2082 1775 2120 rex
1786 2064 1861 2120 chri-

141 2150 328 2224 “Britunnicl
345 2159 373 2211 et
389 2154 491 2210 insule
516 2156 702 2212 Brittannicus
728 2157 837 2213 limites
861 2158 978 2214 hubent.
1034 2156 1160 2225 stianuS,
1175 2155 1335 2211 Clodoveus
1349 2154 1617 2210 fuissetruditur.A
1633 2170 1691 2226 quo
1701 2170 1752 2226 per
1763 2170 1861 2209 succc-

156 2242 301 2316 Quicquid
315 2245 803 2300 veroaGarunnadistcnditur¹³in
815 2246 979 2311 Pireneum,
1035 2245 1134 2300 dentia
1148 2250 1280 2316 tempora
1294 2242 1521 2315 imperatoribus
1536 2243 1660 2317 egregiis
1676 2259 1722 2298 res
1742 2241 1860 2314 publica

156 2331 331 2403 Aquitanica
354 2329 529 2403 appellatur,
556 2333 652 2388 hinc¹‘
677 2333 817 2389 Rhodano
840 2333 981 2405 Ararique
1035 2333 1197 2405 gubernata
1211 2331 1300 2387 fuisse
1316 2332 1489 2399 dinoscitur,
1507 2348 1600 2403 usque
1615 2331 1651 2387 ad
1675 2332 1826 2399 Karolum,
1843 2349 1861 2386 a

157 2424 246 2490 atquc
261 2418 328 2475 inde
342 2418 551 2477 Mediterranea
571 2421 767 2478 conlimitans.
793 2424 912 2479 Constat
927 2422 980 2477 ita·
1036 2437 1093 2493 quo
1108 2421 1235 2475 historice
1252 2437 1405 2476 sumemus
1420 2419 1548 2487 initium,

157 2505 856 2582 que,totiusOalliaespatiumoborientequidcm
868 2510 979 2578 Rheno,
1071 2511 1096 2565 l.
1114 2510 1193 2581 (laod
1217 2511 1248 2565 ob
1272 2511 1423 2580 infantiam
1446 2517 1472 2565 et
1485 2511 1645 2581 principum
1669 2507 1862 2564 dissidentiam

157 2597 194 2653 ab
209 2595 357 2652 occidente
369 2596 533 2669 Pyreneo¹¹,
546 2602 574 2652 et
587 2615 603 2653 a
614 2599 810 2671 septentrione
823 2598 897 2655 meri
906 2600 981 2655 Brit·
1032 2608 1140 2672 pyrate
1154 2599 1287 2654 cortone
1304 2600 1465 2670 irruperint.
1481 2629 1516 2639 -
1534 2598 1583 2653 llic
1599 2603 1711 2669 patrem
1728 2597 1861 2653 habnit²⁵

156 2685 285 2754 tonnico,
302 2686 339 2740 ab
353 2690 452 2742 austro
468 2704 534 2744 vero
550 2687 760 2744 Mediterraneo
776 2688 864 2761 cingi.
1034 2687 1267 2743 Karlomannum
1278 2703 1375 2759 regom
1390 2689 1459 2756 (52),
1470 2704 1556 2742 avum
1567 2703 1633 2742 vero
1643 2690 1796 2758 paternum
1807 2686 1862 2740 Lu-

191 2775 218 2830 3.
237 2778 327 2831 Mores
347 2773 496 2831 Gallorum.
514 2807 547 2817 -
566 2776 704 2832 Omnium
727 2794 794 2850 crgo
819 2776 981 2833 Galliarum
1034 2776 1170 2832 doricum
1183 2780 1376 2849 cognomento
1387 2775 1520 2844 Balbum,
1533 2777 1763 2831 abavumautcm
1773 2780 1862 2831 Karo-

157 2861 256 2936 populi
271 2862 371 2919 innata
385 2864 504 2919 audatia
514 2863 676 2936 plurimum
687 2866 857 2935 efferuntur,
869 2865 981 2923 calum·
1034 2864 1096 2921 lum
1113 2865 1241 2932 Calvum,
1254 2864 1465 2920 Germanorum
1476 2869 1563 2936 atque
1581 2863 1729 2919 Gallorum
1738 2863 1862 2936 impera-

156 2950 979 3024 niarumimpotientes.Siincitantur,cedibusexultant,
1034 2959 1128 3010 torcm
1157 2953 1317 3026 egregium.
1344 2953 1462 3009 Biennis
1486 2952 1581 3008 adhuc
1606 2957 1719 3025 patrem
1746 2952 1860 3020 amisit;

156 3039 326 3113 efferatique
338 3038 545 3097 inclementius
561 3042 744 3099 adoriuntur.
757 3044 852 3100 Semel
864 3061 982 3117 persua·
1035 3043 1154 3099 matre²⁶
1170 3041 1216 3096 vix
1231 3058 1282 3112 pcr
1297 3040 1523 3114 quadriennium
1534 3041 1701 3114 superstite.
1718 3040 1760 3096 Ob
1776 3042 1861 3113 cujus

155 3144 223 3184 sum
239 3145 272 3184 ac
286 3127 448 3186 rationibus
472 3131 676 3203 approbatum,
693 3131 740 3188 vix
760 3132 889 3189 refellere
911 3150 980 3189 con·
1034 3131 1189 3188 infantiam
1202 3146 1268 3184 cum
1279 3146 1434 3202 regnorum
1447 3130 1593 3202 principes
1604 3129 1802 3186 nimiarerum
1815 3147 1862 3185 cu·

155 3221 287 3273 suerunt.
306 3215 387 3273 Unde
402 3222 431 3273 et
455 3217 642 3275 Hierouimus
658 3221 666 3292 (
681 3237 723 3292 ep.
747 3223 792 3292 60,
817 3222 878 3277 odo.
905 3222 978 3291 Vipi·
995 3205 1016 3271 C
1035 3220 1135 3293 pidine
1150 3235 1215 3275 sese
1224 3218 1324 3292 praeire
1333 3219 1551 3287 contenderent,
1564 3217 1690 3291 quisque
1705 3224 1738 3274 ut
1749 3223 1862 3291 poterat

835 3364 955 3420 VAlllAE
975 3362 1179 3420 LEGTIONES.

177 3458 212 3541 ⁰¹⁰
226 3456 397 3540 interjectus
420 3457 478 3514 cod.
517 3460 537 3494 ¹¹
552 3476 612 3542 cop.
637 3464 664 3516 2.
681 3462 708 3515 3.
737 3461 914 3517 Etlebordur
936 3463 966 3517 in
981 3461 1105 3541 historic!
1121 3460 1238 3531 Pippini
1259 3463 1286 3514 et
1303 3459 1506 3541 Ifcrotomurerti
1533 3459 1672 3540 maiorum
1695 3459 1792 3540 domus
1816 3475 1859 3540 re·

151 3545 205 3598 qroe
219 3537 372 3600 exscripsit.
411 3529 433 3563 ¹²
448 3535 546 3586 autem
562 3529 630 3586 hmo
645 3537 779 3587 matrona
795 3533 863 3588 inde
897 3549 1012 3588 arnone
1026 3530 1158 3587 abluitur
1171 3533 1249 3602 prior
1263 3531 1351 3586 tectio.
1391 3529 1714 3601 ¹³d.1nh1berumqur
1740 3530 1860 3584 hiberus

152 3598 262 3672 regioni
279 3616 385 3655 nomen
402 3599 519 3668 indidit,
535 3617 629 3674 usque
645 3602 673 3657 in
690 3620 832 3659 oceanum
847 3550 943 3660 deleta.
982 3605 1003 3639 ¹⁸
1018 3602 1049 3658 h.
1066 3601 1220 3675 provincie
1235 3600 1412 3674 lugdunensi
1428 3605 1515 3672 atque
1531 3601 1599 3657 inde
1615 3602 1640 3656 l.
1680 3600 1821 3681 “hybero
1832 3602 1858 3654 l.

152 3671 367 3727 “vocabscito
385 3743 390 3754 Ι
408 3672 428 3706 ¹⁷
444 3689 473 3744 p.
498 3689 524 3728 o.
542 3675 667 3740 ebreus:
691 3675 780 3730 toeum
803 3675 961 3743 dicteturdo
983 3673 1108 3730 adhibito
1124 3674 1241 3729 restitui.
1281 3673 1302 3707 ¹⁸
1319 3689 1367 3753 uni
1393 3688 1431 3743 po
1456 3673 1572 3729 abscisa.
1613 3673 1633 3709 ¹⁰
1647 3676 1730 3752 retra
1745 3670 1855 3752 abscisa

152 3743 246 3798 ”aa
264 3741 298 3797 R
314 3743 448 3824 abecuc„
469 3743 489 3778 ²¹
506 3744 590 3825 adpri
605 3746 752 3801 abachum.
791 3743 1220 3818 ²*asempenlustriobsciso.
1259 3743 1555 3825 ”emmunitatem
1593 3741 1858 3814 ’‘allieecoopect.

151 3813 284 3887 supplevi.
322 3814 345 3848 ¹⁸
359 3813 465 3870 habuit
477 3815 645 3872 ludovicum
661 3833 759 3889 regem
776 3834 801 3873 c.
818 3818 847 3874 b.
864 3834 955 3874 uuum
970 3833 1038 3873 vero
1054 3818 1079 3872 l.
1118 3816 1141 3850 ¹⁶
1157 3831 1197 3870 m.
1214 3813 1301 3887 paulo
1316 3818 1383 3870 ante
1399 3829 1509 3871 amissa
1526 3818 1551 3870 t.

954 3932 1071 3989 NOTAE.

203 4025 233 4080 5l
264 4023 382 4080 Scilicet
396 4042 413 4080 a
428 4027 503 4089 γάλα,
520 4028 573 4082 tec.
1036 4043 1103 4084 sum
1118 4043 1151 4082 co
1186 4027 1223 4082 ici
1239 4031 1343 4098 potest.
1360 4029 1433 4084 Cum
1450 4031 1579 4101 potestas
1593 4028 1778 4099 quorundam
1793 4030 1862 4081 tunc

202 4097 238 4150 52
264 4095 325 4150 lmo
340 4095 519 4178 Ludovicum
528 4096 662 4164 Balbum,
673 4115 736 4179 ‚quo
746 4100 884 4157 defuncto
894 4105 981 4157 natus
1036 4043 1616 4171 fulgida[hlominabaturtpeccatisautcm
1626 4098 1862 4170 promerentibus

156 4171 211 4222 est.
228 4198 263 4206 -
279 4167 336 4222 lloc
349 4170 537 4239 potissimum
547 4168 863 4228 loconotrtiamsistere
871 4172 982 4245 placuit
1035 4169 1146 4242 perpeti
1162 4170 1219 4224 fine
1235 4170 1272 4240 (bt
1286 4169 1424 4226 deficiens
1439 4168 1612 4234 itaevanuit,
1631 4174 1663 4224 nt
1678 4185 1731 4225 nec
1742 4169 1860 4241 quidem

156 4238 194 4293 ud
209 4236 318 4293 bellum
335 4255 411 4293 anno
426 4240 479 4293 880
493 4257 510 4295 a
525 4239 670 4295 Ludovico
681 4241 799 4312 Juniore
811 4249 912 4299 contra
928 4245 981 4299 Lu·
1037 4241 1125 4314 digno
1138 4241 1284 4295 memorias
1301 4241 1471 4297 retineatur.
1485 4263 1498 4290 u

156 4312 272 4380 gestum
290 4309 482 4374 referendam,
500 4327 588 4382 quam
612 4311 812 4369 bochmeruus
834 4319 933 4370 noster
947 4333 981 4371 cx
1399 4313 1496 4368 Aliter.

156 4378 255 4436 codice
279 4379 358 4452 regio
383 4380 550 4436 Monacensi
574 4382 651 4438 inter
671 4384 858 4455 Augustanos
882 4404 911 4442 ῃ,
930 4387 975 4442 151
1071 4406 1084 4432 «ι
1101 4387 1173 4436 Cum
1189 4382 1395 4439 seLudovicus
1420 4381 1584 4455 prosperari
1608 4381 1768 4448 estimaret,
1788 4381 1860 4436 etin

156 4453 231 4507 mbr.
248 4468 303 4507 sec
318 4469 356 4507 1x.
373 4450 403 4506 in
421 4453 450 4506 4⁰
463 4469 589 4508 canones
602 4457 631 4508 et
645 4454 804 4512 decretales
828 4457 980 4514 exhibente
995 4459 1018 4522 D
1034 4470 1123 4526 regno
1139 4453 1321 4522 occidentali,
1339 4455 1417 4525 quod
1433 4459 1504 4510 tunc
1519 4453 1684 4509 inordinate
1700 4469 1861 4524 occupave-

156 4521 320 4594 descripsit.
336 4523 465 4578 Habetur
479 4523 519 4579 ibi
536 4523 584 4578 fol.
600 4526 635 4579 rt
652 4525 770 4582 ultimo:
1036 4530 1090 4592 rat,
1106 4524 1135 4580 in
1156 4542 1214 4607 quo
1238 4525 1303 4594 ejus
1325 4524 1475 4580 invasione
1500 4524 1664 4597 sacrilegia,
1688 4522 1858 4591 homicidia,

192 4615 205 4641 κ
222 4596 293 4648 Cum
309 4609 441 4649 essemus
455 4597 537 4666 juxta
552 4595 672 4651 fluvium
692 4597 782 4652 Aisna
797 4597 827 4653 in
846 4598 916 4654 villa
932 4599 980 4655 lli-
1035 4601 1149 4669 stupra,
1165 4595 1309 4660 incendia,
1325 4600 1485 4668 ceteraque
1496 4596 1628 4651 inaudita
1638 4594 1746 4650 scelera
1761 4610 1861 4666 perpe-

156 4666 214 4719 test
226 4664 264 4735 (a)
280 4680 330 4718 vm
346 4663 407 4719 Kal.
427 4666 754 4739 l'ebr.invigiliasoncti
771 4670 981 4740 Praejectimar-
1035 4671 1111 4723 trata
1140 4668 1265 4732 fucrant,
1290 4671 1320 4721 ct
1345 4666 1390 4723 his
1415 4666 1584 4723 vanissimis
1615 4665 1860 4738 prosperitatibus

155 4733 187 4789 th
224 4733 249 4789 is
265 4738 331 4806 post
345 4732 453 4790 horem
469 4736 857 4806 dieinonam,suhitomirat
869 4741 982 4815 magni·
1035 4737 1134 4794 animo
1157 4737 1352 4805 extolleretur,
1378 4739 1525 4794 industria
1547 4737 1725 4810 principum,
1751 4736 1860 4808 quire-

155 4751 267 4861 tulinis
282 4808 312 4861 et
326 4804 490 4878 splendoris
505 4808 588 4864 sidus
604 4810 733 4865 emicuit.
752 4813 833 4877 Quod
855 4812 981 4885 denique
1034 4825 1126 4882 gnum
1142 4808 1214 4864 illud
1230 4813 1301 4864 tunc
1325 4810 1539 4882 gubernabant,
1565 4812 1645 4864 extre
1661 4810 1735 4863 fmes
1759 4824 1860 4862 eorum

155 4874 245 4933 stellae
261 4875 980 4960 modulumsnpereminensexcessit,etsolismen·
1035 4880 1173 4936 reductus
1189 4883 1336 4960 est,atque
1359 4879 1388 4934 in
1404 4879 1506 4935 eadem
1531 4879 1695 4935 reversione
1719 4878 1862 4934 ammissa

155 4963 256 5004 suram
272 4964 331 5002 non
347 4947 487 5020 implevit.
504 4949 585 5007 Unde
604 4952 688 5007 nobis
704 4952 778 5008 illud
793 4954 979 5010 cernentibus
1034 4968 1086 5023 spe
1101 4950 1193 5006 invasi
1209 4966 1291 5022 regni
1317 4952 1400 5015 (880),
1417 4950 1516 5007 obvios
1542 4951 1647 5007 babuit
1672 4951 1860 5015 Nortmunos,

155 5017 252 5075 visum
267 5022 312 5074 est
326 5018 472 5076 interdum
488 5021 709 5078 flammantibus
726 5024 815 5080 radiis
830 5025 906 5081 ultra
922 5042 980 5081 mo·
1034 5038 1101 5077 cum
1131 5020 1239 5093 quibus
1267 5017 1342 5075 bello
1372 5022 1645 5090 commisso,carum
1672 5020 1799 5093 perdidit
1827 5021 1860 5074 fr-

155 5090 226 5145 dum
243 5105 418 5158 excrescere,
434 5090 581 5149 interdum
597 5094 687 5149 nimio
708 5092 817 5166 pallore
841 5096 977 5163 deficere;
1033 5092 1148 5160 lium(c)
1157 5096 1295 5163 tantaque
1303 5092 1460 5149 afflictione
1477 5094 1507 5149 in
1523 5093 1859 5156 redeundoattritusest,

155 5160 419 5289 {testritio
434 5162 597 5247 Μ
621 5163 772 5220 Μ
790 5166 978 5291 Μ
1034 5161 1490 5289 litteratiori
1519 5233 1850 5291 1

155 5302 231 5359 tium
240 5276 390 5387 'ingereret
404 5251 782 5387 allilllrg’olllslllasculililrnqusr?
789 5253 978 5364 ggiehegllrggs
1032 5252 1090 5432 ¹{Ille
1103 5250 1858 5387 illicogrroabilibuglchparrglffillbgssuurrrdlllquuelgralllhllills,

155 5376 263 5429 nostris
286 5375 437 5432 obtutibus
461 5378 597 5444 auferret,
642 5381 740 5432 enatus
766 5379 892 5433 evanuit.
920 5379 978 5435 Noc
1058 5380 1340 5449 ortmannorunrque
1355 5376 1540 5433 infestatione
1565 5380 1758 5448 inquietatus,
1780 5375 1859 5432 febre

76 5476 83 5493 ·
155 5444 263 5501 etenim
279 5445 314 5500 ab
330 5463 360 5502 re
376 5445 430 5503 hoc
445 5394 873 5521 steltaesignulnhujuscenndi
884 5455 978 5507 osten·
1032 5447 1197 5520 corripitur,
1214 5446 1351 5503 ultimum
1362 5449 1503 5522 emittens
1518 5448 1656 5520 spiritum
1671 5448 1756 5517 (882).
1773 5470 1787 5495 »

188 5573 227 5640 (o)
243 5569 330 5626 hodie
344 5570 445 5627 fltetet.
1068 5574 1102 5645 (r)
1117 5572 1278 5645 Hugouem.

191 5643 229 5713 (b)
243 5657 259 5697 e
271 5641 347 5697 baud
362 5641 471 5711 tegitur.
