3878 6098
99 281 185 369 ater

689 276 897 344 exaestuo
919 256 1048 339 suana
1074 272 1235 340 ursaia.

1736 282 1814 348 titt

107 416 194 493 panis
210 433 244 474 ex
256 411 357 473 multis
368 413 521 472 coniicitur
531 414 782 488 granis‚etvinum
793 409 978 478 ermultisA
994 429 1138 469 memores
1154 411 1234 469 illius
1249 429 1281 470 se
1292 429 1357 469 esse
1372 413 1554 486 profitentur,
1567 412 1716 489 quiaipsis
1740 415 1814 475 cele-

108 523 235 566 uaarum
262 505 392 561 racemis
411 503 592 577 exprimitur,
610 504 651 560 sic
673 508 702 559 et
718 502 856 568 Ecclesia,
872 519 937 574 qua

108 600 155 654 est
168 596 281 668 Corpus
294 593 401 651 Christi
416 611 451 649 ex
472 593 576 650 multis
591 592 731 666 gradibus
746 598 776 648 et
789 591 935 660 aratinus,

108 691 138 742 et
153 684 297 758 personis,
314 687 342 739 et
356 680 465 755 linguis
480 686 673 754 congregatur
687 681 716 736 in
731 697 820 736 unam
837 680 935 734 tidem.

108 773 226 833 Eisdem
242 772 350 845 quippe
363 772 495 828 materiis
508 770 651 826 Dominus
661 787 691 825 se
702 769 799 840 ipsum
811 768 938 824 ostendit

108 863 210 920 dicens
227 879 234 916 ι
251 861 311 934 lige
334 878 401 917 sum
423 860 509 932 panis
524 859 615 916 vivus.
634 860 666 914 Et
682 859 758 914 inira
774 874 781 913 ε
798 858 937 930 ligneum

107 952 177 1008 vitis
191 968 268 1006 vera.
285 950 321 1005 Et
343 949 408 1005 ideo
433 949 463 1004 in
488 949 605 1005 easdem
631 946 780 1016 materias,
797 947 874 1001 unde
890 962 938 1000 cor

109 1038 240 1097 beminis
255 1039 456 1104 confirmatur,
471 1041 499 1093 et
513 1037 677 1093 laetificatur
691 1036 804 1092 dicente
815 1034 938 1091 Psalmi-

110 1133 157 1186 sta
173 1145 180 1184 :
198 1127 283 1203 panis
299 1144 348 1183 cor
361 1126 490 1184 hominis
506 1128 670 1191 confirmat,
688 1131 715 1181 et
729 1125 829 1181 vinum
845 1123 949 1217 last-ib]

110 1217 390 1289 cat.Corpussuum
401 1213 938 1287 Dominustransfiguravitutquam-

111 1306 162 1362 diu
179 1304 251 1360 illud
265 1303 519 1375 adsumpserimus
537 1302 604 1368 lati,
620 1307 648 1357 et
664 1301 740 1357 tirmi
756 1319 937 1369 maneamus,

111 1399 142 1451 ct
154 1394 217 1467 ipse
233 1394 261 1447 in
279 1392 374 1460 nobis,
391 1391 453 1464 ipso
480 1392 666 1463 promittente
683 1409 689 1446 :
708 1391 758 1463 qui
781 1391 940 1447 manducat

112 1499 232 1540 earnem
248 1498 353 1549 meam,
370 1486 399 1536 et
413 1480 487 1536 bibit
514 1480 688 1553 sanguinem
714 1497 813 1536 meum
837 1480 866 1534 in
893 1497 940 1535 me

991 502 1084 557 bratio
1101 501 1235 558 sacrificii
1253 502 1342 573 hujus
1358 501 1517 559 commissa
1531 506 1576 559 est
1591 504 1625 559 ad
1642 521 1814 562 consecran-

990 590 1189 647 dum.Deinde
1201 591 1348 657 subditur,
1356 593 1406 647 sed
1422 597 1451 647 ct
1466 590 1547 663 plebe
1560 596 1658 659 tua,ut
1669 592 1814 666 intelliga-

991 706 1058 744 mus
1073 706 1130 744 nan
1152 688 1247 745 solum
1263 689 1470 745 Sacerdotibus
1486 689 1608 762 dignum
1625 707 1689 746 esse
1705 708 1816 748 meme·

991 777 1064 833 riam
1080 778 1187 834 Christi
1203 779 1344 844 tvenereri,
1360 778 1410 834 sed
1427 781 1454 833 et
1467 778 1643 852 generaliter
1666 779 1815 848 omnibus,

992 867 1075 941 plebs
1097 866 1204 923 Christi
1225 867 1344 933 vocatis,
1361 867 1432 939 qtria
1460 884 1512 939 pro
1541 869 1656 925 cunctis
1684 868 1817 926 Christus

992 960 1127 1012 mortuus
1139 960 1193 1022 est,
1205 960 1234 1010 et
1249 956 1416 1023 resurrexit,
1429 960 1458 1012 et
1468 957 1504 1011 ad
1515 955 1603 1012 eoeles
1614 958 1705 1013 victer
1720 975 1818 1015 aseen-

992 1046 1044 1102 dit.
1058 1047 1124 1117 lpse
1132 1044 1240 1101 etenim
1257 1049 1358 1101 sancta
1372 1045 1489 1112 dicitur,
1501 1046 1571 1117 quia
1582 1063 1634 1119 per
1644 1046 1816 1120 mysterium

992 1145 1067 1200 sacri
1083 1143 1269 1214 baptismatis
1284 1148 1329 1198 est
1345 1142 1453 1199 abluta.
1466 1145 1501 1199 Et
1512 1145 1592 1214 juste
1607 1144 1745 1216 adjicitur
1755 1151 1815 1202 tua.

992 1232 1062 1303 quin
1077 1231 1138 1287 Filii
1156 1232 1200 1287 sui
1218 1231 1333 1286 Domini
1358 1233 1449 1288 nostri
1474 1234 1544 1289 lesu
1568 1233 1675 1289 Christi
1700 1235 1817 1306 proprio

993 1338 1096 1376 cruore
1110 1325 1155 1376 est
1171 1321 1330 1391 redempta.
1352 1322 1518 1377 lambente
1536 1323 1683 1392 passionis,
1700 1340 1749 1378 nee
1763 1339 1818 1378 non

992 1418 1017 1466 et
1033 1411 1067 1464 ab
1080 1412 1178 1480 inseris
1203 1410 1420 1475 resurrectionis,
1436 1409 1482 1464 aed
1505 1417 1531 1464 et
1554 1413 1584 1464 in
1598 1412 1676 1466 caelos
1690 1413 1819 1480 gloriosse

992 1507 1171 1562 ascertaiania.
1188 1506 1296 1561 Herum
1313 1522 1381 1577 erge
1397 1506 1530 1561 amnium
1547 1524 1650 1562 sumus
1663 1525 1818 1572 memores,

111 1577 224 1672 mffflelr
239 1575 268 1626 et
283 1587 336 1669 ⁰89
352 1571 382 1624 5¹¹
407 1587 450 1670 ‘³⁰3
467 1569 684 1671 D¹¹²³⁰t¹fisffnu⁸
706 1569 796 1669 mins
821 1568 938 1634 dieitur’
993 1595 1063 1668 quia
1078 1611 1130 1667 per
1145 1595 1205 1649 haec
1220 1610 1273 1649 nas
1287 1593 1434 1649 credimus
1448 1610 1512 1649 esse
1524 1593 1819 1654 salvatoslltidcirco

111 1677 193 1734 (lumi
210 1676 344 1732 ‘luamws
360 1656 444 1714 muln
465 1663 535 1714 ⁸⁰¹st
559 1657 633 1724 ”¹¹¹³
648 1662 865 1731 &mammem
882 1675 940 1745 ΠΨ
993 1686 1134 1756 offerimus
1152 1683 1299 1756 praeclarae
1320 1683 1457 1754 majestati
1479 1690 1535 1740 true
1558 1684 1593 1739 de
1615 1685 1669 1740 tatis
1693 1683 1771 1740 donia
1790 1703 1822 1742 ac

112 1753 229 1806 natura.
248 1747 304 1804 lstc
319 1747 399 1804 solus
415 1746 588 1803 naturaliter
602 1752 648 1803 est
663 1746 755 1803 Filius
772 1747 854 1803 Patre
870 1752 979 1846 otte-B
993 1775 1076 1839 dam,
1107 1774 1226 1829 postiam
1248 1788 1358 1844 puram,
1383 1773 1505 1827 pom-am
1536 1781 1669 1840 samam,
1700 1776 1821 1830 pom-am

111 1840 220 1904 stante,
236 1835 287 1909 qui
302 1834 396 1891 dicit:
416 1835 464 1890 llic
476 1839 521 1892 est
537 1833 626 1890 illius
652 1853 735 1892 meus
758 1836 893 1902 dilectus,
910 1835 939 1891 in
994 1849 1214 1929 mmmmm·
1230 1862 1334 1915 pam
1352 1868 1478 1915 mmmm
1500 1862 1566 1918 ΝΜ
1579 1870 1691 1919 mm,
1701 1871 1727 1918 εἰ
1743 1863 1821 1919 Capi,

111 1942 173 1999 q⁰⁰
202 1924 275 1981 mihi
305 1925 378 1981 bene
407 1922 580 2024 ⁰⁰¹¹¹l³l¹³⁰¹¹³⁰
597 1924 746 2026 [minus.
766 1926 852 1994 Deus»
871 1925 941 2027 ‘luia
993 1952 1159 2008 aemaalntia
1176 1957 1320 2021 rerpetaa.
1337 1947 1442 2003 Hostia
1458 1949 1535 2020 apud
1550 1953 1661 2005 veteres
1683 1950 1820 2006 diceban·

113 2014 197 2072 selus
206 2031 273 2070 cum
285 2013 378 2082 Patre,
392 2018 419 2069 et
430 2015 542 2087 Spiritu
555 2030 609 2070 san
628 2019 657 2070 to
668 2015 847 2081 domanatur,
859 2021 887 2071 et
900 2016 942 2070 dr·
995 2045 1044 2097 tur
1054 2039 1207 2100 sacrificia·
1221 2055 1283 2110 qua.
1295 2037 1575 2108 fiebanggntgquam
1587 2038 1623 2093 ad
1634 2037 1748 2094 hostem
1759 2056 1821 2111 per.

112 2105 182 2162 vino
197 2104 278 2159 cultu
294 2101 409 2159 colitur.
426 2102 539 2159 Christe
562 2102 644 2168 Jcsa,
659 2107 720 2159 baec
736 2104 856 2159 nomina
871 2110 941 2159 sunt

114 2192 219 2258 divinae
234 2191 333 2266 gratim
349 2208 408 2247 suar
423 2209 430 2260 ;
448 2208 539 2246 unani
560 2195 659 2248 tamen
683 2192 835 2260 hebreum,
852 2194 942 2249 idest

114 2283 213 2345 Jesus,
230 2282 306 2354 qued
324 2281 532 2353 iuterpretatur
548 2281 688 2337 Salvator.
706 2281 787 2338 Unde
810 2282 939 2338 dieitur:

114 2371 234 2429 Salvam
246 2370 332 2427 faciet
342 2369 484 2442 populum
510 2386 597 2425 suum
609 2370 762 2442 apeccatis
774 2373 942 2428 eorumdi-

115 2464 212 2517 terum
228 2474 358 2532 grecum,
376 2458 404 2514 id
419 2462 473 2523 est,
488 2458 612 2525 Christe,
629 2460 706 2515 unde
717 2460 780 2531 jam
806 2462 942 2533 superius

116 2549 228 2605 dictum
251 2551 305 2604 est.
318 2547 371 2615 Qut
382 2547 483 2618 pridie,
499 2563 581 2618 qaam
594 2555 745 2619 pateretur.
761 2549 856 2604 Pridie
871 2551 942 2607 dici-

116 2642 176 2703 tur,
191 2637 277 2711 quasi
293 2653 351 2710 pra
368 2634 424 2703 die,
442 2635 471 2690 id
487 2640 540 2703 est,
557 2641 624 2693 ante
639 2637 727 2706 diem,
741 2655 798 2710 qua
813 2655 865 2710 per
880 2657 944 2711 pus·

115 2727 228 2784 sionem
258 2725 448 2782 occideretur.
473 2727 580 2798 Accepit
604 2742 705 2798 panem
730 2729 760 2783 ia
782 2737 892 2784 acinetos
912 2746 944 2784 ac

115 2816 284 2874 uenerabiles
298 2831 397 2870 mcrnm
410 2831 484 2870 snas.
499 2815 530 2870 ln
541 2813 596 2872 hoc
611 2831 686 2888 pane
701 2815 768 2888 quis
784 2815 870 2876 nlius.
886 2817 942 2873 nisi

115 2904 165 2961 ille
180 2903 266 2978 panis
280 2903 362 2958 vivus
378 2903 559 2976 designatur,
578 2903 628 2976 qui
644 2905 680 2959 de
695 2903 766 2960 coelo
782 2906 941 2963 descendit.

116 2994 149 3050 m
177 2993 288 3049 emanat
311 2992 396 3049 nata
419 2993 449 3046 in
477 2992 585 3057 cetam,
601 2992 636 3047 ad
662 3000 686 3049 te
715 2994 806 3048 Dnum
836 3000 944 3052 Patrem

115 3100 200 3141 saum
213 3081 431 3154 omnipotentem.
448 3079 555 3137 Ocules
579 3080 701 3137 elevavit
725 3082 753 3137 in
778 3083 895 3151 coslum,
912 3087 945 3139 ut

117 3172 286 3229 estenderet
313 3170 398 3227 nobis
427 3168 457 3225 in
482 3170 630 3236 omnibus,
647 3188 712 3243 qua
727 3171 854 3245 agimus,
870 3173 943 3230 nihil

118 3276 249 3334 querere
264 3263 412 3315 terrenum
426 3277 432 3327 ;
447 3264 476 3315 et
486 3262 519 3317 ut
534 3258 663 3315 sciamus
675 3259 744 3316 inde
759 3261 844 3318 nobis
859 3279 946 3319 omno

117 3348 217 3407 venire
232 3349 353 3404 bonum.
372 3348 431 3404 Titi
445 3350 550 3417 pretias
571 3364 653 3419 opens
675 3351 823 3406 benedicit.
840 3353 945 3408 Crem«

119 3437 202 3512 plum
219 3436 304 3494 nabis
318 3437 442 3505 donans,
460 3441 492 3493 ut
507 3437 536 3491 in
553 3437 772 3510 omnibusque
786 3439 859 3496 bene
874 3457 947 3514 gen·

118 3544 199 3596 mas,
230 3526 287 3583 Deo
313 3525 423 3600 gratias
456 3542 572 3598 semper
599 3543 732 3599 agamus.
748 3531 851 3597 Frepit
872 3529 947 3585 dedit

117 3616 264 3688 descipulis
276 3614 427 3680 ruiaouid
438 3613 518 3671 aliud
534 3614 681 3687 significat
695 3615 724 3670 in
741 3617 880 3673 fractione
894 3618 946 3673 hu-

113 3706 167 3778 jtre
177 3704 273 3780 panis,
287 3704 343 3761 nisi
354 3704 424 3777 quia
434 3720 541 3776 corpus
556 3722 643 3761 suum
657 3706 862 3761 manducabile
873 3723 946 3778 pra-

116 3793 185 3852 buit
198 3793 293 3851 nabis.
309 3794 404 3850 Simili
431 3794 513 3849 moda
535 3801 675 3866 postquam
698 3802 833 3850 eoenatam
851 3804 899 3863 est,
915 3795 944 3851 id

117 3886 173 3950 est,
186 3886 342 3954 postquam
354 3879 403 3936 ille
412 3881 689 3938 veteristestamenti
698 3890 945 3956 agnuscemestus

117 3974 174 4027 est.
185 3969 267 4033 Quod
279 3968 351 4025 dicit
361 3967 452 4025 simili
464 3970 560 4037 modo,
574 3987 631 4025 nen
644 3970 723 4026 aliud
734 3976 788 4037 est,
801 3972 858 4028 nisi
871 3973 947 4030 sicut

117 4058 187 4115 iecit
212 4057 339 4131 primum
364 4058 399 4114 de
423 4075 509 4131 pane,
526 4059 575 4123 sic.
592 4075 644 4131 per
663 4060 762 4116 omnia
777 4061 854 4130 lecit,
870 4066 899 4118 et
911 4064 947 4118 de

116 4146 219 4204 calice.
235 4142 314 4203 Sicut
328 4145 414 4202 illum
429 4148 539 4220 gratias
554 4149 667 4220 agendo
692 4149 840 4206 benedixit
864 4155 946 4206 trau-

117 4253 191 4312 gens
206 4237 241 4293 ad
256 4237 505 4304 manducandum,
523 4238 565 4293 sic
590 4241 619 4293 et
643 4237 722 4293 huuc
748 4239 946 4296 benedicendo

116 4323 240 4382 tradidit
253 4324 407 4399 discipulis
423 4325 459 4382 ad
474 4325 634 4383 bibendum
650 4327 769 4385 dicens:
786 4330 947 4401 :lecipitaet

119 4413 204 4469 bibite
218 4429 294 4470 eaeo
314 4430 426 4482 omnea;
440 4415 485 4470 bic
512 4416 587 4491 enim
613 4416 689 4471 calte
714 4418 867 4486 Sanquinii
892 4420 948 4474 otei

116 4502 193 4560 naut.
210 4509 236 4557 et
249 4504 347 4559 aterni
365 4505 528 4559 testamenti.
546 4504 627 4570 Quod
654 4508 752 4561 autem
778 4505 886 4562 dicitur
899 4505 985 4581 hicn

117 4589 196 4648 calix
210 4590 275 4647 novi
291 4592 458 4649 testamenti
468 4593 519 4660 ;ad
534 4591 739 4650 discretionem
754 4594 859 4650 veteris
874 4593 948 4668 legis

117 4677 230 4736 dieitur
243 4678 356 4736 dicente
371 4680 468 4754 Moyse
484 4697 491 4736 :
507 4682 557 4736 llic
571 4689 609 4737 cst
632 4685 756 4753 canania,
773 4700 852 4755 paean
866 4701 947 4739 omn·

116 4767 196 4824 decit
218 4767 255 4824 ad
268 4784 317 4824 noa
333 4771 477 4825 Dominus.
493 4771 642 4827 Materiam
657 4771 732 4841 atet,
749 4773 796 4843 qui
809 4788 859 4844 pro
874 4773 948 4828 vebia

117 4850 287 4930 effundetur.
303 4855 377 4923 Quia
399 4854 515 4926 dicitur,
532 4857 588 4914 nisi
613 4859 860 4915 manducaveritis
884 4875 947 4915 car-

117 4960 187 5001 uem
202 4942 266 5000 Filii
283 4943 422 5012 bominis,
435 4950 464 5002 et
473 4945 607 5004 biberitis
617 4948 681 5018 ejus
692 4946 877 5021 sanguinem,
889 4964 947 5002 nou

996 2141 1107 2213 gerent.
1118 2137 1309 2192 Nunoautem
1321 2134 1444 2191 Domine
1459 2136 1578 2190 Hostiam
1592 2150 1702 2207 param,
1718 2133 1747 2190 ia
1764 2140 1819 2204 est,
1875 2135 1880 2142 '

996 2227 1076 2283 omni
1091 2226 1233 2282 fermento
1248 2224 1365 2280 malitia
1379 2228 1408 2280 et
1422 2221 1556 2295 nequitie
1572 2227 1719 2280 carentem
1734 2225 1822 2295 maje-

997 2315 1064 2372 stati
1080 2319 1136 2369 tuee
1152 2314 1238 2369 corde
1253 2329 1326 2386 puro
1342 2310 1580 2383 offerimus‚quia
1594 2311 1671 2367 sicut
1685 2311 1727 2368 illi
1743 2310 1822 2369 auxi·

996 2403 1068 2459 lium
1090 2421 1106 2459 a
1121 2408 1149 2458 te
1163 2401 1320 2458 credebant
1345 2401 1502 2474 impetrare
1520 2400 1655 2467 victorie,
1670 2399 1711 2455 ita
1726 2404 1752 2456 et
1769 2417 1823 2457 nos

997 2508 1049 2566 per
1062 2493 1175 2564 Corpus
1190 2489 1253 2546 l'ilii
1270 2489 1321 2554 tui,
1339 2489 1390 2562 qui
1412 2492 1456 2545 cst
1479 2506 1546 2544 vera
1575 2487 1671 2545 boetia
1697 2486 1822 2545 salutem

997 2586 1165 2637 nostrarum
1182 2579 1266 2634 nobis
1290 2577 1437 2634 credimus
1461 2577 1619 2650 promereri
1644 2578 1821 2634 animarum.

997 2672 1119 2727 Hostiam
1128 2676 1260 2735 sanatam,
1270 2666 1297 2722 id
1311 2669 1364 2733 est,
1376 2665 1487 2722 caelesti
1498 2667 1575 2722 dano
1588 2682 1640 2738 per
1648 2667 1825 2739 assumptio·

998 2784 1065 2824 nem
1080 2765 1215 2840 Corporis
1225 2763 1341 2820 Domini
1353 2763 1445 2819 nostri
1457 2762 1528 2819 Jesn
1537 2761 1643 2819 Christi
1659 2762 1823 2819 sanctifica·

998 2860 1069 2912 tam.
1086 2855 1207 2910 Hostiam
1223 2853 1436 2916 immaculatam,
1454 2850 1523 2922 arria
1547 2851 1610 2923 ipse
1630 2851 1692 2907 sine
1708 2851 1824 2908 macula

998 2943 1107 3019 peccati
1121 2960 1155 2999 ex
1171 2941 1264 2997 illaria
1277 2939 1395 3013 Virgine
1411 2942 1544 3006 natus,et
1554 2955 1639 2994 cruce
1650 2956 1824 3012 suspensae,

997 3032 1147 3089 redeundo
1167 3031 1203 3087 ad
1230 3029 1319 3085 caelos
1343 3027 1483 3085 ascendit.
1499 3033 1605 3084 Partem
1619 3036 1745 3083 sanctam
1761 3031 1826 3086 ena

959 3149 980 3215 ρ
998 3138 1113 3187 aeterna?
1128 3125 1366 3198 otlerimusquia
1376 3123 1652 3197 vitam,quicunque
1666 3142 1734 3181 eum
1749 3143 1826 3182 acce·

1000 3221 1117 3298 perant,
1132 3215 1293 3290 percipient
1308 3213 1533 3277 indeficientem,
1549 3212 1556 3266 i
1561 3230 1611 3285 pse
1626 3217 1670 3267 est
1684 3213 1760 3268 enim
1777 3231 1826 3284 pa·

1000 3308 1046 3364 nis
1073 3307 1166 3363 vivus.
1196 3308 1229 3361 Et
1256 3305 1374 3361 Calicem
1402 3303 1501 3358 salatia
1531 3308 1679 3373 perpetum.
1705 3299 1735 3356 Si
1758 3319 1824 3357 vero

927 3440 933 3451 .
1000 3396 1120 3453 calicem
1148 3393 1262 3450 Domini
1287 3390 1430 3463 condigne
1455 3387 1681 3460 sumpserimus
1699 3387 1824 3444 salutem

1000 3485 1104 3542 animae
1119 3499 1235 3554 semper
1250 3483 1416 3536 manentem
1437 3476 1620 3532 habebimus.
1637 3475 1727 3549 Sapra
1741 3492 1824 3550 qum,-

1000 3581 1176 3639 suhauditur
1191 3594 1322 3642 munera,
1337 3577 1456 3648 propitia
1469 3590 1501 3629 ae
1515 3590 1609 3630 sereno
1637 3576 1712 3631 auita
1739 3577 1823 3647 respi-

999 3687 1059 3727 cere
1072 3670 1209 3740 digneris,
1226 3667 1280 3722 hoe
1296 3667 1350 3734 est,
1366 3662 1546 3720 misericordi
1563 3667 1591 3718 et
1605 3661 1683 3718 claro
1698 3661 1825 3735 percipe·

1000 3777 1040 3816 re.
1055 3760 1086 3814 m
1099 3765 1206 3829 (arrepta
1222 3755 1329 3822 habere,
1345 3753 1428 3808 aienti
1446 3757 1553 3822 accepta
1576 3752 1675 3806 habere
1695 3751 1824 3821 diprtatas

999 3865 1027 3904 es
1042 3863 1158 3903 arranem
1171 3846 1251 3918 pueri
1265 3844 1306 3897 tui
1316 3843 1388 3915 jnsti
1403 3839 1690 3908 Abel,etaaertfieinm
1701 3842 1825 3896 Patriar-

999 3937 1059 3993 cte
1073 3936 1161 3991 nostri
1174 3934 1300 3999 linatur,
1317 3940 1341 3986 et
1356 3928 1426 4002 quad
1442 3928 1494 3984 tibi
1512 3927 1610 3983 obtulit
1632 3944 1756 3983 annanias
1770 3928 1823 3984 Sa-

999 4026 1092 4083 cerdos
1120 4031 1182 4079 tuna
1209 4019 1408 4086 Melchisedech,
1429 4024 1554 4074 sanctam
1576 4017 1744 4087 sacrificium
1772 4019 1825 4072 im-

999 4114 1164 4170 macalatam
1179 4112 1305 4166 hostiam.
1322 4107 1392 4164 ahot
1416 4123 1543 4179 namque
1566 4105 1602 4160 de
1623 4104 1825 4179 primogenitis

1000 4209 1140 4285 quicquid
1156 4208 1300 4282 optimum
1316 4207 1450 4275 danitae
1461 4206 1496 4261 de
1512 4203 1648 4277 adipibus
1663 4202 1824 4275 gregissui‚

1000 4303 1120 4374 etjusto
1141 4299 1239 4355 labare
1263 4295 1428 4370 adquisitis.
1446 4295 1504 4350 Hac
1531 4293 1589 4348 Deo
1618 4307 1684 4345 cum
1713 4289 1826 4344 intimis

1000 4389 1098 4446 cerdis
1119 4403 1228 4456 amare,
1245 4404 1278 4443 ac
1303 4390 1364 4443 teta
1393 4383 1499 4439 mentis
1527 4378 1679 4436 devotione
1707 4375 1824 4449 optulit.

1002 4479 1214 4551 IdeoqueDeus
1223 4477 1257 4533 ad
1269 4491 1390 4531 munera
1401 4473 1464 4543 ejus
1476 4484 1577 4525 serena
1588 4464 1670 4521 vultu
1686 4465 1825 4538 respexit.

1002 4568 1148 4624 Abraham
1163 4583 1230 4622 aero
1245 4563 1307 4620 voci
1329 4560 1445 4618 Domini
1469 4555 1608 4612 obediens
1623 4553 1682 4611 filio
1698 4572 1751 4612 sua
1768 4573 1826 4612 neu

1002 4656 1132 4730 pepercit
1147 4658 1264 4727 propter
1286 4667 1364 4717 eum,
1381 4649 1431 4704 sed
1456 4645 1609 4702 immolare
1631 4661 1700 4700 eum
1723 4645 1825 4713 voluit,

1002 4746 1126 4816 ideoque
1138 4745 1304 4816 reputatum
1313 4737 1391 4795 estei
1401 4737 1436 4792 ad
1443 4735 1601 4809 justitiam.
1614 4733 1826 4792 Melchisedech

1003 4848 1139 4888 summus
1153 4830 1294 4886 Sacerdos
1303 4816 1437 4901 'primum
1454 4841 1559 4898 panem
1573 4828 1602 4879 et
1617 4824 1718 4879 vinum
1733 4822 1827 4895 typice

1002 4920 1125 4977 Domina
1141 4918 1356 4984 obtulitouam
1372 4916 1497 4989 figuram
1510 4918 1611 4988 postea
1625 4908 1827 4982 Christus,qui

116 5033 268 5090 habebitis
292 5033 381 5090 vitam
403 5038 553 5091 aeternam,
568 5040 633 5092 ηας
655 5038 865 5109 quotiescunque
877 5039 947 5107 [θρα.
1002 5016 1292 5076 estverusSacerdos
1305 5015 1333 5069 iu
1350 5018 1490 5070 aeternum
1507 5010 1830 5107 cerpusflsuumetsan·

116 5123 191 5190 ritis,
207 5123 237 5179 in
251 5124 308 5181 naei
334 5125 501 5180 memoriam
527 5125 646 5196 sacietas,
663 5124 744 5180 Unde
767 5123 923 5197 Apostolus
940 5140 947 5178 :
1003 5107 1121 5183 guinem
1138 5105 1285 5162 ollerendo
1300 5106 1358 5161 Deo
1373 5102 1450 5159 Patri
1467 5098 1644 5196 adimplevit.
1658 5096 1734 5152 Drmt
1749 5112 1828 5151 enam

119 5210 347 5284 Qamtieacnnpne,
365 5212 478 5303 inquit,
504 5213 678 5269 mandatoque
700 5229 801 5284 panem
824 5214 907 5280 amm,
923 5221 949 5268 ep
1003 5195 1156 5268 discipulis
1171 5195 1244 5258 suis,
1258 5195 1333 5250 dans
1347 5194 1391 5251 eis
1405 5207 1509 5265 panem
1526 5193 1554 5243 et
1569 5185 1704 5242 calicem:
1721 5184 1830 5239 hocest

118 5299 235 5356 calicem
250 5299 353 5367 bibitis,
369 5309 484 5356 martem
504 5302 616 5357 Domini
641 5302 842 5358 adnuntiabitis
866 5301 950 5357 danea
1004 5286 1115 5359 GorDus
1132 5301 1230 5341 mffllffl
1244 5303 1250 5352 ;
1265 5289 1294 5340 el
1309 5283 1356 5339 hlss
1371 5286 1416 5338 θὸῑ
1432 5278 1511 5335 Calli
1525 5272 1683 5348 Sflnssffissls
1700 5271 1828 5370 mels‘lUl

120 5391 223 5444 umiae,
241 5389 315 5445 Unde
329 5396 355 5445 et
369 5405 500 5445 memores
513 5406 609 5445 summ
621 5391 794 5447 pommeuos
808 5393 880 5445 gem
895 5392 948 5453 mi,
1003 5393 1055 5448 pro
1072 5374 1233 5430 multorum
1251 5371 1450 5443 redemptione
1468 5365 1642 5422 ellundetur.
1660 5363 1731 5417 Cum
1748 5377 1827 5416 omnr

119 5477 165 5535 ted
178 5485 205 5533 et
218 5477 307 5549 plebea
322 5485 372 5533 tna
386 5485 481 5534 saneta
495 5478 600 5535 Christi
622 5478 688 5533 atta
711 5479 752 5533 tui
775 5479 887 5533 Darnini
900 5477 950 5532 Dei
1003 5489 1072 5545 ergo
1083 5465 1488 5544 puritatementisimplorare
1499 5460 1728 5533 omnipotentem
1736 5458 1828 5513 Deum

121 5568 217 5623 nestri.
235 5565 286 5622 llic
300 5565 473 5623 Sacerdotes
489 5565 688 5622 admonitione
709 5564 816 5622 Christi
832 5563 948 5631 imbuti,
1004 5562 1156 5625 dehemus,
1174 5564 1203 5616 ut
1221 5558 1306 5624 sicut,
1323 5555 1428 5611 borum
1443 5552 1533 5608 trium
1550 5564 1669 5605 munere
1684 5545 1826 5620 placatus,
