3878 6098
148 315 223 385 tarr

326 449 383 521 Quo
396 452 474 523 linito
489 453 538 509 bos
553 452 678 509 adnectat
688 469 790 526 proces.

181 539 326 599 Delictum
342 557 440 599 meum
456 543 605 620 cognitum
620 541 674 597 tibi
689 542 754 612 teci,
767 547 796 599 et
809 542 972 614 injustitias

147 648 228 691 meas
242 648 301 689 non
315 630 639 703 abscondi,iniquitates
655 647 736 689 meos
751 648 804 705 ego
815 648 969 705 cognosco,

146 724 175 778 et
190 720 296 779 delicta
308 736 374 777 mea
388 722 489 775 eontra
504 736 550 776 me
573 724 643 777 sunt
666 737 791 794 semper.
807 723 909 779 Averte
928 723 970 779 la·

147 810 222 867 ciem
250 814 332 865 tuam
346 825 362 862 e
377 808 502 881 peccatis
525 809 610 875 meis,
625 815 653 866 ct
674 826 776 867 omnes
802 810 972 883 iniquitates

147 914 229 955 meas
242 896 314 953 dele.

183 985 282 1042 Redde
298 984 369 1042 mihi
386 985 516 1043 letitiam
532 986 669 1045 salutaris
683 986 768 1055 tui‚et
778 987 883 1059 spiritu
896 988 974 1061 prin-

147 1072 233 1151 oipuli
250 1074 391 1132 confirma
406 1076 602 1133 mc..·luditam
619 1075 663 1133 lac
679 1076 752 1132 mihi
767 1075 975 1136 manemiscri·

148 1163 278 1221 cordiam
293 1167 376 1220 tuum
393 1180 399 1219 :
417 1164 487 1236 quin
503 1165 531 1220 in
546 1169 574 1220 tc
590 1165 714 1238 speravi.

183 1253 288 1309 Notum
305 1253 348 1308 lac
364 1252 436 1309 mihi
451 1254 538 1321 viam,
556 1254 585 1309 in
601 1271 660 1326 qua
673 1254 834 1323 ambulem,
853 1255 922 1328 quia
937 1256 973 1312 ad

147 1345 177 1399 te
191 1341 279 1398 levavi
297 1343 427 1398 anirnmn
445 1358 551 1398 nicam.

184 1429 267 1503 Eripe
283 1448 328 1485 uie
345 1432 379 1487 de
395 1431 522 1488 iiiiinicis
537 1432 610 1488 meis
626 1433 794 1501 Domine,ad
807 1434 973 1507 teconlugi‚

149 1518 221 1576 doce
231 1536 281 1576 rrute
298 1522 391 1577 l'eooro
402 1519 580 1578 voluntatem
606 1526 697 1590 tuam,
715 1521 785 1593 quia
799 1523 876 1580 Deus
891 1540 975 1580 meus

150 1625 181 1666 es
196 1611 237 1665 lu.
532 1662 538 1674 ,

185 1697 310 1770 Spiritus
326 1701 394 1756 tuus
408 1699 502 1755 bonus
518 1700 641 1756 deducet
657 1716 702 1755 mc
726 1700 754 1755 in
780 1705 888 1757 terram
912 1717 975 1757 rec-

150 1789 229 1855 tam;
245 1791 363 1860 proptor
377 1805 483 1844 nomeu
499 1791 584 1844 tuum
609 1788 730 1845 Domine
753 1788 914 1846 vivificabis
929 1806 976 1846 me

151 1874 334 1948 inequitate
348 1880 408 1932 tua.

188 1965 301 2023 eluces
313 1966 349 2022 de
364 1965 551 2023 tribulatione
563 1966 697 2029 ,unimam
712 1970 853 2037 meamet
867 1967 896 2023 in
921 1967 975 2023 mi·

153 2055 311 2112 sericordia
326 2059 377 2112 tua
391 2055 543 2128 disperdes
557 2055 692 2114 inimicos
708 2073 798 2113 meos.

189 2143 470 2216 superessemus,
487 2145 536 2217 qui
551 2143 694 2201 tribulant
715 2145 843 2203 animam
871 2163 977 2215 meam,

154 2233 295 2306 queniam
310 2249 363 2307 ego
379 2250 481 2289 servus
496 2235 566 2289 tuus
581 2250 658 2289 eum.

189 2322 332 2396 Egredere
346 2322 469 2378 Domine
481 2320 511 2376 in
526 2320 651 2378 salutem
666 2321 766 2395 populi
783 2324 837 2390 tui,
854 2323 883 2379 in
900 2325 978 2383 salu-

153 2414 212 2469 tem
226 2426 294 2467 cum
309 2410 424 2466 Christo
440 2415 499 2466 tuo.

308 2502 380 2556 Τοοο
392 2501 494 2557 uolutat
508 2501 696 2573 Euespetium,
711 2503 805 2557 diceus
819 2521 829 2558 .·

542 319 709 383 leeeuu.
733 319 785 383 AD
807 319 901 383 SAEG.
923 317 1465 384 x.·-tteutuuuumt1reua.

984 452 1161 520 Aomnium
1177 456 1346 511 sauctorum
1362 450 1502 510 confiteor
1517 446 1570 508 tibi
1585 450 1706 523 peccata
1718 463 1855 516 meare-

1778 314 1856 381 list

1027 542 1106 599 issam
1122 539 1238 616 postulo
1255 557 1306 615 pro
1320 539 1433 596 delictis
1448 538 1623 632 meisteqpc
1637 538 1772 606 obsecro,
1781 541 1814 596 ut
1827 535 1858 594 in

1025 631 1082 689 hoc
1096 636 1228 706 tempore
1242 634 1359 705 accepto
1371 628 1514 688 euaudias
1534 632 1623 695 meet
1637 627 1669 687 in
1684 626 1733 687 his
1753 626 1859 685 diebus

1027 720 1130 778 solutis
1147 722 1266 793 adjuves
1282 737 1338 787 me,
1350 723 1383 776 ut
1397 719 1427 775 iu
1442 717 1578 791 presenti
1594 717 1722 790 perlecta
1745 713 1857 775 valeam

1027 825 1234 884 recognoscere
1246 813 1365 884 peccato
1386 824 1462 874 mea,
1478 811 1507 865 et
1521 810 1627 863 eterno
1643 804 1743 863 ludici
1767 805 1857 863 couti-

1027 900 1092 967 teri‚
1109 904 1138 956 et
1152 917 1204 973 per
1217 899 1247 954 id
1261 898 1376 954 veniam
1393 895 1499 953 mereri
1521 893 1656 953 omnium
1680 891 1857 953 delictorum

1028 1006 1171 1057 meorum,
1189 992 1334 1062 quatenus
1349 986 1384 1047 ad
1399 985 1584 1045 tremendum
1606 983 1756 1057 judicium
1771 987 1857 1039 tuum

1028 1095 1165 1138 securum
1187 1093 1232 1133 mc
1254 1076 1292 1135 ab
1317 1073 1455 1132 omnibus
1480 1070 1720 1132 accusationibus
1747 1071 1859 1131 inimici

1029 1167 1119 1224 iacias
1134 1165 1293 1239 pervenire.
1311 1164 1365 1221 Per
1378 1169 1432 1220 etc.

1408 1254 1481 1313 Alio.

1064 1345 1123 1420 Ego
1139 1344 1230 1403 miser
1243 1347 1389 1418 peccator,
1406 1342 1456 1416 qui
1472 1358 1518 1398 mo
1530 1357 1591 1414 prae
1613 1339 1754 1397 omnibus
1773 1340 1854 1398 Chri·

1029 1434 1133 1492 stianis
1147 1432 1407 1491 sceleratissimum
1421 1434 1502 1504 puto,
1514 1433 1542 1486 et
1556 1429 1629 1497 scio,
1646 1429 1789 1489 confiteor
1804 1429 1859 1487 Do-

1030 1524 1120 1592 mino,
1136 1529 1165 1583 at
1179 1524 1319 1581 omuibus
1332 1520 1446 1582 Sanctis
1460 1517 1679 1593 eiusomnibus
1695 1517 1854 1577 sceleribus

1029 1616 1058 1670 et
1073 1613 1192 1687 flagitiis
1206 1611 1331 1668 infinitis
1347 1610 1382 1666 ab
1399 1609 1517 1666 ineunte
1533 1611 1617 1667 etate
1631 1605 1773 1680 usquein
1788 1623 1859 1681 pre·

1030 1706 1144 1760 sentem
1160 1702 1239 1760 diem
1254 1717 1300 1758 me
1315 1715 1431 1772 semper
1441 1701 1616 1770 occupatum
1630 1692 1802 1765 fuissemus
1811 1693 1860 1753 aii-

1031 1808 1089 1864 quo
1105 1791 1195 1847 divini
1210 1789 1326 1847 timoris
1342 1783 1597 1858 intuitu,masime
1609 1789 1710 1843 autem
1725 1782 1756 1840 in
1773 1782 1858 1841 iorni·

1031 1879 1197 1937 sationibus
1208 1878 1308 1937 nimiis
1322 1882 1351 1934 et
1361 1874 1567 1944 variis,sedula
1577 1872 1721 1933 ebrietate
1730 1872 1787 1931 hoc
1801 1888 1859 1946 per·

1031 1973 1174 2042 patrante,
1191 1966 1378 2043 negligentiis
1392 1961 1569 2038 omnigenis,
1581 1961 1733 2037 perjuriis,
1741 1961 1857 2017 menda-

1031 2057 1095 2127 ciis,
1110 2056 1230 2117 invidia.
1247 2056 1395 2131 superbia,
1413 2051 1536 2119 malitia,
1552 2048 1771 2127 gulu,avaritie,
1784 2048 1858 2122 rapi-

1032 2165 1080 2217 na,
1097 2147 1184 2214 lurto,
1200 2147 1229 2203 in
1243 2163 1320 2205 uana
1342 2143 1446 2220 gloria,
1464 2143 1494 2199 in
1518 2143 1697 2215 arrogantia,
1712 2138 1744 2195 in
1759 2137 1859 2195 inobe-

1031 2235 1150 2305 dientia,
1167 2235 1198 2293 in
1214 2232 1408 2303 contumacia,
1424 2232 1455 2288 in
1478 2228 1587 2288 duritia
1608 2227 1730 2297 mentis,
1746 2227 1779 2283 in
1794 2243 1858 2283 con·

1032 2325 1215 2392 tradictione,
1229 2322 1259 2381 in
1281 2320 1526 2390 murmuratione,
1543 2318 1573 2376 in
1600 2315 1815 2392 indignatione,
1827 2315 1857 2374 in

1033 2413 1221 2484 detractione,
1237 2413 1268 2470 in
1283 2412 1337 2482 ira,
1352 2409 1382 2469 iu
1398 2409 1475 2479 odio,
1491 2410 1522 2467 in
1537 2405 1796 2473 maledictionem
1811 2422 1859 2462 su·

1034 2504 1208 2572 sacratione,
1222 2502 1252 2559 in
1267 2499 1429 2568 tristitiam
1444 2496 1547 2555 letitia
1559 2512 1642 2567 vanu,
1655 2496 1686 2551 in
1701 2492 1858 2568 loquendo,

191 2587 248 2643 Pax
263 2588 380 2660 Christi,
394 2606 483 2661 quam
499 2589 584 2647 nobis
605 2608 656 2663 per
679 2590 867 2665 Evangelium
891 2608 979 2649 suum
1034 2593 1063 2650 in
1080 2593 1237 2660 reticendo,
1255 2592 1284 2647 in
1299 2589 1478 2663 increpando
1493 2586 1696 2651 immoderate,
1713 2584 1745 2639 in
1761 2582 1858 2639 remit-

156 2676 289 2745 tradidit,
304 2678 467 2744 confirmet,
483 2683 512 2736 et
525 2684 677 2737 conservet
695 2679 783 2737 corda
808 2684 836 2737 et
857 2696 980 2751 corpora
1033 2682 1121 2741 tendo
1134 2681 1259 2748 incaute,
1276 2680 1306 2739 iu
1318 2677 1474 2736 dilectione
1496 2691 1582 2743 vana,
1597 2672 1628 2730 in
1649 2672 1724 2739 risu,
1740 2671 1769 2728 in
1781 2672 1857 2745 joco,

155 2764 300 2821 nostruin
316 2765 405 2822 vitam
421 2771 569 2824 aeoernam.
586 2771 689 2826 Amen.
1032 2770 1063 2829 in
1079 2768 1265 2838 scurrilitate,
1281 2768 1310 2826 in
1328 2764 1484 2833 discordia,
1500 2763 1530 2820 in
1554 2761 1730 2819 seminanda
1755 2760 1859 2816 discor-

197 2855 298 2911 Detmte
311 2857 448 2913 osculetur
461 2857 554 2914 Attore
568 2859 660 2914 diceris
674 2859 746 2915 bunc
759 2855 912 2916 orationem
926 2877 936 2914 .·
1033 2859 1124 2929 diam,
1139 2860 1170 2917 in
1186 2860 1253 2919 licta
1267 2855 1407 2924 amicitia,
1423 2854 1453 2911 in
1469 2853 1575 2919 dando,
1592 2852 1623 2908 et
1637 2848 1822 2924 accipiendo,
1832 2853 1859 2905 ot

190 2943 380 3015 Omnipotens
394 2946 570 3018 sempiterne
585 2947 724 3020 Deus,qui
736 2964 784 3003 me
797 2952 976 3020 peccatorem
1032 2949 1062 3005 in
1077 2949 1215 3006 omnibus
1231 2947 1367 3007 sensibus
1382 2941 1512 3020 corporis
1536 2958 1583 2999 me
1607 2943 1784 3014 corruptum
1794 2955 1858 2994 esse

155 3031 248 3087 sacris
261 3031 409 3089 Altaribus
425 3035 541 3090 adstare
555 3035 682 3102 voluisti,
697 3040 726 3092 et
741 3036 835 3092 sancti
850 3037 977 3094 nominis
1032 3040 1182 3107 confiteor,
1197 3041 1226 3094 et
1241 3038 1270 3095 iu
1286 3035 1425 3095 omuibus
1440 3028 1584 3108 pestibus,
1597 3044 1665 3102 que
1681 3028 1720 3085 ad
1736 3030 1858 3084 mortem

155 3118 198 3174 tui
213 3117 332 3175 laudare
346 3121 978 3198 potentiam‚concedemuesoperhujussu·
1032 3144 1129 3187 meam
1152 3127 1371 3200 pertinentem
1393 3125 1557 3197 grauatum,
1574 3122 1603 3175 et
1628 3116 1774 3192 repletum
1797 3131 1860 3175 ease

155 3208 295 3264 crementi
312 3209 483 3280 mysterium
496 3227 628 3268 meorum
639 3213 835 3269 mibiveuiam
846 3201 1012 3286 peccato-C
1031 3217 1185 3290 protiteor;
1200 3214 1231 3273 in
1246 3219 1361 3274 tuntum
1377 3216 1409 3268 ut
1421 3227 1475 3269 nec
1488 3205 1641 3265 homicidii
1656 3222 1706 3264 me
1725 3207 1858 3264 securum

155 3312 232 3364 rum,
249 3302 281 3353 ut
295 3301 351 3354 tuse
367 3300 513 3371 majestati
533 3300 620 3374 digne
643 3299 822 3369 ministrare,
838 3306 927 3375 atque
940 3319 976 3358 a·

154 3388 238 3442 terna
252 3385 392 3444 charitate
407 3387 527 3462 diligere
542 3405 663 3446 mercar.
678 3391 733 3446 Per
746 3395 801 3447 etc.

235 3478 307 3550 Post
321 3477 376 3531 bac
389 3483 489 3534 secreto
504 3479 577 3535 dicet
592 3478 662 3534 bone
681 3481 887 3549 corcsetstouem.

189 3564 309 3637 Suscipc
324 3567 536 3623 contessionem
552 3584 648 3624 meam
672 3569 758 3624 unica
782 3586 849 3641 spes
873 3569 977 3626 salutis

154 3668 225 3708 mese
239 3652 361 3710 Domine
376 3659 451 3711 Deus
466 3671 550 3712 meus
574 3655 643 3712 Jesu
663 3656 788 3725 Christe,
805 3657 875 3729 quia
897 3656 977 3731 gula,

153 3741 302 3813 ebrietate,
320 3743 520 3812 fornicatione,
544 3744 675 3813 libidine,
701 3745 830 3814 tristitia,
855 3746 975 3816 accidia,

155 3831 358 3901 somnolentia,
374 3833 560 3908 negligentia,
583 3833 636 3902 ira,
661 3834 832 3907 cupiditate,
848 3835 976 3904 invidia,

154 3919 276 3989 malitia,
293 3921 369 3990 odio,
385 3921 572 3988 detractione,
589 3922 727 3997 perjurio,
743 3920 880 3993 falsitate,
894 3941 978 3981 men-

154 4006 247 4077 dacio,
263 4026 338 4066 vana
360 4010 462 4084 gloria,
482 4011 607 4081 levitate,
633 4017 662 4069 ct
685 4013 823 4086 superbie
845 4014 978 4087 perditus

154 4112 231 4163 sum,
241 4101 270 4153 et
284 4099 404 4155 omnino
419 4099 602 4174 cogitatione,
619 4101 776 4168 locutione,
792 4103 917 4171 actione,
933 4106 977 4159 at-

153 4203 210 4259 que
225 4186 362 4244 omnibus
377 4187 464 4244 malis
474 4190 619 4247 extinctus
630 4191 915 4264 sum‚quijustibcas
925 4191 978 4248 im·

119 4297 135 4349 '.
152 4273 402 4348 pios,etvivil1cas
417 4282 557 4347 mortuos,
569 4279 702 4350 justifica
720 4296 778 4347 me,
794 4284 823 4336 ct
835 4281 978 4337 resuscita

152 4382 199 4427 mc
213 4366 333 4425 Domine
347 4367 425 4426 Deus
440 4385 533 4424 meus.
550 4367 603 4432 Qui
616 4367 688 4424 vivis
703 4373 758 4424 etc.

527 4459 602 4514 Alte.

1031 3305 1261 3378 conditamque
1274 3301 1481 3378 plurimospcr
1491 3315 1587 3359 meam
1598 3292 1811 3370 negligentiam
1822 3293 1861 3351 le·

1032 3410 1079 3450 mc
1094 3394 1284 3451 mortificatos
1294 3407 1447 3464 esse,qucs
1457 3387 1644 3461 aliquetenus
1654 3381 1803 3442 vivificare
1812 3400 1858 3457 po

1031 3482 1165 3551 tuissem,
1183 3482 1208 3538 si
1222 3483 1258 3539 de
1272 3481 1330 3551 his,
1347 3496 1412 3553 quae
1426 3477 1577 3551 superflua
1591 3468 1859 3547 erantpropensic·

1032 3571 1150 3629 remeia
1171 3587 1273 3629 curam
1296 3560 1782 3642 impendissemllecomniecum
1791 3576 1860 3619 sem·

1032 3677 1083 3735 per
1097 3660 1244 3731 iecissem,
1259 3673 1421 3731 numquam
1432 3672 1466 3713 ea
1476 3671 1551 3729 pura
1562 3651 1748 3710 confessione
1758 3665 1859 3725 purga·

1030 3750 1069 3819 vi,
1086 3749 1129 3809 vel
1146 3740 1245 3807 debita
1259 3744 1431 3823 penitentia
1445 3741 1550 3810 minui,
1566 3741 1617 3817 sed
1633 3755 1754 3813 semper
1769 3738 1859 3813 graui·

1031 3840 1087 3897 bus
1099 3838 1234 3913 graviora
1247 3831 1407 3909 suscipio
1424 3833 1471 3892 his
1484 3829 1634 3898 omnibus,
1648 3827 1762 3887 statiis
1776 3827 1859 3885 innu-

1032 3925 1301 4000 mutabilibusque
1314 3941 1373 3985 non
1388 3922 1485 3981 solum
1502 3937 1560 3977 nou
1576 3915 1800 3986 numerasset
1812 3931 1859 3974 uec

1032 4016 1069 4073 ad
1085 4017 1257 4073 memoriam
1272 4014 1409 4071 reducere
1423 4007 1683 4084 potero,veuiame
1698 4004 1858 4065 misericor

1032 4104 1154 4162 dissime
1170 4103 1293 4161 Domino
1308 4107 1385 4177 peto,
1401 4099 1474 4175 quia
1486 4096 1596 4164 nescio,
1610 4094 1663 4153 ubi
1687 4093 1802 4169 tugiam
1823 4093 1855 4150 ab

1032 4194 1076 4253 ira
1090 4195 1154 4269 ejus
1169 4193 1226 4252 uisi
1242 4182 1280 4251 ad'
1293 4188 1387 4249 illum.

1048 4286 1112 4341 Post
1127 4282 1324 4359 consessiones
1337 4279 1508 4350 einnutorem
1521 4278 1677 4350 secarentur
1696 4273 1842 4330 motiones.

1068 4375 1162 4430 Tuam
1178 4369 1300 4431 Domine
1314 4365 1501 4428 clementiam
1516 4365 1709 4438 consecant
1724 4358 1799 4418 mihi
1814 4375 1858 4417 ve·

1031 4460 1112 4517 niam
1127 4463 1313 4534 peccatorum
1328 4470 1461 4515 meorum
1475 4450 1660 4517 concedes,et
1673 4465 1723 4506 me
1735 4447 1767 4505 ia
1782 4463 1859 4504 man·

188 4543 331 4602 Confiteor
359 4546 412 4603 tibi
437 4550 554 4618 peccata
576 4562 641 4602 mca
664 4549 771 4602 eterne
792 4545 933 4616 Pontifex,
949 4553 977 4604 ct
992 4571 1016 4637 D
1032 4551 1167 4606 datorum
1182 4553 1301 4606 tuorum
1323 4540 1473 4604 custodias
1496 4537 1710 4607 observatione,
1726 4553 1781 4595 nec
1804 4551 1859 4593 non

145 4637 321 4695 sanctorum
336 4634 480 4702 minister,
497 4640 525 4691 ct
543 4635 602 4691 veri
624 4633 804 4691 tubernaculi
828 4637 975 4703 sacerdos,

152 4721 203 4794 qui
219 4722 309 4778 semel
325 4722 354 4778 in
370 4740 446 4779 anno
469 4723 499 4780 in
516 4723 665 4797 mysteria
678 4728 780 4780 saneta
805 4723 931 4792 intrasti,
948 4730 977 4781 et

151 4817 286 4867 serictum
303 4810 524 4867 immaculatum
541 4830 649 4885 agnum
666 4812 775 4885 proprii
788 4814 919 4887 corporis
934 4815 975 4869 tui

130 4938 135 4947 ‹
152 4899 187 4957 ed
201 4899 327 4956 hostium
342 4900 515 4973 dedisti,pro
526 4902 653 4974 peccatis
664 4901 813 4958 meisl’ibi
826 4903 975 4971 confiteor,

151 4988 222 5061 quia
237 4988 351 5045 debitor
365 5005 430 5044 sum
446 4989 509 5055 tibi,
527 5006 584 5045 non
600 4989 697 5047 solum
713 4992 812 5047 decem
829 4990 922 5047 millia
937 4996 978 5047 ta-

150 5079 231 5134 lenta
246 5062 418 5133 delictorum
434 5079 632 5144 meorum‚sed
644 5078 734 5135 totius
749 5080 814 5135 vite
829 5096 899 5136 mese
915 5080 977 5136 red-

151 5165 219 5223 dere
234 5167 376 5223 rationem
391 5167 566 5239 debeoquio
580 5167 610 5222 in
623 5167 704 5223 omni
716 5169 776 5224 vita
787 5185 851 5225 meu
862 5167 976 5225 nullum

47 5291 50 5295 ν
152 5256 324 5311 mundatum
341 5260 425 5312 tuum
441 5257 567 5329 perfecte
582 5274 599 5311 a
615 5273 660 5312 me
676 5257 856 5312 custoditum
872 5258 976 5328 scio,in

152 5361 209 5416 quo
225 5362 278 5418 ago
293 5362 436 5413 sermone,
448 5346 523 5412 visu,
540 5345 653 5413 auditu,
669 5349 765 5418 gestu,
781 5363 894 5418 gressu,
909 5364 976 5421 ope-

151 5449 191 5501 re,
207 5433 451 5507 cogitatione,ant
461 5434 609 5505 suasione,
625 5435 670 5492 vel
684 5451 828 5491 consensu
845 5452 892 5492 mc
908 5437 978 5492 deli-

151 5521 251 5591 quisse
267 5523 471 5594 profiteor.Sed
487 5540 565 5580 nunc
579 5523 702 5580 Domine
715 5524 857 5597 prevenio
874 5525 976 5582 leciom

152 5610 234 5666 tuam
250 5609 279 5663 in
293 5608 517 5677 contessionem
532 5612 561 5668 in
579 5617 734 5686 conspeetu
750 5612 937 5688 Angelorum,
950 5619 978 5672 et

1030 4639 1119 4697 etiam
1132 4655 1179 4695 me
1192 4635 1348 4711 indignum
1363 4630 1494 4693 exaudiri
1505 4626 1635 4705 dignene
1646 4643 1699 4700 pre
1712 4622 1860 4689 amerinus,

1031 4745 1156 4801 quorum
1172 4723 1377 4791 consessionis,
1387 4720 1432 4778 vel
1447 4719 1651 4792 eleemosynas
1671 4713 1803 4788 suscepi,
1819 4710 1860 4768 sel

1031 4816 1081 4889 qui
1092 4832 1124 4872 sc
1134 4813 1311 4872 confidentia
1320 4809 1473 4868 charitatis
1482 4806 1556 4865 mihi
1567 4802 1858 4866 commendaverunt,

1031 4908 1065 4960 ut
1079 4905 1139 4962 siue
1153 4899 1369 4970 vivunt,siveiu
1379 4903 1436 4955 tue
1447 4894 1528 4973 pacis
1538 4908 1589 4971 spe
1599 4891 1859 4967 requiescentem

1031 4991 1249 5066 propitiationis
1263 4985 1473 5065 perpetualiter
1487 4980 1617 5043 sentiant
1640 4980 1858 5055 adjumentum.

1067 5081 1153 5138 Salve
1168 5097 1215 5137 me
1229 5079 1351 5136 Domine
1367 5076 1426 5139 Rex
1444 5079 1558 5135 aterne
1581 5069 1694 5145 glorie,
1711 5067 1766 5142 qui
1781 5070 1859 5141 potes

1032 5171 1153 5236 salvare,
1170 5170 1207 5227 dc
1221 5167 1294 5225 mibi
1309 5171 1338 5223 et
1360 5162 1443 5233 velle,
1459 5168 1488 5222 et
1513 5159 1643 5237 operari,
1655 5162 1686 5215 et
1710 5157 1859 5233 perlicere,

1032 5278 1095 5335 qua
1110 5257 1163 5316 tibi
1178 5258 1303 5332 placent,
1321 5251 1436 5312 etmihi
1451 5247 1621 5329 expediunt,
1637 5247 1677 5303 da
1692 5246 1725 5304 in
1744 5246 1858 5340 pertur-

1032 5350 1149 5406 batione
1170 5344 1322 5412 uuxilium,
1339 5341 1369 5399 in
1394 5339 1594 5415 persecutione
1621 5334 1777 5402 solatium,
1792 5335 1857 5391 eim

1032 5437 1112 5495 omni
1125 5434 1284 5493 tentatione
1298 5432 1448 5499 virtutem,
1464 5430 1561 5487 tribue
1581 5427 1618 5482 de
1642 5422 1802 5498 praeteritis
1816 5433 1858 5475 ve·

1033 5526 1162 5595 niam,de
1176 5521 1369 5599 presentibus
1387 5517 1472 5578 malis
1486 5513 1780 5583 emendationem
1790 5511 1858 5568 lutu-

1032 5615 1132 5688 risque
1147 5611 1277 5688 digneris
1289 5609 1390 5684 largiri
1405 5606 1581 5669 custodiam.
1596 5605 1703 5661 Amen.
