3878 6098
142 305 221 371 {30¹1

533 308 700 374 beenan.
725 312 777 374 bo
800 311 894 375 SAEC.
918 311 1455 379 x.—lt0rtntlorlrsn1rnao.

1774 314 1856 377 laos

140 441 336 512 incurrimus,
381 443 545 500 confitonDo
584 443 697 500 veniam
738 449 1070 518 consequamur.Atus
1085 447 1236 506 humiliter
1250 447 1376 522 postulo,
1393 452 1426 505 ut
1440 464 1474 505 ex
1488 447 1770 506 oonrmemoraiione
1785 466 1856 524 pas-

157 550 254 608 Postea
267 565 382 620 carpens
396 551 431 606 od
449 551 617 607 induratum
631 567 659 607 ac
677 554 843 610 intimantis
859 571 948 611 socer·

388 622 523 679 dotalibus
535 623 626 693 primo
639 622 722 680 dicat.

177 709 440 766 intervenientibus
455 727 506 781 pro
522 710 607 767 nobis
631 714 770 770 omnihus
798 716 924 784 Sanctis,
939 721 968 774 et

141 797 242 856 clectis
256 800 325 867 tuis,
337 798 466 854 act-iones
483 804 599 857 nostras
614 819 785 874 quaesumus
803 806 968 874 Dominc,et

141 887 299 961 aspirando
329 889 463 958 preveni,
488 893 516 945 et
544 891 709 962 adjuvando
733 911 917 967 prosequere,
935 900 968 953 nt

141 976 238 1032 omnis
253 975 354 1043 oratio,
368 979 397 1030 et
411 981 515 1034 cuncta
529 984 629 1037 nostra
639 984 767 1054 operatio
783 1000 800 1039 a
814 989 842 1040 te
853 1001 969 1059 semper

139 1063 271 1136 incipiat,
288 1067 316 1119 et
331 1082 383 1137 per
396 1069 425 1122 te
438 1072 534 1141 empta
548 1069 677 1127 finiatur.

246 1153 318 1208 Terre
333 1154 404 1210 tecet
418 1173 516 1212 αιααια·
531 1159 603 1214 basac
618 1177 724 1217 rrcrsnrn
738 1162 862 1220 dicendo.

176 1239 291 1298 Lavabo
307 1242 383 1300 inter
397 1244 575 1304 innocentes.

494 1337 615 1394 Orciani.

178 1420 293 1491 Largis
318 1423 454 1481 sensibus
479 1426 586 1485 nostris
610 1430 796 1504 omnipotens
820 1432 907 1500 Deus,
934 1438 968 1490 ut

141 1508 965 1591 siouthicexteriusablounturinquinamentamanuum,

141 1595 184 1652 sic
195 1614 212 1652 a
222 1602 250 1653 le
266 1601 445 1657 mundentur
460 1604 583 1662 interius
593 1607 768 1680 pollutiones
781 1611 968 1680 mentium,et

58 1695 61 1704 '
141 1691 253 1743 crescat
269 1688 298 1744 in
315 1689 399 1745 nobis
415 1699 617 1765 augmentum,
628 1702 796 1754 sanctarum
811 1700 965 1757 virtutum.

231 1775 299 1831 Cum
312 1795 340 1834 ce
354 1785 462 1838 acuerit
475 1785 642 1854 quotidianis
654 1788 781 1853 vcstitur,
794 1789 876 1845 dicct.

176 1863 338 1924 Consoinde
362 1868 482 1927 Domine
506 1888 624 1930 saccum
642 1892 751 1943 meum,
768 1881 797 1933 et
818 1878 968 1937 circumda

91 1994 96 2004 .
141 1969 188 2009 me
203 1951 306 2012 latitia
320 1958 454 2018 salutari.

176 2059 228 2117 llos
239 2064 357 2134 psetraos
376 2066 488 2125 interim
503 2069 565 2125 ditm
582 2080 699 2142 perator
715 2075 863 2147 episcopua,
878 2076 932 2131 cir-

349 2146 513 2196 cumstantes
527 2141 626 2197 Clerici
639 2152 756 2200 ocanni.

176 2221 269 2287 Quam
278 2222 382 2281 dilecta
395 2227 583 2286 tabernacula
592 2236 647 2287 etc.
657 2233 833 2291 Benedixisti
844 2236 967 2293 Domine

140 2312 248 2367 terram
265 2316 319 2368 eto.
332 2313 444 2370 Inclina
458 2318 579 2375 Domine
600 2337 702 2378 aurem
718 2328 800 2379 tuam
815 2329 870 2382 eto.
889 2326 967 2382 run-

141 2399 280 2457 slamenta
295 2403 359 2473 ejus
371 2403 400 2459 in
412 2407 561 2464 montibus
572 2412 627 2465 etc.
640 2411 761 2469 Domine
774 2413 852 2471 Deus
862 2414 967 2473 salutis

142 2503 223 2631 spec:
236 2489 348 2546 Credidi
364 2498 483 2566 propter
502 2498 579 2567 quod
600 2496 716 2557 loeutus
732 2519 809 2559 sum.
822 2504 966 2562 Memento

166 2593 274 2634 omme.

278 2669 448 2728 induendam
463 2674 498 2730 od
512 2676 606 2749 prol,
623 2681 663 2736 oet
679 2683 828 2740 Amictom.

174 2755 320 2855 Domeros
336 2776 416 2817 meos
440 2766 534 2821 sancti
557 2767 685 2851 Spiritus
708 2771 805 2844 gratia
825 2776 889 2846 tege
912 2779 966 2832 Do-

141 2861 230 2914 mine,
247 2863 390 2922 renesque
406 2867 487 2909 meos
502 2854 581 2911 vitiis
596 2858 735 2915 omuibus
748 2859 878 2934 expulsis
893 2880 966 2935 prae·

141 2931 224 3007 cingo
239 2935 275 2990 ad
295 2938 519 3000 sacrificandum
536 2943 588 3001 tibi
610 2946 726 3016 viventi,
742 2953 772 3005 et
787 2952 920 3024 regnanti
936 2952 966 3009 in

141 3020 239 3077 secula
254 3024 430 3084 seculorum.

474 3120 513 3175 ll
527 3122 632 3178 littora.

1022 537 1114 595 sionis
1129 542 1197 607 tuoe,
1214 539 1282 593 fiam
1306 537 1356 594 tibi
1379 537 1504 594 Domine
1517 537 1587 594 lesu
1603 536 1719 594 Christe
1740 538 1857 613 jugiter

1021 624 1181 701 gratiosus,
1198 626 1248 700 qui
1264 627 1347 697 vivis,
1364 630 1419 684 ete.

1338 716 1379 772 lo
1395 716 1533 772 Caietam.

1058 806 1148 862 Indue
1164 823 1209 862 me
1225 806 1347 862 Domine
1367 804 1540 862 sacerdotali
1552 805 1682 878 Justitia,
1697 810 1732 861 ut
1751 805 1855 862 induci

1022 909 1135 950 merear
1152 893 1181 949 in
1198 891 1388 950 tabernacula
1403 893 1592 965 sempiterna.

1287 983 1380 1039 Oratio
1393 983 1434 1039 ed
1448 982 1585 1039 cautam.

1058 1072 1149 1128 lndue
1165 1087 1212 1128 me
1226 1070 1349 1129 Domine
1359 1075 1531 1128 ornamento
1546 1070 1736 1139 humilitatis.
1748 1077 1776 1130 et
1787 1073 1855 1130 oba·

1022 1159 1128 1229 ritntis,
1140 1164 1169 1216 et
1179 1161 1305 1217 concede
1316 1160 1388 1216 mihi
1400 1159 1609 1234 protectionem
1623 1164 1725 1217 contra
1735 1160 1853 1218 hostem

1021 1248 1234 1318 insidiatorem,
1251 1254 1284 1305 ut
1298 1249 1410 1307 valeam
1435 1266 1509 1322 puro
1529 1249 1626 1316 corde,
1638 1254 1667 1306 et
1690 1255 1773 1307 msto
1789 1268 1853 1306 cor·

1021 1354 1090 1411 pore
1105 1337 1224 1394 laudare
1239 1355 1344 1395 noman
1360 1343 1445 1397 tuum
1458 1342 1592 1396 sanetum
1607 1339 1639 1395 in
1655 1337 1756 1396 secula
1770 1355 1854 1396 socu-

1020 1425 1127 1484 lorum.
1143 1428 1245 1484 Amen.

1235 1520 1303 1574 Cam
1320 1515 1476 1591 lleppatom
1489 1519 1633 1590 occeperit.

1029 1629 1036 1638 ·
1057 1605 1221 1663 Investione
1236 1606 1323 1662 istius
1338 1605 1484 1680 mappula
1501 1605 1626 1662 subnixe
1640 1605 1785 1679 deprecor
1799 1606 1851 1662 Do-

1022 1693 1156 1759 minari
1180 1694 1222 1751 sic
1247 1712 1349 1768 operer
1377 1693 1406 1751 io
1435 1693 1587 1767 temporali
1617 1694 1850 1763 conversatione,

1022 1787 1167 1854 quatenus
1175 1782 1307 1857 exemplo
1318 1783 1449 1856 priorum
1461 1788 1577 1856 patrum
1588 1782 1620 1838 in
1630 1782 1732 1840 loturo
1741 1799 1851 1840 merear

1022 1871 1191 1944 perenniter
1204 1872 1342 1945 gaudere.
1360 1870 1414 1927 Per
1428 1870 1528 1928 omnia
1541 1875 1597 1928 eto.

1248 1960 1316 2016 Cum
1331 1961 1480 2034 tlepoltom
1495 1959 1625 2016 induerit.

1057 2054 1099 2106 Da
1114 2049 1234 2106 Donrine
1254 2048 1393 2106 virtutem
1418 2048 1556 2107 manibus
1580 2049 1655 2106 mois
1679 2049 1717 2105 ad
1742 2050 1850 2107 abster-

1021 2140 1147 2212 gendam
1163 2154 1281 2195 omnem
1298 2137 1444 2195 maculam
1459 2137 1656 2207 immundam,
1668 2143 1703 2194 ut
1714 2139 1780 2196 sine
1794 2139 1850 2213 pol·

1021 2226 1133 2285 lotione
1161 2227 1279 2298 mentis,
1305 2233 1334 2284 et
1357 2227 1487 2300 corporis
1509 2224 1620 2284 valeam
1649 2227 1704 2283 tihi
1732 2229 1847 2286 servire.

1020 2319 1123 2375 Amen.

1270 2407 1309 2463 lo
1324 2406 1476 2464 induendos
1490 2423 1599 2462 manua

1056 2498 1174 2555 Creator
1188 2497 1277 2554 totius
1293 2500 1431 2554 crantore
1447 2496 1567 2571 dignare
1578 2512 1624 2553 me
1639 2496 1798 2570 iudignum
1813 2497 1850 2553 la·

1021 2586 1136 2644 mulum
1151 2593 1236 2644 tuom
1252 2585 1436 2643 indumentis
1446 2584 1569 2657 justitias
1582 2590 1611 2641 et
1624 2584 1732 2642 laetitia
1748 2585 1848 2642 indue·

1021 2693 1062 2744 re,
1076 2681 1108 2733 ui
1123 2678 1206 2751 puris
1222 2677 1371 2733 mentibus
1386 2679 1454 2732 ante
1469 2679 1662 2748 conspectum
1678 2679 1764 2732 tuum
1780 2674 1851 2733 assi·

1021 2770 1096 2824 aiere
1112 2783 1225 2824 merear
1238 2766 1378 2823 mundus.

1332 2855 1372 2912 to
1385 2855 1538 2911 Annalem.

1056 2944 1212 3003 Circumda
1221 2945 1343 3002 Domine
1357 2944 1465 3019 digitos
1481 2959 1560 3000 meos
1575 2942 1694 3010 vicima
1707 2949 1738 2999 et
1748 2942 1849 3000 decora

1021 3034 1243 3092 sacrificatione.

1330 3125 1371 3181 ild
1387 3123 1537 3181 ltatioaotc.

176 3198 332 3258 ffifflumd&
346 3220 393 3260 me
406 3205 527 3265 Domine
537 3210 604 3266 fidei
621 3213 724 3282 armis,
735 3219 767 3270 ut
778 3216 814 3272 ab
829 3217 966 3291 iniquita·
980 3199 1002 3267 (ἶ
1057 3218 1097 3270 Da
1105 3213 1320 3272 nobisDomine
1328 3215 1478 3271 veritatem
1486 3218 1567 3269 tuam
1579 3211 1707 3268 firmiter
1715 3211 1846 3277 retinere,

140 3291 203 3344 tum
218 3289 335 3363 sagittis
350 3298 452 3352 erutos
462 3296 573 3354 valeam
586 3301 764 3373 equitatem,
777 3308 806 3361 ei
817 3305 963 3377 justitiam

140 3377 297 3436 custodire.

421 3475 513 3534 Oratio
527 3478 563 3534 ad
577 3480 684 3536 Atiam.

176 3556 367 3632 Omnipotens
400 3565 577 3637 sempiterne
610 3573 698 3636 Deus,
733 3575 760 3628 te
794 3573 967 3647 suppliciter

138 3662 235 3714 exoro,
252 3653 284 3704 ut
299 3649 401 3707 fraude
416 3653 549 3711 omnium
570 3657 749 3717 fuscatorum
766 3667 882 3731 santus,
899 3664 967 3721 alba

139 3739 219 3792 veste
234 3735 357 3795 indutus
372 3745 401 3797 te
417 3744 499 3816 sequi
522 3762 635 3804 naerens
658 3749 694 3804 ad
718 3767 817 3824 regna,
835 3752 883 3808 ubi
899 3770 967 3810 vera

140 3828 341 3901 anntgaudia.

445 3922 484 3978 Ad
499 3924 658 3994 Cingulum.

176 4003 376 4080 Circumcinge
391 4009 508 4069 lumbos
520 4030 601 4070 meos
613 4016 733 4072 Donrina
748 4034 821 4074 zona
831 4020 964 4092 justitiae,

140 4095 169 4148 at
183 4091 359 4152 circumcide
373 4097 442 4153 vitia
457 4101 563 4171 cordis,
579 4106 608 4159 et
623 4104 752 4178 corporis
768 4107 835 4164 mei.

412 4187 452 4243 lo
464 4192 698 4260 praecinctorium.

176 4271 321 4347 Praeoinge
337 4291 384 4331 me
406 4275 529 4335 Domine
554 4280 670 4350 virtute,
683 4287 711 4338 et
725 4300 800 4356 pone
823 4285 966 4343 immacu·

138 4359 230 4418 latam
245 4363 322 4420 viam
342 4382 449 4423 meam.

469 4459 509 4514 ld
525 4461 637 4516 Stoloni.

173 4540 253 4596 Stolo
264 4544 337 4613 justi
343 4545 389 4601 tia
404 4547 553 4604 circumda
566 4549 688 4606 Domine
703 4552 843 4608 cervicem
859 4569 965 4621 meam,
983 4572 1007 4637 D

1019 3306 1048 3360 et
1062 3303 1225 3361 doctrinam
1240 3300 1370 3360 veritatis
1385 3300 1463 3375 plebi
1478 3305 1534 3358 tun
1549 3300 1639 3374 digne
1652 3302 1778 3374 aperire.

1054 3397 1200 3465 Postquam
1215 3393 1349 3464 infulcias
1362 3392 1448 3463 sacri
1468 3390 1542 3446 oica
1556 3391 1628 3447 boae
1643 3390 1811 3448 Orationem.

1056 3481 1135 3555 Rogo
1149 3486 1177 3537 te
1197 3479 1339 3537 altissime
1360 3478 1500 3548 Sabaoth,
1517 3479 1601 3536 Pater
1623 3485 1738 3548 sancte,
1756 3485 1788 3536 ot
1803 3497 1846 3536 me

1018 3569 1120 3645 tunica
1130 3569 1272 3629 castitatis
1283 3567 1412 3644 dignaris
1423 3568 1583 3642 accingere,
1595 3571 1624 3624 et
1636 3584 1722 3625 meos
1731 3568 1846 3626 lumbos

1019 3659 1136 3717 baltheo
1151 3659 1194 3717 tui
1210 3659 1320 3715 amoris
1334 3657 1446 3715 ambire
1467 3673 1501 3714 ao
1523 3673 1606 3714 renes
1621 3657 1722 3714 cordis
1738 3675 1771 3715 ao
1786 3676 1848 3716 cor·

1021 3749 1100 3823 poris
1116 3749 1172 3806 mei
1193 3747 1345 3805 eharitatis
1369 3748 1437 3821 igne
1463 3762 1611 3820 perurere,
1626 3751 1777 3819 qnatenus
1799 3765 1849 3821 pro

1020 3838 1147 3913 peccatis
1162 3837 1236 3894 meis
1251 3836 1363 3911 possim
1379 3836 1466 3910 digne
1480 3834 1671 3907 intercedere,
1684 3840 1714 3892 et
1728 3838 1851 3894 astantis

1020 3926 1119 4001 populi
1136 3931 1322 4001 peccatorum
1343 3925 1459 3983 veniam
1479 3924 1650 3998 promereri,
1666 3942 1702 3982 ac
1716 3926 1852 3999 pacificas

1020 4015 1206 4090 singulorum
1222 4015 1333 4072 hostias
1346 4014 1509 4082 immolare,
1522 4030 1569 4070 me
1579 4030 1701 4088 quoque
1714 4016 1853 4071 audacter

1020 4105 1229 4162 Domineadto
1240 4103 1428 4160 accedentem
1447 4118 1505 4158 non
1523 4101 1604 4158 sinas
1620 4101 1730 4173 perire,
1741 4102 1793 4158 sed
1810 4102 1852 4157 di-

1020 4210 1110 4268 gnare
1132 4211 1178 4250 me
1205 4193 1358 4260 mundare,
1376 4189 1483 4258 lavare,
1501 4206 1617 4255 orooro,
1633 4194 1663 4246 et
1689 4189 1806 4258 leniter,
1821 4208 1853 4247 ao

1021 4283 1145 4357 benigne
1156 4283 1314 4356 suscipere,
1328 4281 1412 4338 Pater
1422 4278 1677 4352 sanctissime‚qui
1688 4296 1758 4336 cam
1770 4280 1852 4349 Filio,

1020 4376 1049 4428 et
1063 4371 1174 4445 Spiritu
1190 4375 1291 4428 sannio
1306 4369 1379 4427 vivis
1400 4373 1429 4425 et
1454 4384 1559 4442 regnas
1583 4366 1663 4424 Deos
1689 4369 1720 4425 in
1746 4368 1853 4425 sarcula

1021 4460 1206 4518 seculorum.
1224 4460 1324 4516 Amen.

1247 4549 1312 4606 lade
1326 4550 1457 4620 maseato
1472 4548 1624 4607 moetoris.

139 4628 314 4687 etabomni
340 4636 524 4708 ror-ruptione
549 4637 658 4711 peccati
688 4639 810 4712 pnrillca
839 4647 966 4699 mentem
1058 4639 1266 4696 DomineDeus
1279 4637 1475 4711 omnipotens,
1488 4636 1538 4711 qui
1551 4653 1582 4691 0⁸
1598 4636 1709 4702 ῑῑίῡῦὓ,
1720 4641 1751 4694 et
1765 4653 1852 4701 unua,

140 4733 247 4775 meam.

420 4813 511 4870 Oratio
524 4816 559 4871 od
572 4816 686 4873 Stoloni.

174 4896 314 4972 Dirumpe
335 4900 457 4957 Domine
470 4903 588 4961 vincula
611 4910 796 4978 peccatorum
821 4925 965 4976 meorum,

139 4990 172 5044 ut
182 4988 254 5062 jugo
269 4992 325 5044 tua
342 4989 489 5048 servitutis
510 4993 627 5050 innixus
642 4995 753 5054 valeam
774 4997 826 5054 tibi
841 5014 909 5055 eum
925 4998 965 5054 ti·

139 5093 229 5146 more,
247 5082 276 5135 et
290 5081 451 5136 reverentia
466 5080 612 5139 famulari.

467 5171 506 5228 ll
521 5171 635 5229 Subtile.

175 5255 265 5314 induc
278 5275 324 5314 mo
335 5258 457 5316 Domine
466 5262 639 5319 vestimento
650 5262 765 5331 salutis,
778 5268 806 5321 et
816 5265 966 5323 circumda

139 5362 187 5401 me
201 5344 290 5403 lorica
305 5347 494 5407 fortitudinis.

431 5440 470 5495 lo
484 5441 675 5507 Delmaticom‚

177 5520 350 5582 Indumento
366 5528 419 5584 hoo
434 5530 530 5601 typico
550 5531 713 5602 priscorum
730 5531 848 5589 Petrum
862 5534 920 5591 ritu
935 5534 965 5590 in

140 5607 260 5665 modam
276 5614 370 5670 crucis
385 5617 553 5676 tramitibus
568 5621 724 5693 purpureis
734 5625 868 5679 contexto
882 5622 967 5680 vesti·

1020 4733 1049 4787 et
1058 4729 1168 4801 ubique
1178 4727 1377 4802 presens,tibi
1389 4725 1529 4783 confiteor
1537 4726 1636 4782 omnia
1646 4730 1771 4798 peecata
1779 4743 1852 4795 mea,

1020 4834 1084 4891 que
1100 4817 1125 4874 si
1141 4834 1199 4874 non
1209 4816 1413 4884 condiaconis
1428 4819 1527 4872 tomen
1537 4814 1628 4871 labra
1641 4831 1703 4871 non
1717 4821 1853 4889 possunt,

1021 4907 1090 4980 quia
1105 4906 1220 4980 peccavi
1235 4905 1325 4962 nimis
1346 4905 1376 4960 in
1396 4903 1633 4978 cogitationibus,
1646 4903 1678 4960 in
1694 4903 1854 4962 locutioni·

1020 4997 1086 5064 hus,
1098 4994 1280 5068 diversisque
1295 4993 1434 5069 operibus
1456 4992 1553 5061 malis,
1563 4996 1593 5048 et
1611 4991 1729 5060 multis,
1741 4999 1772 5051 et
1787 4996 1853 5068 qnia

1019 5102 1072 5161 ego
1088 5085 1187 5154 miser,
1199 5089 1228 5140 et
1241 5081 1420 5141 miserabilis
1430 5081 1553 5139 Domino
1567 5085 1690 5155 propter
1700 5083 1851 5149 duritiam,

1019 5180 1048 5231 et
1062 5174 1224 5246 nequitiam
1244 5173 1342 5230 cordis
1368 5173 1435 5242 mei,
1454 5170 1511 5228 nisi
1537 5175 1569 5227 tu
1596 5169 1722 5242 adjuves
1751 5189 1809 5240 me,
1826 5173 1851 5227 in

1019 5263 1085 5338 ipsa
1098 5265 1284 5337 peccatorum
1297 5278 1430 5319 meorum
1443 5265 1537 5318 morte
1548 5260 1688 5334 perduro,
1700 5267 1850 5334 propterea

1020 5356 1180 5426 propterte
1195 5351 1334 5409 miserere
1350 5352 1418 5419 mei,
1430 5351 1480 5425 qui
1496 5350 1568 5409 vivis
1583 5354 1611 5407 et
1626 5366 1752 5423 regnas.

1037 5445 1084 5499 llis
1098 5443 1225 5498 omuibus
1239 5443 1291 5497 rite
1298 5443 1415 5514 peractis
1425 5440 1499 5497 dicet
1509 5441 1656 5522 Episcopus
1668 5455 1766 5513 preces
1779 5441 1832 5496 bea.

1055 5532 1168 5604 Exurge
1177 5531 1299 5588 Domine
1308 5531 1414 5603 adJ'nva
1422 5547 1476 5588 nos
1486 5547 1493 5587 ε
1503 5529 1657 5588 Dtredime
1669 5546 1726 5586 nos
1737 5534 1847 5603 propter

1021 5638 1127 5679 nomen
1143 5624 1240 5678 tuum.
