3878 6098
97 336 141 401 fld
559 337 833 404 uiscoalaeun
855 334 1326 410 Lianloue'rUOit.-·1.1B.
1349 332 1375 399 l·
1766 333 1810 402 ss

97 468 266 545 postulans,
284 472 373 544 atque
380 469 519 545 loquendi
530 470 627 529 locum
637 471 738 529 multis
748 471 927 528 clamoribus
941 469 969 542 Α
983 468 1188 538 sit,Gerlonem
1198 467 1291 525 filium
1300 484 1422 541 parvum
1432 464 1620 540 superstitem
1629 466 1809 541 relinquens.

98 564 213 637 petens.
224 560 664 635 lltjussaragio‚decommisso
676 561 803 619 facinore
812 577 929 634 respou-
983 557 1036 626 Qui
1054 559 1090 614 ab
1106 574 1172 632 rege
1196 558 1284 615 tutori
1302 557 1489 624 commissus,
1505 556 1715 630 patrimonium
1740 575 1809 617 cum

98 667 190 706 surus
205 649 330 706 sistitur.
347 650 498 724 Orsusque
513 651 556 707 sic
571 651 631 707 ait:
983 653 1076 705 matre
1092 648 1233 721 possedit.

136 741 180 794 11.
197 738 291 795 Oratio
305 741 416 811 inponis
429 755 480 811 pro
493 756 522 795 sc
545 740 618 812 apud
633 757 725 810 regem
741 748 767 796 ct
788 741 928 813 principes
1019 740 1062 793 12.
1080 740 1216 794 promocio
1230 739 1253 774 **
1267 738 1368 794 licroli
1390 740 1420 793 in
1434 738 1568 807 repenti.
1584 768 1618 777 —
1630 738 1745 794 interea
1759 755 1810 795 rex

96 830 224 884 suasorie
235 827 339 884 babae.
351 859 386 868 -
398 828 513 884 «Deum
525 828 684 886 voluntatis
695 847 765 886 mea
776 830 927 886 conscium
983 845 999 883 a
1016 827 1168 883 Lemovica
1183 827 1254 882 urbe
1272 827 1412 898 dimotus,
1437 825 1636 882 licholisinam
1652 827 1708 898 (65)
1725 827 1807 900 petit,

98 920 201 982 testor,
218 916 290 971 nibil
306 915 380 972 mibi
395 916 486 973 inisse
496 918 592 973 carius
605 922 700 974 vestra
710 920 814 975 salute.
826 918 928 973 Vester
982 933 1016 972 ac
1030 915 1070 970 ibi
1087 932 1210 988 quaque
1229 916 1358 989 geronda
1385 916 1525 988 disponit.
1549 916 1607 972 Nec
1632 915 1724 972 multo
1741 920 1808 990 post

99 1022 184 1062 amor
197 1007 236 1062 ad
251 1006 306 1062 hoc
321 1023 368 1062 me
392 1006 519 1079 impulit.
536 1007 579 1063 Ob
595 1013 722 1064 vestram
747 1008 871 1065 salutem
896 1007 927 1064 iu
983 1009 1084 1078 petens
1095 1004 1437 1078 Petregoram,nohilium
1449 1021 1554 1061 causas
1564 1021 1627 1077 qua
1639 1004 1741 1061 litibus
1749 1004 1809 1079 agi·

101 1094 155 1150 has
166 1112 214 1150 me
229 1094 365 1151 miserias
376 1095 563 1169 precipitari.
576 1097 630 1153 Pro
641 1098 855 1165 omniumrita,
866 1101 928 1153 tan·
982 1094 1121 1150 tabantur
1135 1094 1174 1148 ibi
1190 1093 1357 1165 aequissime
1384 1093 1510 1159 ordinat,
1541 1094 1701 1165 plurimum
1726 1095 1748 1129 **
1771 1095 1808 1151 de

101 1188 166 1239 tum
180 1183 345 1256 periculum
362 1184 460 1241 subire
479 1202 537 1241 non
551 1187 662 1258 expavi.
677 1187 793 1244 Grande
808 1187 927 1260 quidem
981 1182 1329 1238 communibusomnium
1339 1182 1522 1255 causisapud
1532 1183 1688 1254 optimates
1696 1187 1807 1254 pertra-

100 1276 145 1327 est
159 1277 276 1344 gestum
286 1273 448 1346 negotium,
464 1275 515 1330 sed
527 1275 792 1348 majorestuegotii
803 1275 926 1332 utilitas.
982 1275 1075 1327 ctans'.
1092 1271 1204 1340 Quibus
1219 1287 1287 1326 cum
1302 1271 1376 1327 toret
1385 1271 1544 1326 admodum
1556 1271 1696 1340 intentus,
1708 1271 1808 1344 ibique

99 1361 221 1433 Regiam
237 1363 423 1434 majestatem
435 1379 481 1419 mc
492 1361 601 1420 lesisse
612 1364 731 1437 quidem
743 1383 801 1421 non
817 1366 926 1432 abnuo,
982 1377 1033 1433 par
1048 1359 1160 1433 aliquot
1187 1364 1399 1432 temperasses
1423 1363 1606 1415 moraturum
1621 1364 1806 1433 proponeret,

97 1450 148 1505 sed
166 1449 262 1506 multa
272 1452 428 1507 commoda
443 1451 472 1507 in
490 1451 616 1508 facinore
632 1457 801 1527 comparata
815 1470 926 1511 assero.
982 1448 1069 1507 Fulco
1085 1448 1243 1506 Remorum
1259 1447 1507 1520 archiepiscopus,
1524 1449 1560 1504 de
1575 1448 1672 1504 Karoll
1689 1465 1808 1522 prome-

96 1538 926 1607 Considereturauctorisanimus,animadvertaturctiam
981 1538 1060 1595 tione
1074 1539 1104 1595 in
1120 1555 1243 1612 regnum
1259 1538 1336 1609 apud
1351 1537 1702 1627 BelgastractabatJBBB).
1719 1538 1808 1597 Vide·

98 1627 200 1684 sutura
222 1627 361 1684 facinoris
380 1629 504 1686 utilitas.
520 1629 680 1688 Tirannum
696 1636 814 1705 captum
832 1637 928 1690 metus
982 1627 1069 1683 batur
1083 1629 1191 1685 etenim
1207 1633 1288 1696 tunc,
1305 1629 1383 1700 quod
1399 1643 1527 1701 praesens
1542 1627 1727 1700 oportunitas
1737 1627 1809 1685 huie

96 1717 926 1793 causabaptismumpetiisseadverti,eumquepostquam
982 1716 1807 1790 reialiquemcommoditatempararetldqueplurimnm

97 1805 307 1872 dimitteretur,
325 1806 460 1880 pluribus
484 1808 601 1880 injuriis
616 1810 708 1865 vicem
730 1811 925 1879 redditurum,
942 1842 966 1908 B
981 1809 1177 1878 persuadebat
1192 1807 1395 1864 Neustriorum
1411 1806 1544 1863 absentia
1558 1807 1591 1862 ⁸⁸.
1607 1806 1722 1862 Etenim
1738 1821 1806 1863 cum

97 1911 281 1968 suorumque
296 1900 424 1969 stragem
438 1897 611 1970 gravissime
623 1898 766 1954 ulturum.
782 1904 927 1972 laquem,
982 1916 1048 1972 rege
1056 1899 1085 1954 in
1094 1896 1395 1971 partibusAquitnuia
1402 1894 1808 1953 tuncdctiuebantur.Suada·

97 1985 170 2056 quia
182 1984 288 2041 sutura
303 1984 397 2042 cladis
407 1987 587 2044 causavisus
598 1991 651 2055 est,
663 1989 772 2044 serrum
786 1989 925 2046 converti.
981 1989 1053 2044 bant
1067 2004 1184 2060 quoque
1199 1986 1376 2058 multiplices
1387 1986 1582 2043 adolescentis
1598 1983 1805 2057 querimonia.

98 2073 165 2129 llaec
180 2078 227 2129 est
241 2073 299 2129 mei
314 2073 451 2130 facinoris
467 2092 568 2132 causa.
582 2077 645 2132 llaec
656 2093 702 2133 me
713 2079 749 2134 ad
765 2077 861 2134 scelus
875 2079 928 2134 im·
980 2077 1045 2133 Jam
1052 2074 1600 2148 enimquindennis,deregiamissioue
1608 2074 1686 2146 apud
1694 2073 1806 2132 amicos

98 2161 186 2234 pulit.
202 2162 260 2218 lloc
275 2162 312 2218 ob
326 2163 405 2236 regis
420 2179 601 2236 suorumque
616 2165 741 2222 salutem
767 2167 875 2239 peregi.
891 2167 928 2224 llt
980 2162 1806 2237 etdomesticosgravissimeconquerebatur-,regnumque

99 2250 218 2306 utinam
229 2255 322 2307 morte
337 2267 413 2318 mea,
427 2252 527 2324 patria
537 2253 667 2322 libertas,
682 2271 839 2328 rerumque
849 2260 927 2312 tran·
981 2258 1136 2326 paternum
1159 2258 1288 2326 repetere
1316 2250 1407 2308 multo
1436 2254 1543 2307 conatu
1571 2248 1756 2307 moliebatur.
1772 2249 1806 2306 lli

98 2336 233 2409 quillitas
242 2341 476 2412 consequantur!
492 2341 547 2397 Sed
559 2342 584 2397 si
595 2343 719 2410 occidor,
731 2345 767 2401 ob
778 2345 856 2418 regis
866 2345 925 2417 pri·
980 2360 1049 2416 ergo
1073 2359 1176 2399 omnes
1200 2341 1321 2414 Belgica
1349 2340 1507 2414 principes,
1523 2343 1551 2396 et
1565 2338 1678 2411 aliquot
1691 2338 1805 2395 Celtica

96 2432 273 2500 metumque
295 2428 420 2485 sulutem
443 2430 556 2487 occisus
579 2431 708 2488 videbor.
734 2433 845 2506 Cogitet
861 2436 925 2506 jam
980 2449 1167 2505 summopere
1195 2432 1338 2488 favebant.
1355 2431 1465 2487 Horum
1490 2445 1607 2502 quoque
1631 2444 1804 2498 consensus,

95 2516 237 2589 quisque,
253 2534 290 2573 an
307 2534 359 2592 pro
373 2518 544 2590 hujusmodi
556 2522 687 2578 mercede
697 2521 722 2578 ci
737 2521 925 2578 militandum
980 2523 1036 2577 sub
1051 2521 1187 2579 ilamensi
1198 2519 1432 2593 metropolitano,
1444 2517 1695 2590 sacramentijare
1705 2518 1805 2575 llrma-

95 2605 134 2660 sit
148 2624 155 2672 ;
172 2610 202 2661 et
211 2622 249 2661 au
261 2622 313 2678 pro
324 2607 381 2663 ltdc
392 2612 516 2675 servata,
527 2609 579 2664 tali
590 2609 743 2667 habendus
755 2612 793 2668 sit
803 2612 927 2668 retribu-
979 2615 1037 2666 tur.
1053 2613 1093 2667 Ac
1109 2619 1237 2684 tempore
1250 2613 1361 2666 statuto
1376 2607 1562 2676 conveniunt,
1573 2625 1609 2664 ex
1622 2607 1739 2680 Belgica
1748 2607 1805 2680 (66)

95 2695 186 2749 tione.
203 2695 276 2751 Ecce
296 2695 401 2769 eapitis
427 2701 455 2752 et
479 2698 605 2770 pectoris
625 2698 783 2773 laterisque
799 2699 927 2758 recentia
980 2700 1099 2772 quidem
1115 2699 1305 2767 coloniensis,
1318 2697 1498 2764 Trevericus‚
1513 2701 1602 2767 atque
1614 2696 1805 2769 Msguntinus

94 2781 233 2838 vulnerat
245 2784 346 2840 Patent
356 2785 581 2856 praecedentium
591 2790 925 2860 temporumcicatrices,
980 2788 1205 2863 metropolitani,
1222 2805 1288 2844 cum
1305 2789 1368 2843 suis
1380 2785 1570 2842 diocesaneis
1582 2785 1737 2858 episcopis,
1754 2789 1806 2842 aut

95 2871 284 2944 dispersique
299 2872 477 2947 perreliqua
498 2877 628 2949 corporis
652 2879 784 2934 membra
808 2878 923 2937 livores.
978 2874 1637 2953 eorumprobabilibuslegatislGCelticavcro
1646 2874 1804 2930 Remorum

96 2961 229 3025 Quorum
245 2961 374 3019 assiduis
385 2961 535 3021 doloribus
545 2966 705 3033 contectus,
718 2966 791 3023 nihil
804 2973 870 3040 post
883 2972 926 3025 tot
979 2969 1137 3042 praedictus
1146 2963 1588 3040 metropolitanus,cumaliquot
1597 2963 1805 3022 suisdioecesa·

97 3049 186 3118 male,
200 3049 259 3106 nisi
274 3055 409 3118 mortem,
421 3052 566 3109 malorum
582 3055 670 3111 finem
686 3060 814 3128 expecto.
833 3080 847 3107 »
863 3060 925 3123 Qua
979 3059 1053 3125 neis,
1069 3057 1258 3114 Laudnnensi
1268 3054 1410 3122 videlicet,
1423 3052 1610 3110 Catalaunico
1621 3056 1709 3124 atque
1720 3051 1807 3109 Mori·

97 3140 311 3211 conquestione
325 3139 399 3197 alios
420 3142 454 3197 ad
481 3141 705 3200 benivolentiam
730 3146 827 3217 traxit,
852 3146 924 3204 elios
979 3147 1073 3203 nensi.
1087 3149 1168 3202 Anno
1183 3148 1204 3182 **
1219 3149 1316 3202 autem
1330 3141 1539 3201 incarnationis
1549 3141 1702 3198 dominica
1718 3143 1739 3177 ⁸⁷
1751 3140 1805 3199 893

96 3245 164 3283 cero
179 3228 217 3285 ad
232 3228 372 3285 lacrimas
400 3228 526 3303 impulit.
544 3231 625 3288 Unde
648 3237 678 3288 et
701 3233 810 3291 milites
824 3253 877 3308 pro
891 3252 925 3294 eo
940 3212 961 3279 C
978 3239 997 3292 5
1011 3238 1075 3293 Kal.
1093 3237 1114 3272 ⁸⁸
1129 3237 1280 3303 sepinas,
1294 3234 1341 3291 die
1356 3233 1505 3289 dominica
1528 3233 1601 3301 (ion.
1617 3231 1674 3304 28),
1690 3229 1805 3287 collecti

97 3320 230 3389 agentes,
245 3333 344 3391 regem
359 3319 536 3388 demulcent,
559 3325 588 3376 ct
602 3323 638 3376 ad
654 3321 772 3395 pietatis
798 3323 925 3382 clemen·
980 3325 1079 3383 Remis
1090 3326 1120 3382 in
1136 3324 1258 3381 basilica
1272 3322 1366 3379 sancti
1378 3319 1501 3394 Remigii
1512 3319 1650 3377 Karalum
1664 3320 1806 3392 quinden-

96 3404 169 3460 tiam
194 3407 338 3473 suadent;
360 3406 433 3462 nihil
456 3409 515 3483 regi
541 3411 680 3480 prodesse
698 3417 874 3481 asserentes,
899 3414 924 3470 si
980 3432 1046 3471 nem
1062 3431 1161 3489 regem
1176 3417 1291 3480 creant;
1308 3429 1341 3468 ac
1370 3412 1399 3466 in
1416 3410 1486 3466 urbe
1503 3413 1707 3482 purpuratum,
1724 3424 1805 3466 more

95 3510 220 3550 suorum
235 3494 383 3567 quispiam
404 3496 542 3566 intereat3
559 3498 649 3554 immo
665 3500 694 3555 in
716 3500 825 3556 tiranni
849 3503 924 3559 occi·
980 3505 1058 3579 regio
1073 3504 1247 3561 edietadare
1257 3501 1449 3559 constituunt.
1460 3501 1496 3556 lit
1509 3515 1543 3555 ex
1553 3496 1802 3569 Celticaquidem,

96 3581 178 3639 sione
193 3584 395 3655 gaudendum,
409 3585 454 3641 vel
467 3585 611 3658 quievitae
627 3589 714 3644 datus
729 3589 769 3645 sit
788 3590 813 3646 si
829 3590 924 3649 tidelis
979 3594 1149 3666 paucissimi
1161 3594 1225 3665 ejus
1234 3596 1332 3665 partes
1341 3590 1540 3663 sequebantur
1553 3589 1593 3643 Ex
1600 3585 1715 3660 Belgica
1723 3603 1802 3656 vero,

96 3671 232 3738 decessit,
248 3671 293 3730 vel
308 3673 581 3746 quiaejusinsidiae
596 3677 922 3748 penitusdeiecorintsi
978 3683 1003 3739 ci
1020 3698 1122 3740 omncs
1138 3680 1245 3738 addicti
1275 3678 1411 3736 suntab
1441 3676 1499 3733 illis
1514 3675 1593 3732 enim
1616 3674 1803 3731 devotissime

96 3758 123 3814 in
139 3759 208 3817 dolo
223 3761 406 3834 baptismum
422 3764 593 3837 susceperit.
608 3765 778 3830 Quibusrex
788 3768 922 3826 animum
977 3776 1125 3844 exceptus,
1137 3785 1299 3842 peromnes
1314 3770 1336 3803 ‘⁹
1349 3782 1450 3823 corum
1462 3764 1549 3820 urbes
1559 3766 1587 3819 et
1597 3761 1704 3834 oppida
1714 3763 1736 3797 *θ
1747 3761 1802 3817 hu·

95 3853 274 3921 temperans,
290 3851 435 3907 tumulato
458 3853 592 3922 barbaro,
609 3854 749 3928 lngonem
773 3856 803 3910 iu
828 3859 923 3930 gratia
977 3860 1151 3915 manissime
1167 3859 1309 3913 deductus
1324 3860 1378 3911 est.
1880 3850 1883 3854 ’

94 3939 228 3993 resumit.
243 3939 279 3994 Bt
293 3939 415 4013 insuper
429 3947 561 3998 castrum
577 3944 655 4015 quod
674 3943 793 4020 Blesum
806 3947 861 4016 (el)
877 3945 922 4002 di·
1011 3949 1055 4004 te.
1071 3948 1170 4004 odonis
1185 3947 1206 3982 *ί
1223 3946 1325 4002 reditus
1340 3945 1374 3999 ab
1384 3943 1534 4015 Aquitania
1544 3942 1564 3976 ⁸¹
1575 3941 1686 4012 ejusque
1701 3941 1799 3996 obitas.

93 4025 168 4082 citur
177 4026 204 4082 ei
214 4025 372 4085 liberaliter
380 4031 592 4100 accommodet,
602 4048 636 4088 eo
645 4033 723 4105 quod
734 4031 759 4088 is
770 4034 820 4106 qui
832 4035 920 4093 castri
976 4039 1106 4104 -Quod
1122 4035 1233 4093 lactum
1250 4035 1311 4092 Odo
1327 4051 1376 4090 rex
1390 4031 1585 4104 comperiens,
1596 4030 1633 4086 ab
1644 4028 1802 4102 Aquitania

92 4114 259 4171 custodiam
274 4116 390 4188 agebat,
405 4118 434 4174 in
449 4118 524 4176 bello
539 4120 669 4193 pyratico
691 4122 807 4180 occisus
830 4128 919 4181 esset.
975 4127 1060 4182 redit.
1077 4126 1244 4198 Urbemque
1258 4123 1433 4180 Turonicam
1449 4125 1562 4194 petens,
1577 4123 1711 4176 sanctum
1728 4118 1800 4174 Mac

91 4204 162 4274 Ejus
177 4219 297 4276 quoque
307 4222 427 4262 uxorem
439 4207 619 4277 derelictam,
630 4210 707 4266 dono
723 4212 801 4283 regio
816 4211 846 4269 iu
860 4230 920 4270 ma·
974 4217 1069 4271 tinum
1085 4214 1170 4270 donis
1186 4213 1333 4287 regalibus
1362 4211 1497 4267 honorat.
1513 4207 1619 4280 Sicque
1635 4206 1736 4263 Parisii
1752 4222 1799 4261 re-

91 4293 231 4348 trimonio
248 4292 318 4366 lngo
333 4293 390 4350 sibi
405 4296 566 4369 accopulat.
580 4298 668 4370 Regis
680 4299 783 4356 exinde
793 4318 827 4357 ac
842 4302 920 4376 plin·
974 4310 1087 4378 ceptus,
1103 4308 1221 4360 sanctos
1245 4302 1380 4358 martires
1409 4297 1583 4363 Bionisium‚
1601 4294 1756 4351 Rusticum
1771 4298 1800 4350 et

91 4383 192 4454 cipum
206 4381 303 4456 gratia
316 4383 476 4441 admodum
491 4402 574 4454 usus,
591 4404 729 4460 prospere
741 4406 775 4445 ac
797 4390 920 4449 feliciter
973 4393 1174 4450 Eleutherium
1194 4391 1349 4464 magnifice
1368 4389 1467 4444 donat.
1479 4385 1609 4442 Tandem
1630 4383 1717 4438 lluvio
1737 4382 1797 4437 Ma·
1860 4423 1863 4429 .

91 4470 192 4527 omnia
206 4471 336 4543 gerebat.
351 4471 460 4529 Verum
475 4473 505 4530 id
517 4473 548 4529 in
563 4474 654 4532 brevi.
675 4476 748 4533 Nam
763 4479 918 4537 vulnerum
973 4474 1580 4551 tronaremenso,Belgicamingreditur.rtc
1589 4470 1695 4544 oppido
1704 4486 1799 4543 recep-

92 4560 191 4615 sanies
205 4558 282 4616 male
296 4577 314 4615 a
328 4559 453 4634 cirurgis
467 4568 630 4636 amputata,
645 4582 712 4621 cum
729 4568 785 4623 sub
798 4569 920 4626 recutita
934 4580 957 4645 Ι)
973 4572 1112 4644 tue,qu0d
1124 4570 1231 4626 dicitur
1242 4557 1799 4639 l'ara,pranimiaanxietatcinsomnic-

91 4648 257 4720 superficie,
272 4651 419 4706 tumorem
433 4649 613 4708 intrinsecus
628 4660 808 4727 operaretur,
826 4657 918 4715 nimio
973 4664 1062 4717 tatem
1078 4661 1138 4733 pati
1155 4659 1336 4731 coepitque
1365 4669 1432 4708 cum
1449 4651 1575 4707 nimium
1590 4651 1797 4716 succresceret,

91 4735 225 4793 humoris
240 4738 442 4810 reumatismo,
458 4738 526 4813 plus
540 4739 659 4797 biennio
673 4749 804 4817 vexatus,
832 4747 862 4802 in
877 4746 918 4804 le·
973 4749 1080 4806 mentis
1095 4746 1297 4805 alienationem
1323 4743 1509 4816 operabatur.
1525 4738 1799 4813 Superautibusqne

92 4825 300 4884 ctumdecidit.
317 4827 399 4884 Unde
422 4832 451 4884 et
465 4827 625 4887 intercluso
642 4837 783 4903 reumate,
800 4837 917 4907 penitus
971 4838 1155 4905 humoribus,
1172 4851 1249 4891 anno
1265 4833 1347 4907 regni
1362 4832 1407 4888 sui
1433 4829 1556 4897 decimo,
1573 4833 1606 4885 nt
1620 4827 1740 4901 quidam
1756 4826 1797 4882 ie-

92 4912 244 4971 intumuit.
256 4916 430 4989 Sicquetoto
441 4917 833 4992 erisipilatocorpore,vitam
843 4925 916 4981 ami·
971 4925 1164 4995 runtmania,
1180 4922 1229 4980 alii
1250 4923 1368 4992 frenesi,
1384 4923 1473 4978 finem
1503 4920 1567 4974 vita
1596 4917 1707 4990 accepit
1722 4914 1795 4987 (898,
1843 4931 1845 4935 ·

763 5038 885 5097 VARIAE
904 5042 1112 5099 cuculorum.

125 5128 148 5163 **
163 5127 214 5197 tio,
230 5145 278 5209 cm
304 5131 420 5186 edecta.
436 5131 458 5166 ‘⁶
473 5129 564 5186 Plde
592 5132 724 5204 privatis,
747 5136 874 5193 multum
898 5156 934 5195 ue
958 5140 994 5196 de
1015 5156 1122 5196 comm.
1149 5140 1187 5205 l.‚
1207 5142 1281 5195 linco
1304 5138 1435 5194 subducto
1460 5137 1540 5206 dep.
1557 5149 1596 5186 m.
1613 5130 1699 5210 deleto
1720 5133 1793 5184 sunt.

92 5198 268 5280 “absentia
285 5200 335 5272 qui
356 5202 498 5284 Sequana
519 5202 673 5276 Ligerique
698 5204 794 5263 iluviis
809 5209 981 5281 interjacent
1003 5211 1099 5268 deleta.
1129 5214 1219 5283 ticin,
1240 5209 1349 5266 domini
1367 5209 1482 5264 absciso.
1513 5205 1574 5257 ⁸⁸5.
1592 5199 1655 5255 Kal.
1668 5199 1795 5271 yemali·

90 5284 170 5326 saco.
201 5271 223 5305 ⁸⁰
238 5288 289 5342 per
302 5288 318 5327 ο
333 5274 449 5329 nisccsn.
477 5274 500 5308 ⁵⁰
513 5277 543 5329 et
557 5291 614 5347 opp
629 5277 744 5332 absciso.
775 5280 794 5312 ⁵¹
813 5280 932 5348 Odonis,
950 5286 980 5337 ta
995 5286 1111 5339 abscisa.
1627 5283 1633 5293 ⁴

885 5397 1003 5454 NOTAE.

122 5478 171 5617 (ἐξ
195 5479 281 5537 Βῑθῡ·
969 5496 1063 5554 ruisse
1079 5501 1202 5571 constat,
1219 5492 1349 5577 igiturbi
1360 5495 1418 5546 tres
1429 5488 1641 5561 archiepiscopi
1657 5485 1793 5544 Carolum

194 5553 369 5636 Ληθθίίῑξῖηθ·
969 5568 1090 5625 minime
1106 5585 1202 5640 regem
1219 5566 1273 5624 sibi
1290 5565 1450 5635 elegerunt.

121 5621 170 5692 (66
196 5623 323 5682 batham
338 5640 461 5698 reguum
474 5632 544 5686 tunc
559 5630 701 5703 temporis
724 5633 845 5691 Aruulso
860 5652 913 5708 pa-
