3878 6098
61 305 147 396 uss
320 302 330 313 ’
645 297 854 397 sinuosum
878 333 1005 395 saraa
1029 335 1190 398 urssau.
1692 328 1778 410 uae

59 469 148 541 capit
162 482 236 535 esse,
246 482 298 521 nec
313 466 423 522 desinit
438 484 512 533 esse,
522 469 572 522 sed
588 475 633 523 est
648 468 857 539 sempereus
874 482 890 520 a
905 468 932 533 Α
947 466 1121 538 supplicatio
1134 473 1243 538 nostra,
1260 476 1292 526 ut
1307 472 1369 544 ipse
1380 474 1505 529 coelestis
1516 475 1600 530 Pater
1610 493 1661 548 per
1675 479 1771 537 Chris-

58 556 208 629 diligendo
225 554 343 624 dicitur,
360 556 429 627 qnia
445 555 543 611 omnia
561 557 665 628 diligit,
681 562 708 612 et
732 557 884 629 gubernat,
941 559 1004 610 tum
1020 556 1125 613 Filium
1141 576 1239 625 suum,
1253 577 1304 632 per
1319 579 1405 634 quem
1424 562 1516 619 nasei
1532 565 1641 637 gratias
1656 566 1690 621 de
1706 586 1770 625 om-

56 664 120 719 quss
135 644 253 700 creavit.
270 644 305 698 Et
320 643 406 700 aliter
420 644 497 700 Deus
514 664 530 701 a
551 645 702 701 divinitate
718 645 815 700 dietus
831 648 885 715 est,
942 643 1029 702 uibus
1044 647 1170 718 agimus,
1180 649 1317 722 dignetur
1330 652 1483 708 admittere
1497 670 1581 708 voees
1598 658 1726 728 nostras,
1742 663 1771 714 et

53 735 126 808 quia
138 733 255 800 divinus
270 737 325 798 est,
342 737 370 788 et
385 733 485 788 omnia
510 733 613 790 dividit
633 737 720 806 prout
744 734 817 789 vult.
834 735 887 789 Per
936 733 1062 806 jungere
1078 737 1197 794 vocibus
1213 739 1417 811 praedictorum
1429 741 1565 798 ordinum
1584 740 1768 817 angelorum.

54 824 197 879 Christum
211 821 360 878 Dominum
375 826 510 878 nostrum.
528 822 661 879 Christus
671 825 887 896 gresemundus
940 822 1065 895 Supplici
1077 828 1245 897 consessione
1260 828 1386 896 diceutes,
1403 829 1458 886 boc
1474 834 1520 886 est
1533 830 1639 887 humili
1657 834 1772 891 conlas-

52 912 164 968 dioitur
178 911 278 967 latine.
295 910 346 966 Hic
362 910 496 967 Christus
512 916 578 967 ante
595 912 694 968 omnia
718 910 802 967 initia
824 910 885 966 ine·
940 911 1032 968 sione.
1049 913 1122 977 Quid
1137 915 1281 973 humilius
1302 917 1444 986 confiteri,
1459 936 1549 992 quam
1569 923 1784 995 nosmetipsos

51 999 243 1056 narrabiliter
256 999 373 1073 genitus
389 1004 442 1067 est,
457 1005 485 1056 et
496 1005 654 1074 conceptus
665 1004 709 1057 est
723 1001 758 1056 de
774 998 885 1071 Spiritu
940 1002 1039 1057 aterni
1057 1002 1133 1059 Patri
1150 1022 1200 1077 per
1212 1005 1317 1063 Filium
1339 1013 1480 1064 internum
1505 1010 1722 1079 commendare,
1739 1017 1769 1068 et

53 1094 168 1156 sancta,
179 1093 305 1146 sinatus
321 1092 365 1144 est
380 1089 416 1144 de
433 1089 524 1145 Maria
539 1089 667 1162 Virgine.
681 1090 754 1145 Nam
764 1094 792 1145 et
802 1088 831 1145 in
842 1105 886 1144 ve·
940 1089 975 1145 de
989 1096 1088 1148 nostra
1104 1093 1281 1151 conscientia
1296 1101 1324 1152 et
1340 1096 1469 1154 bonitate
1486 1096 1559 1153 nihil
1578 1115 1765 1170 praesumere,

51 1177 109 1234 teri
125 1178 515 1234 testament0Sacerdotesct
526 1179 617 1251 Reges
629 1179 846 1252 unguebantur,
856 1183 886 1234 et
939 1183 967 1233 et
978 1181 1063 1250 juxta
1076 1200 1160 1239 voces
1176 1183 1324 1257 angelicas
1341 1203 1407 1242 cam
1427 1204 1542 1258 semper
1567 1192 1703 1244 sanctum
1718 1205 1766 1244 es-

53 1267 121 1323 ideo
137 1266 245 1323 Christi
260 1266 443 1333 dicebantur,
459 1267 528 1338 quia
546 1268 625 1323 aneti
642 1271 725 1323 erant
749 1265 884 1323 unctione
939 1269 1239 1341 sentialitercredere,
1252 1278 1280 1328 et
1296 1275 1453 1346 predicare
1467 1275 1596 1333 dieentes
1615 1294 1621 1330 :

53 1353 221 1428 temporali.
232 1356 290 1410 lste
300 1353 500 1426 Christusper
511 1372 598 1427 quem
610 1355 686 1410 Patri
698 1355 807 1428 gratias
822 1355 884 1428 agi·
1147 1362 1271 1430 Sanctus,
1287 1364 1412 1430 Smctas,
1432 1363 1551 1420 tamtus.

54 1462 135 1512 mus,
146 1442 320 1500 aeternaliter
334 1443 469 1499 Christus
483 1449 539 1509 est,
555 1447 584 1500 ct
598 1461 664 1499 eum
682 1443 765 1499 Putre
775 1449 883 1500 aeterno
973 1445 1123 1503 lohannes
1135 1447 1318 1522 Evangelista
1328 1450 1357 1506 in
1369 1451 1541 1524 Apocalypsi
1550 1450 1624 1507 libro
1635 1454 1764 1526 scripsit,

52 1534 132 1589 Deus
148 1536 201 1600 est,
213 1536 241 1588 et
256 1548 307 1605 per
322 1533 420 1605 ipsum
437 1533 581 1605 redempti
599 1537 747 1600 samuaet·
761 1533 884 1605 ipseDo·
907 1597 910 1605 Α
939 1550 970 1589 se
991 1533 1098 1592 vidisse
1115 1540 1183 1593 onte
1198 1537 1337 1594 thronum
1354 1539 1416 1605 Dei,
1433 1542 1462 1594 et
1478 1540 1544 1613 agni
1570 1540 1671 1612 viginti
1697 1559 1767 1614 qua·

52 1623 154 1677 minus
165 1624 265 1677 noster
279 1626 333 1691 est,
350 1620 419 1694 quia
441 1622 611 1678 dominatur
625 1622 720 1678 nobis.
737 1624 789 1677 Per
805 1639 883 1694 quiem
938 1625 1005 1678 tuor
1031 1624 1169 1681 animalia
1193 1626 1351 1695 adstantia,
1370 1632 1398 1682 et
1420 1627 1602 1683 incessanter
1616 1629 1766 1685 dicentia:

49 1712 303 1783 rnajestatemtuam
317 1710 882 1782 tautaneaupetuperipsumctnistnm,
937 1709 1062 1778 Sanctus,
1087 1723 1206 1780 sauctus,
1222 1724 1333 1771 suiectus
1350 1717 1482 1772 Dominus
1505 1720 1577 1772 Deris
1598 1715 1727 1785 Sabaoth,
1743 1725 1769 1773 et
1815 1706 1818 1716 '

51 1817 106 1874 per
134 1814 221 1872 quem
245 1814 298 1855 nos
327 1799 437 1872 gratias
463 1799 579 1871 agimus
597 1799 683 1854 Patri.
699 1799 881 1870 Maiestatem
898 1835 922 1899 B
938 1797 1062 1870 reliqua.
1076 1801 1141 1858 ldeo
1165 1802 1244 1858 enim
1269 1805 1364 1859 tribus
1385 1803 1497 1861 vicibus
1512 1804 1619 1860 dieitur
1635 1809 1766 1876 sanetus,

50 1889 148 1945 Patris
163 1888 287 1945 laudant
302 1888 407 1961 angeli,
422 1887 472 1960 qui
489 1888 550 1961 ipso
563 1887 684 1960 aqualis
700 1892 744 1944 est
760 1887 837 1944 Patri
853 1888 882 1943 iu
916 1923 917 1926 η
941 1890 973 1940 at
988 1887 1179 1959 significetur,
1188 1891 1271 1947 Pater
1283 1890 1513 1960 sanctual'ilius
1531 1897 1662 1961 sanctus,
1675 1892 1766 1966 Spiri-

50 1977 214 2034 divinitate.
232 1977 379 2049 Mejestas,
396 1976 480 2048 quasi
498 1978 592 2047 major
607 1980 650 2031 est
666 1981 805 2048 potestas,
817 1975 886 2048 quia
940 1980 988 2031 tus
1004 1976 1108 2044 Patris,
1125 1984 1154 2035 et
1165 1979 1229 2034 Filii
1244 1986 1374 2035 sanctus.
1388 1980 1442 2036 Sed
1463 1980 1598 2052 quamvis
1612 1980 1767 2053 tripliciter

53 2068 150 2139 major
165 2069 210 2122 est
224 2069 354 2138 potestas
370 2066 418 2120 Dei
436 2083 525 2137 quam
544 2064 710 2121 bominum.
728 2066 776 2121 Dei
794 2067 884 2138 maja·
939 2063 1055 2121 dicatur
1070 2072 1189 2123 sanctus
1200 2086 1207 2137 ;
1217 2085 1274 2124 non
1291 2074 1389 2124 tanien
1404 2068 1512 2124 dicitur
1526 2068 1632 2140 plurali
1644 2084 1765 2125 numero

53 2159 162 2212 statem
178 2171 230 2228 per
244 2153 392 2210 Christum
408 2154 530 2211 laudant
544 2153 652 2227 angeli,
665 2154 734 2226 quia
749 2153 885 2210 Christus
940 2154 1043 2223 saneti,
1061 2159 1089 2210 et
1105 2174 1163 2212 una
1178 2157 1318 2214 sanctitas
1338 2161 1370 2213 ut
1393 2156 1439 2214 his
1459 2157 1554 2214 tribus
1576 2159 1720 2231 personis,
1736 2161 1766 2214 et

54 2243 145 2301 simul
176 2261 244 2300 cum
274 2244 355 2300 Patre
379 2244 487 2300 creavit
514 2241 644 2316 angelos.
662 2242 885 2316 Angelosenim
941 2258 1000 2297 una
1014 2243 1160 2300 eternitas
1176 2244 1519 2319 intelligatur.Dominus
1533 2247 1610 2303 Deus
1625 2245 1764 2303 Sabaoth.

54 2332 248 2408 grece,latine
261 2334 385 2389 nuntius
402 2333 619 2405 interpretatur.
637 2332 766 2405 Angelus
781 2350 885 2389 nomen
940 2331 963 2384 A
984 2331 1086 2386 multis
1110 2332 1295 2406 interpretari
1319 2334 1392 2392 solet
1415 2334 1610 2407 omnipotens.
1625 2338 1647 2391 A
1664 2334 1766 2391 multis

59 2422 151 2479 officii
166 2425 219 2488 est,
241 2439 297 2477 non
315 2422 509 2494 naturae,quia
520 2420 699 2489 nuntiat,sed
715 2421 888 2478 naturaliter
941 2434 1008 2474 voro
1032 2421 1221 2487 exercituum,
1240 2426 1271 2477 ut
1295 2428 1323 2479 et
1340 2424 1401 2495 ipse
1417 2425 1454 2479 sit
1476 2424 1618 2480 Dominus
1633 2425 1720 2493 Deus,
1737 2428 1766 2480 et

60 2512 185 2586 spiritus
222 2504 276 2566 esi.
306 2510 426 2566 Aderant
462 2512 673 2579 Dominatioaes,
705 2511 887 2581 hlajestatem
942 2507 1004 2578 ipse
1019 2525 1121 2565 omnes
1136 2512 1280 2566 exercitus
1305 2511 1476 2585 angelorum
1499 2518 1587 2585 atque
1609 2511 1764 2569 hominum
1796 2572 1797 2577 .

61 2600 111 2657 Dei
126 2600 221 2656 Patris
236 2617 287 2672 per
303 2600 408 2655 Filium
424 2600 554 2667 laudant,
572 2604 599 2655 et
615 2600 738 2655 adorant
754 2599 888 2655 Domina·
942 2596 1080 2668 disponit.
1098 2600 1180 2656 I’leui
1192 2602 1326 2657 suutrceli
1339 2610 1365 2656 et
1378 2609 1450 2657 terra
1466 2603 1555 2670 pieria
1570 2611 1629 2666 tua,
1641 2602 1695 2657 hoc
1710 2606 1766 2670 est,

59 2691 167 2746 tiones.
184 2687 411 2756 Dominationes,
428 2690 498 2744 ordo
514 2693 558 2744 cst
583 2687 764 2759 angelorum.
782 2690 886 2744 Decem
943 2688 975 2739 ut
990 2687 1053 2756 ejas
1066 2686 1160 2759 gloria
1175 2689 1239 2744 eruli
1255 2707 1288 2746 ac
1301 2695 1378 2746 terra
1392 2690 1602 2763 gubernentur,
1619 2689 1712 2762 etqui
1735 2690 1764 2743 in

60 2780 182 2835 luerunt
196 2776 313 2833 ordines
328 2776 509 2850 angelorum.
527 2776 663 2833 Decimus
678 2778 749 2833 ordo
770 2778 886 2845 cecidit,
942 2774 1021 2829 eoelis
1036 2781 1106 2830 sunt
1120 2782 1148 2832 et
1165 2782 1243 2833 terra
1257 2778 1429 2850 glorificent,
1447 2783 1476 2835 ot
1491 2778 1635 2834 honorent
1658 2795 1765 2834 nomen
1783 2775 1786 2783 '

58 2872 90 2924 et
103 2882 206 2923 versus
220 2871 265 2924 est
279 2883 331 2939 per
353 2866 520 2938 superbiam
548 2865 577 2921 in
600 2866 761 2923 diabolum.
778 2867 887 2922 Noram
942 2868 1078 2919 sanctum
1103 2867 1177 2936 eJus.
1190 2866 1299 2923 Osanna
1323 2870 1353 2924 ia
1374 2868 1498 2924 excelsis.
1515 2867 1664 2931 Quomodo
1688 2881 1766 2922 nunc

59 2960 160 3013 autern
175 2960 401 3030 permanserunt
424 2954 454 3011 in
481 2955 636 3012 sanctitate
651 2972 714 3011 sua.
731 2955 796 3012 liae
817 2959 888 3012 sunt
942 2951 1049 3007 dieitur
1063 2959 1198 3026 corrupte
1217 2955 1344 3024 Osanna,
1362 2961 1428 3013 ante
1452 2955 1603 3012 dicebatur
1626 2955 1765 3012 Osionna.

59 3044 183 3102 nomina
197 3060 298 3101 eoram
312 3043 441 3117 :Angeli,
451 3042 635 3117 Archangeli,
653 3043 791 3110 Virtutes,
809 3042 889 3100 Prin·
941 3045 1024 3096 rinna
1038 3040 1199 3112 interjectio
1214 3047 1258 3100 est
1270 3043 1429 3112 laudantis,
1445 3045 1503 3101 sive
1519 3061 1609 3102 causa
1628 3042 1767 3135 mffinifi-

59 3134 178 3207 eipatus
192 3137 221 3189 et
236 3131 772 3200 Potestates,'l'hroni,Dominationes,
782 3132 888 3189 Cheru·
941 3129 1044 3186 cantis.
1060 3131 1120 3199 Osi,
1136 3132 1289 3188 sacrificia.
1299 3134 1355 3190 Sed
1370 3137 1505 3212 corrupte
1520 3133 1765 3200 diciturOsanna,
1784 3131 1787 3137 ’

60 3222 134 3288 bim,
149 3221 445 3294 Seraphimlstarum
465 3221 591 3276 duarum
608 3219 727 3276 nomina
742 3238 800 3277 non
817 3227 887 3277 sunt
902 3205 923 3272 C
943 3223 971 3274 et
985 3217 1109 3291 intelligi
1125 3225 1221 3291 potest
1235 3221 1374 3290 salvifica,
1388 3221 1431 3279 vcl
1443 3222 1555 3279 salvum
1568 3223 1612 3278 lac
1627 3221 1657 3277 in
1673 3219 1766 3276 excel·

60 3311 164 3369 latina.
181 3309 339 3367 Cherubim
356 3309 506 3382 plenitudo
529 3309 657 3366 scientia
681 3308 890 3382 interpretatur
943 3307 993 3372 sia,
1011 3308 1039 3363 id
1055 3312 1099 3363 est
1114 3309 1143 3364 in
1160 3308 1237 3366 altis.
1255 3310 1496 3383 Benedictus,qui
1509 3311 1587 3366 venit
1601 3310 1630 3363 in
1647 3309 1765 3365 nominc

60 3397 216 3472 Seraphim
244 3397 412 3456 incendium
441 3397 559 3453 dieitur.
577 3396 744 3453 Ceterarum
769 3398 889 3454 nomina
944 3396 1069 3452 Domini.
1087 3398 1208 3462 Quando
1223 3398 1357 3455 Christus
1371 3400 1450 3455 venit
1474 3400 1510 3454 ad
1527 3396 1719 3464 hierusalem,
1735 3399 1766 3451 et

61 3489 209 3545 dictorum
225 3488 362 3544 ordinum
378 3485 472 3543 latina
486 3491 564 3554 sunt,
581 3486 637 3542 nisi
660 3486 837 3560 Angelorum
861 3491 890 3543 et
943 3485 1093 3540 deseendit
1109 3487 1143 3541 de
1159 3490 1257 3542 monte
1272 3485 1384 3556 Oliveti,
1395 3491 1465 3543 tunc
1480 3487 1532 3542 filii
1548 3474 1636 3542 Israel
1656 3483 1764 3542 elama-

61 3575 323 3649 Arcbangelorum.
339 3573 441 3647 Angeli
468 3575 575 3641 nuntii,
591 3574 764 3647 Archangeli
785 3574 890 3631 excelsi
944 3572 1015 3627 bant
1029 3572 1158 3629 dicentes
1175 3590 1182 3629 ι
1199 3575 1370 3643 Benedictus,
1388 3578 1436 3649 qui
1455 3578 1530 3632 uenit
1545 3578 1575 3631 iu
1595 3576 1706 3631 omnine
1720 3575 1771 3629 Do-

62 3663 160 3720 nuntii
171 3664 318 3721 dicuntur.
335 3662 491 3736 Gregorius
516 3668 613 3718 autent
638 3663 716 3734 Papa
740 3663 890 3720 Romanus
944 3662 1024 3715 miui.
1042 3662 1096 3716 Sed
1114 3662 1185 3734 quid
1201 3662 1347 3735 signifieat
1361 3664 1410 3721 ille
1425 3664 1532 3721 Christi
1547 3664 1689 3721 adventus
1703 3661 1769 3718 Hie-

62 3755 92 3810 in
109 3751 217 3810 omelia
231 3768 286 3809 sua
299 3768 389 3825 super
402 3750 554 3808 lectionem
570 3752 784 3824 evangelicam:
802 3752 891 3808 lirant
945 3749 1145 3816 rusalem‚nisi
1161 3751 1290 3808 suturam
1307 3753 1685 3826 resurrectionem,qnando
1701 3767 1770 3807 vcn-

62 3841 334 3915 adpropinquantes
345 3841 381 3897 ad
397 3840 498 3897 Jesam
510 3838 703 3913 publicani,et
712 3845 889 3912 peccatores,
946 3841 1031 3895 turus
1045 3844 1107 3895 erat
1116 3840 1252 3912 judicare
1266 3841 1345 3898 vivos
1361 3846 1390 3898 et
1407 3847 1549 3911 mortuos,
1560 3849 1589 3899 et
1603 3840 1772 3915 apparuerit

62 3935 96 3988 ut
110 3929 248 3986 audirent
256 3929 526 4002 illum,plenissime
536 3929 571 3984 dc
582 3927 727 4001 praedietis
738 3929 892 3987 ordinibus
946 3927 1031 3983 nobis
1045 3927 1074 3983 in
1091 3929 1192 3985 eadem
1208 3946 1294 3986 carne
1308 3947 1367 4002 qua
1380 3948 1432 4004 pro
1448 3930 1533 3988 nobis
1548 3948 1655 4004 passus
1670 3935 1725 3999 est,
1744 3933 1773 3987 et

62 4019 208 4095 exposuit
225 4018 285 4076 Nos
300 4035 365 4077 vero
384 4019 419 4075 ad
436 4016 620 4092 propositum
645 4018 809 4074 redeamus.
828 4021 892 4076 tre·
946 4021 1017 4072 tune
1032 4016 1062 4072 in
1079 4017 1198 4073 nomine
1212 4019 1328 4075 Domini
1343 4021 1413 4077 lesu
1435 4037 1521 4077 omne
1545 4037 1621 4095 genu
1646 4020 1774 4077 llectitur

61 4113 145 4167 munt
155 4110 300 4166 potestates
316 4109 352 4164 de
366 4124 457 4182 supra
466 4106 564 4164 dicitis
578 4107 818 4164 ordinibusdieit.
829 4108 892 4165 Non
947 4105 1121 4174 coelestium,
1137 4108 1321 4164 terrestrium
1343 4115 1372 4166 et
1389 4111 1581 4167 internorum.
1596 4111 1633 4166 Et
1653 4114 1772 4166 cetero:

62 4198 130 4256 ideo
141 4197 305 4271 dixit,quod
318 4212 408 4270 supra
418 4195 487 4252 dieti
503 4196 620 4253 ordines
632 4196 797 4269 corporales
812 4201 892 4265 sunt,
948 4211 1010 4267 quae
1026 4194 1184 4268 Apostolus
1200 4196 1281 4253 dixit.

62 4287 115 4346 sed
128 4292 229 4344 nostro
240 4303 320 4343 more
341 4286 421 4355 dicit,
437 4284 506 4358 quia
520 4301 575 4342 nos
596 4289 730 4354 tremere,
743 4302 775 4341 ac
790 4287 893 4342 timere
986 4286 1019 4339 Te
1035 4286 1122 4354 icitur
1141 4286 1348 4347 clericatissime
1371 4292 1462 4346 Pater.
1479 4290 1519 4346 'l'e
1543 4288 1642 4362 igitur,
1658 4286 1714 4342 hoo
1728 4287 1773 4340 est

62 4379 133 4434 ante
152 4375 276 4433 Domino
292 4379 391 4434 nostro
407 4374 553 4443 solemus;
578 4375 627 4430 sed
654 4374 717 4430 ideo
743 4375 814 4431 dicit
835 4379 893 4431 tre·
949 4377 1025 4429 certe
1041 4373 1269 4434 clementissime
1292 4379 1385 4435 Pater.
1402 4377 1534 4434 Clemens
1556 4375 1671 4440 dieitur,
1687 4370 1774 4446 quasi

62 4482 156 4533 mere,
168 4469 264 4523 utnos
274 4464 474 4540 intelligamus
485 4464 584 4521 omnia
596 4463 734 4535 eoelestia,
745 4464 895 4520 terrestria
949 4461 1027 4519 clara
1042 4479 1136 4532 mens,
1153 4464 1213 4521 sire
1228 4467 1391 4534 abundans,
1403 4470 1431 4522 et
1447 4460 1672 4521 clementissime
1688 4459 1774 4534 quasi

61 4560 93 4611 et
121 4552 279 4611 infernalia
300 4558 368 4612 ante
395 4557 583 4626 conspectum
607 4552 711 4608 divina
733 4551 895 4624 majestatis
911 4576 934 4640 D
950 4550 1115 4608 clarissima
1131 4558 1239 4619 mente,
1257 4554 1317 4609 sive
1342 4550 1688 4625 abundantissime,quia
1712 4550 1775 4624 ipse

61 4650 190 4701 tremere
219 4660 253 4700 ae
277 4643 391 4700 timere.
410 4645 475 4701 Coeli
498 4645 680 4717 celorumque
696 4643 820 4699 Virtutes.
837 4640 896 4715 lpsi
951 4639 1133 4697 clarissimus
1149 4645 1311 4709 estmente,
1328 4645 1357 4697 et
1381 4640 1676 4698 misericordissimus
1689 4640 1776 4697 corde

63 4733 130 4790 coeli
153 4732 282 4805 jussioni
309 4734 412 4790 divina
435 4734 585 4802 obediunt,
602 4731 672 4806 quia
687 4749 718 4788 so
741 4731 895 4788 ostendere
949 4728 1042 4784 Pater.
1050 4728 1111 4784 Non
1127 4729 1192 4784 ideo
1203 4729 1299 4802 ipsum
1316 4729 1442 4787 dicimus
1456 4730 1629 4787 elementem
1644 4735 1672 4786 et
1688 4728 1775 4785 mise-

64 4838 197 4895 serenos,
219 4822 263 4879 vel
292 4822 460 4889 nebulosos,
487 4840 545 4878 non
574 4822 682 4877 hahent
706 4821 893 4876 Potestatem.
950 4817 1104 4884 ricordem,
1121 4819 1199 4890 quod
1216 4818 1356 4875 membris
1380 4819 1537 4892 corporeis,
1553 4819 1597 4875 vel
1613 4819 1708 4885 eorde,
1725 4818 1777 4872 aut

64 4912 209 4970 Coelorum
224 4911 348 4969 virtutes
363 4917 434 4968 sunt
448 4929 537 4985 supra
553 4911 621 4967 dicti
637 4909 755 4966 ordines
777 4909 893 4982 angelo·
950 4909 1047 4961 mente
1064 4905 1101 4962 sit
1116 4907 1297 4979 compositus
1313 4907 1389 4965 sicut
1403 4908 1559 4974 homo,sed
1576 4908 1639 4962 ideo
1649 4905 1775 4986 elemen-

65 5019 133 5058 rum
150 5003 227 5059 sicut
241 5001 345 5058 heatus
365 5001 523 5074 Gregorius
547 5001 576 5056 in
599 4999 704 5056 amelia
729 5016 782 5055 sua
807 5014 896 5071 snper
950 4998 1008 5049 tem
1025 4999 1054 5050 et
1069 4994 1287 5053 misericordem
1304 4996 1478 5066 clamamus,
1496 5001 1529 5052 ut
1551 4995 1632 5051 illam
1651 4992 1776 5049 clemen-

66 5088 265 5164 erangelieam
281 5089 448 5161 lectionem,
465 5094 551 5145 erunt
566 5088 650 5163 signa
664 5088 693 5143 in
710 5088 787 5157 Sole,
798 5091 826 5145 et
841 5089 896 5144 Lu·
951 5083 1021 5139 tiam
1033 5089 1061 5139 et
1072 5083 1304 5142 misericordiam
1316 5103 1406 5160 super
1415 5104 1469 5143 nos
1480 5087 1515 5142 ab
1527 5085 1590 5158 ipso
1601 5083 1773 5148 sentiamus,

66 5196 115 5245 na,
131 5183 162 5235 et
176 5177 428 5247 Stellis,testatur.
444 5181 481 5235 he
496 5179 571 5235 beata
586 5178 740 5250 Seraphim.
755 5178 795 5234 De
811 5176 896 5233 Sera·
952 5179 985 5228 ut
1000 5171 1200 5247 intelligamus
1216 5176 1294 5231 unde
1308 5176 1412 5233 salvari
1429 5176 1596 5231 debeamus.
1613 5177 1667 5229 Per
1679 5174 1775 5229 lesum

67 5266 149 5341 pbim
165 5257 294 5341 namque
309 5285 399 5343 supra
419 5268 530 5324 dietum
558 5271 611 5323 est.
627 5266 706 5323 Secia
728 5267 898 5323 exultatione
952 5261 1091 5317 Christum
1104 5264 1210 5318 Filium
1226 5263 1407 5321 tuumlesus
1417 5279 1517 5338 graeca
1530 5260 1618 5319 latine
1634 5260 1775 5328 Salvator,

66 5356 266 5414 cmeelehraut.
282 5356 391 5414 Omnes
415 5356 544 5430 predicti
570 5355 688 5411 ordines
712 5355 896 5425 majestatem
951 5351 1076 5421 eoquod
1092 5350 1184 5408 salvet
1199 5351 1340 5426 populum
1364 5368 1451 5409 suum
1477 5350 1635 5424 apeccatis
1661 5346 1775 5407 eorumss

69 5443 119 5501 Dei
136 5445 233 5502 Patris
249 5446 466 5521 perChristum
479 5447 583 5518 juncta
607 5442 784 5500 exultatione
800 5456 897 5513 anqua-
952 5438 1019 5495 ldeo
1035 5438 1126 5496 salvat
1141 5458 1158 5496 a
1172 5441 1385 5512 peccatis,quia
1396 5442 1569 5512 potestatem
1580 5438 1668 5497 habet
1681 5435 1778 5506 dimit·

43 3974 58 4013 Ι

68 5531 138 5590 liter
152 5532 368 5592 concelebrant.
385 5535 452 5592 Cum
467 5533 565 5607 quihus
587 5540 614 5588 et
637 5535 744 5587 nostras
768 5545 851 5596 uoces,
868 5535 899 5586 ut
952 5528 1031 5583 tendi
1047 5534 1176 5601 peecata.
1193 5528 1336 5585 Salutaris
1351 5528 1416 5584 ideo
1432 5528 1549 5598 dieitur,
1566 5526 1637 5602 quia
1650 5524 1777 5584 salutem
1799 5591 1804 5599 ‚
1864 5596 1867 5601 .

70 5620 180 5686 admitti
198 5623 297 5701 jubeas
320 5624 506 5705 deprecamur.
529 5625 601 5683 Cum
629 5619 738 5703 quibus
766 5618 828 5678 bue
870 5619 923 5679 st·
952 5615 1036 5676 nohis
1051 5617 1140 5690 dedit,
1157 5620 1200 5693 ut,
1216 5617 1241 5677 si
1265 5622 1408 5698 praeopta
1428 5617 1492 5701 ejus
1512 5633 1672 5690 servemus,
1686 5614 1797 5704 vitatu⁸
