3878 6098
106 276 189 344 ’599
462 281 630 347 ΑΡΡΕΝῙ).
651 278 703 342 ΑΙ)
726 278 822 342 SAEG.
845 275 882 341 Χ.
900 313 939 324 -
953 266 1204 340 uouuttbii'ili
1228 274 1503 338 uirbouiuriui.
1782 262 1841 335 Μ

128 416 256 475 uestram
266 416 389 488 paterna
399 419 428 474 et
442 414 593 475 caritativa
607 430 658 471 seu
673 412 878 469 auctoritativa
890 427 957 468 cuni
973 411 999 478 Α
1015 407 1245 474 obsecravimus,
1259 409 1435 483 prelatoque
1448 407 1608 466 venerabili
1621 405 1724 465 abbati
1736 410 1765 465 et
1778 422 1841 465 irie·

106 530 109 534 ·
128 505 353 577 interpositione
363 506 454 562 divini
468 506 595 562 nominis
605 510 634 560 et
643 498 821 574 episcopalis
837 500 961 556 auetori-
1016 496 1120 555 iiacbis
1136 497 1198 554 suis
1214 498 1413 571 precepimus,
1422 503 1455 555 ut
1468 499 1499 556 in
1518 498 1573 555 licc
1590 497 1665 555 nulli
1682 497 1842 555 adsensum

106 629 112 637 -
128 593 203 652 uas
219 593 405 650 nobilitatem
428 595 580 651 hortamur
594 597 622 648 ot
636 591 831 657 obtestamur,
847 594 881 645 ut
905 588 960 644 hoe
1016 586 1174 659 praebeant,
1186 588 1324 659 quoniam
1336 588 1480 645 neciobis
1495 605 1549 644 nee
1559 587 1701 661 cuiquem
1712 586 1841 643 fidelium

107 708 112 719 ¹
129 682 299 741 nullatenus
313 699 401 755 agere
413 683 536 739 ulterius
548 678 711 747 attentetis;
724 680 776 735 sed
793 683 821 735 91
836 677 861 734 si
877 676 961 733 muli·
1015 676 1134 749 expedit
1149 675 1220 731 talia
1239 678 1396 748 postulare.
1408 677 1519 745 Valeto,
1535 678 1580 733 vir
1604 676 1799 744 nobilissime,
1814 680 1843 732 et

129 776 193 829 tum
213 775 266 835 est,
283 770 320 826 ab
345 770 516 844 hujusmodi
533 768 684 825 molitione
706 766 752 824 vel
779 767 894 824 actione
908 783 959 822 vos
1015 766 1177 822 admodum
1194 765 1278 822 nubis
1294 766 1323 821 in
1339 766 1453 823 Christo
1469 766 1631 823 carissime.

129 865 298 932 restrosque
323 859 533 933 compescatis3
550 856 620 931 quin
649 861 679 913 et
706 861 810 914 eontra
824 856 917 911 Deum
932 860 961 911 ct
1050 855 1078 910 3.
1091 855 1146 911 Sed
1162 859 1191 911 et
1206 855 1332 926 capitula
1343 872 1406 928 quse
1417 854 1550 928 synodali
1566 855 1706 913 consultu
1717 854 1841 911 domnus

131 953 232 1007 contra
244 964 364 1004 onineni
378 947 584 1004 auctoritatem
599 948 762 1019 contraque
772 948 900 1001 vestram
916 962 961 1002 sa·
1014 961 1066 1001 rex
1082 943 1202 1000 Karalus
1218 945 1247 999 iii
1263 944 1386 1002 coneilio
1403 948 1565 1001 memorato
1579 945 1658 1019 apud
1675 944 1841 1002 Suessionin

129 1038 220 1096 lutcm
232 1052 295 1092 esse
310 1037 485 1093 dinoscitur.
500 1035 606 1092 Sciatis
620 1036 720 1102 etiam,
733 1035 804 1108 quia
818 1034 960 1090 domnum
1015 1031 1162 1089 civitatem
1182 1049 1265 1089 sacro
1286 1034 1437 1106 proposuit
1457 1034 1735 1101 conventui,earam
1750 1033 1840 1089 tideli-

130 1130 160 1183 et
173 1125 317 1183 seniorem
339 1129 474 1182 nostrum
490 1141 590 1198 rogem
605 1123 854 1199 gloriosissimum
872 1123 959 1178 11999-
1014 1123 1071 1178 bus
1087 1121 1150 1177 suis
1164 1121 1193 1176 iii
1209 1122 1310 1177 eodem
1332 1121 1440 1195 palatio
1454 1120 1604 1178 Vcrmeria
1617 1120 1709 1194 relegi
1724 1121 1803 1185 19911,
1813 1125 1841 1178 91

129 1215 193 1272 lirin
210 1216 240 1271 91
262 1213 380 1271 humilii
404 1214 593 1289 suggestione
617 1216 646 1269 et
669 1213 770 1269 divina
788 1212 960 1269 auctoritate
1014 1212 1052 1267 ab
1067 1210 1208 1267 omnibus
1223 1215 1416 1267 consonanter
1430 1216 1567 1284 suscepta
1585 1213 1656 1269 sunt
1670 1216 1699 1267 sl
1713 1214 1839 1284 receptu

408 1331 627 1394 llLO'l'llAlill
648 1331 698 1394 ut·
720 1331 866 1393 utboni
889 1328 1126 1392 CONVENTUS
1147 1328 1252 1391 APUD
1274 1327 1560 1391 Victumulis.

910 1436 974 1504 (853
987 1435 1067 1507 Nou.)

165 1536 313 1595 sirmondi
329 1541 357 1593 91
372 1534 480 1592 Baluzii
496 1535 639 1592 editiones
653 1551 721 1591 cnm
735 1534 834 1591 codiee
845 1533 872 1606 2)
883 1532 953 1589 bibl.
966 1548 1025 1611 reg.
1039 1532 1130 1589 Paris.
1143 1551 1173 1588 n.
1185 1534 1255 1589 1638
1265 1531 1386 1589 collatas
1396 1532 1567 1605 repetimus.
1579 1532 1705 1589 Exstant
1714 1530 1835 1605 capitulo

129 1613 159 1666 et
173 1609 204 1663 in
218 1608 359 1666 Vaticano
374 1611 402 1663 et
417 1606 446 1662 iii
462 1607 546 1663 codd.
563 1607 651 1679 regiis
675 1605 901 1671 Parisiensibus,
918 1605 974 1661 fine
998 1605 1128 1660 carentia
1145 1605 1173 1660 in
1189 1622 1215 1661 c.
1234 1623 1262 1661 n.
1281 1605 1359 1673 1750,
1376 1621 1431 1660 saee
1445 1621 1485 1670 xi,
1496 1603 1592 1677 capita
1607 1620 1660 1661 sex
1675 1603 1704 1659 in
1721 1620 1746 1660 c.
1761 1604 1832 1672 2859,

130 1695 197 1737 saie.
213 1696 241 1749 x,
258 1684 287 1735 et
301 1679 470 1753 apographo
485 1679 550 1750 ejus
568 1678 721 1734 chartaceo
737 1695 766 1733 ii.
783 1677 863 1733 2119.

130 1778 169 1834 ue
186 1778 229 1834 tir
250 1794 282 1833 eu
309 1777 381 1832 'tulis
410 1791 471 1848 quae
495 1777 699 1849 subsequuntur
726 1775 999 1841 adnuntiouemrutss
1051 1775 1077 1829 1.
1094 1775 1134 1830 Do
1151 1773 1352 1831 observatione
1377 1773 1467 1846 pacis,
1481 1776 1510 1830 ct
1532 1772 1665 1830 cavenda
1687 1772 1828 1846 rapacitate

166 1849 264 1932 P⁰ll3⁸l⁰
343 1849 468 1932 ”istim
481 1847 640 1930 Hi‘iiitssriui
660 1855 686 1930 ‘¹2²
705 1847 834 1930 urrato,
851 1846 959 1918 quondo
1015 1868 1044 1919 et
1059 1863 1249 1937 oppressione
1273 1881 1372 1921 rernm
1396 1861 1664 1920 ecclesiasticarum
1683 1879 1717 1919 aa
1735 1879 1824 1936 paupe·

166 1937 196 1974 ui
213 1937 271 1993 ipro
284 1935 359 1975 onan
374 1927 576 1975 iucumutrouu
598 1919 709 1974 Domini
727 1926 912 1975 caramerum
925 1917 960 1972 ud

131 1991 306 2048 Vateiiuouua
317 2007 369 2064 per
382 2006 501 2046 meruerit
516 1989 716 2046 Novembrium.
1015 1970 1092 2009 sum·

447 2114 452 2124 Ι
610 2114 615 2124 ·
725 2113 740 2124 ..
1050 2044 1077 2098 5.
1094 2042 1176 2109 Quod
1192 2060 1322 2100 nuscum
1334 2041 1598 2100 consiliolidelium
1614 2045 1776 2099 nostrorum
1788 2058 1817 2096 or·

334 2114 510 2164 munuum
525 2113 616 2164 d⁰¹¹¹¹¹¹
632 2113 751 2164 mmm-¹·
1016 2131 1117 2188 dirrare
1132 2131 1279 2202 volumus,
1292 2131 1546 2206 qualite'rhoneste
1560 2135 1591 2188 et
1604 2129 1668 2187 sine
1682 2129 1816 2203 indigentia

165 2222 192 2279 l.
209 2223 249 2280 lle
264 2221 367 2278 missis
382 2220 501 2277 directis
516 2238 567 2293 per
578 2237 711 2294 regnum,
724 2225 757 2277 ut
772 2219 898 2293 populus
913 2238 961 2293 pa·
1016 2222 1046 2276 in
1062 2225 1143 2278 curte
1158 2225 1267 2289 nostra,
1285 2221 1361 2277 sicut
1376 2226 1575 2278 antecessores
1594 2219 1688 2277 nostri
1703 2220 1812 2287 iecerunt

129 2327 193 2368 cem
208 2315 237 2368 et
247 2309 398 2385 justitiam
414 2309 529 2365 habent.
549 2311 586 2365 lte
602 2310 779 2383 raptoribus,
796 2311 832 2364 dc
849 2310 961 2382 prada·
1015 2310 1110 2367 vivere
1125 2311 1285 2384 possimus.
1297 2312 1333 2366 lit
1348 2311 1468 2367 comites
1483 2326 1515 2365 ae
1536 2313 1658 2366 anteros
1674 2306 1765 2365 udelrs
1775 2326 1811 2364 ne

117 2398 254 2468 turibus,
267 2400 303 2455 de
319 2397 484 2454 latronibus
496 2402 524 2453 91
539 2395 605 2453 aliis
621 2397 868 2465 malefactoribus,
884 2403 912 2454 et
926 2399 962 2455 de
1017 2404 1093 2455 siros
1110 2399 1316 2468 admonemus,
1328 2405 1360 2455 ut
1376 2398 1430 2471 ipsi
1451 2399 1492 2455 sic
1513 2415 1603 2454 suurn
1629 2414 1693 2454 esse
1705 2401 1733 2455 et
1744 2395 1810 2454 iiius
1864 2426 1867 2467 ,

134 2488 273 2544 omnibus
284 2485 423 2560 justitiis.
1017 2488 1164 2556 ordinent,
1177 2488 1303 2561 qualiter
1313 2493 1431 2562 proptor
1445 2486 1561 2544 illorum
1577 2487 1768 2543 necessitatem
1779 2485 1808 2540 ii·

166 2578 194 2633 2.
212 2576 248 2634 Ut
263 2574 315 2632 ubi
336 2573 478 2630 missatici
504 2574 592 2630 simul
607 2575 749 2644 vonerint,
765 2576 849 2632 missi
874 2576 963 2633 simul
1018 2575 1076 2632 cini
1091 2593 1193 2633 eorum
1210 2595 1243 2633 ac
1257 2595 1402 2651 pauperes
1417 2595 1473 2634 non
1489 2577 1702 2650 opprimuntur.

126 2664 261 2736 maiani.
277 2666 313 2721 lit
327 2663 352 2720 si
367 2664 403 2719 de
426 2680 484 2719 uno
500 2680 588 2737 regno
612 2665 643 2720 in
668 2663 747 2721 aliud
773 2669 824 2721 aut
845 2666 880 2721 de
905 2682 963 2722 uno
1052 2667 1080 2721 6.
1098 2666 1138 2721 De
1151 2667 1308 2724 concordia
1328 2673 1358 2724 et
1382 2671 1482 2724 mutuo
1498 2665 1647 2738 adjutorio
1671 2665 1777 2740 episcopi
1787 2669 1806 2719 et

133 2753 283 2811 missatico
307 2753 339 2808 in
364 2751 442 2808 aliud
467 2752 606 2825 fugerint,
632 2752 720 2810 simul
744 2770 794 2810 eos
819 2754 963 2812 constrin-
1018 2753 1146 2823 comitis,
1163 2757 1199 2812 ad
1212 2756 1345 2829 justilius
1360 2755 1505 2813 faciendas
1520 2759 1549 2812 et
1563 2754 1694 2811 divinum
1709 2752 1804 2810 ministr

136 2846 216 2919 gant.
1019 2844 1096 2900 rium
1111 2846 1342 2918 exsequendum.

173 2931 200 3003 3.
217 2931 253 2987 Ut
268 2930 448 3003 ubicumque
467 2930 606 3004 lugerint,
617 2930 685 2988 illuc
702 2931 849 2989 indiculus
868 2937 964 2990 trans·
1053 2935 1081 2988 7.
1101 2938 1137 2990 lie
1148 2935 1275 3006 justitiis
1292 2932 1658 3010 perepisroposetmissos
1672 2950 1704 2989 ue
1716 2930 1803 2988 conius

138 3019 431 3087 mittatur,ntcomes
445 3018 511 3076 illos
522 3020 689 3094 distringat,
703 3021 965 3079 911191111191911911τ
1020 3027 1136 3080 nostros
1152 3024 1182 3078 iii
1197 3025 1232 3060 5⁰
1247 3041 1336 3099 regno
1355 3029 1452 3081 nostro
1467 3021 1630 3080 studendis.

138 3110 189 3165 a'ut
213 3124 264 3182 per
290 3107 497 3181 quodcumque
512 3112 618 3180 potest,
633 3113 665 3165 ut
689 3108 759 3164 illuc
782 3110 920 3180 reveniat,
936 3116 1001 3215 etc
1056 3115 1082 3168 8.
1100 3113 1140 3169 Dc
1165 3114 1257 3186 raptis
1285 3119 1313 3170 et
1342 3115 1546 3187 conjunctione
1575 3108 1803 3169 sanctimonialium

136 3197 274 3265 emendet
288 3197 338 3252 ubi
349 3197 383 3232 Μ
399 3195 510 3252 mulum
523 3197 557 3232 ³⁶·
572 3196 649 3254 lecit.
1021 3206 1107 3275 atque
1123 3201 1355 3276 propinquarum
1385 3221 1436 3260 seu
1464 3218 1639 3276 sponsarum
1658 3200 1772 3263 alioruin,
1784 3199 1804 3250 ut

172 3287 198 3342 l.
211 3285 247 3343 Ut
260 3285 360 3343 missis
371 3286 604 3354 commendetur,
618 3286 765 3343 utiaeiant
776 3288 923 3359 justitins;
935 3293 964 3346 et
1018 3292 1096 3363 quod
1115 3290 1144 3347 in
1162 3293 1308 3365 preterito
1328 3297 1425 3349 actum
1442 3296 1495 3360 est,
1509 3291 1672 3348 sce-undum
1686 3286 1803 3346 consilium

135 3373 234 3432 sinon
251 3375 380 3443 iecerint,
393 3376 470 3448 quod
487 3375 543 3448 ipsi
557 3392 676 3450 pergere
691 3377 830 3432 debeatis.
1017 3385 1046 3437 et
1056 3381 1202 3451 judiciuin
1226 3381 1430 3456 episcoporum
1446 3380 1619 3455 corrigatur,
1630 3383 1659 3436 et
1680 3379 1713 3436 de
1732 3380 1804 3434 mua

169 3464 196 3520 5.
215 3464 251 3521 Ut
265 3464 289 3521 si
305 3464 465 3520 necessitas
485 3463 572 3520 alicui
589 3465 685 3533 luerit,
697 3482 801 3522 omnes
825 3466 885 3522 siiit
909 3485 962 3540 pa·
1018 3469 1195 3527 omnimodis
1211 3476 1358 3528 raivoatur.

134 3552 200 3619 rati,
217 3553 365 3626 quomodo
378 3551 503 3608 invicem
518 3569 569 3608 vos
585 3553 738 3625 adjuvetis.
1052 3559 1078 3613 9.
1096 3559 1176 3626 Quod
1196 3561 1220 3615 si
1237 3558 1348 3633 aliquid
1371 3578 1422 3634 per
1444 3558 1649 3617 necessitatem
1667 3558 1696 3614 in
1709 3550 1804 3613 ecclesiis

1017 3646 1067 3703 Dei
1078 3651 1128 3703 unt
1139 3652 1241 3704 contra
1250 3648 1379 3722 aliquem
1389 3648 1518 3706 fidelium
1531 3652 1698 3705 nostrorum
1707 3645 1803 3703 fannis.

1016 3736 1071 3793 hoc
1082 3755 1169 3809 quam
1180 3737 1267 3794 eitius
1279 3738 1462 3811 potuerimus
1473 3736 1669 3794 libentissime
1679 3727 1805 3793 emendati

172 3822 197 3877 1.
214 3821 254 3877 lle
270 3818 491 3876 adnuntiatione
511 3818 680 3893 episcopali,
692 3824 721 3877 et
739 3822 775 3877 ile
791 3820 900 3879 bonore
915 3841 962 3879 sa·
1016 3844 1093 3881 mus.
1106 3827 1297 3884 Eidecaetero
1315 3827 1339 3884 si
1354 3827 1462 3901 uliquis
1476 3827 1554 3900 apud
1572 3844 1626 3883 nos
1642 3831 1803 3898 parensium

135 3911 298 3990 celfdtttum·
1016 3932 1119 3971 nocere
1129 3914 1262 3983 volucrit,
1273 3916 1326 3973 boe
1338 3917 1499 3972 secundum
1511 3914 1743 3972 consuetudinem
1752 3910 1805 3966 siit·

170 3999 198 4053 2.
214 4000 253 4052 De
269 3996 491 4053 reedificatione
506 3997 709 4067 eeclesiarum,
721 4005 749 4055 et
770 4000 805 4055 de
827 4001 913 4057 nonis
928 4018 962 4058 ac
1016 4022 1166 4061 cessurum
1181 4009 1347 4062 nostrorum
1365 4004 1491 4062 dislinire
1506 4005 1655 4062 volumus.

136 4083 280 4140 decimus.
1053 4096 1096 4150 10.
1111 4095 1150 4150 De
1166 4095 1271 4167 placito
1296 4101 1408 4161 nostrii,
1425 4100 1453 4151 ct
1472 4095 1507 4150 de
1523 4094 1673 4150 communi
1696 4081 1803 4162 aurato

135 4179 137 4185 '
171 4172 198 4230 3.
212 4173 253 4229 De
267 4172 468 4229 observatione
490 4173 683 4246 capitulorum
700 4177 800 4232 domni
821 4178 917 4235 Karoli
934 4185 960 4235 et
1016 4187 1116 4240 contra
1131 4183 1338 4252 Nortmannos,
1351 4191 1377 4240 et
1398 4186 1432 4239 de
1452 4182 1656 4240 conlocutione
1671 4185 1756 4239 nostia
1767 4174 1802 4228 irt-

134 4260 235 4319 domni
250 4260 414 4318 Hludoivici
431 4261 466 4317 de
481 4260 623 4319 ecclesiis.
1016 4276 1108 4328 terna.

623 4362 768 4425 Kauoui
791 4365 816 4425 ll
840 4368 1073 4434 cubiturus
1096 4372 1355 4434 SlLVACENSlS.

136 4544 140 4549 ι
167 4464 301 4550 Capitula
315 4466 376 4522 hiae
387 4466 562 4523 Sirmondus
577 4483 631 4539 ops
646 4467 729 4524 codd.
742 4468 859 4536 Tiliani,
871 4475 899 4539 2)
914 4474 994 4547 regi'a
1004 4475 1093 4532 Paris.
1114 4479 1190 4546 letis,
1207 4477 1254 4545 31))
1270 4480 1298 4534 S.
1316 4478 1462 4534 vincentii
1478 4478 1629 4540 Maiensis,
1646 4481 1706 4535 tuni
1720 4456 1803 4530 uili·

132 4552 232 4596 nensis
247 4555 280 4595 ac
296 4537 507 4622 Bellqvucensis
523 4537 668 4622 ediderat;
687 4539 824 4596 Baluzius
840 4540 983 4614 pratercii
993 4564 1067 4603 usus
1081 4554 1125 4604 cst
1140 4550 1184 4618 39)
1201 4550 1330 4605 Palatino
1346 4555 1374 4605 et
1391 4551 1416 4631 1)
1434 4550 1512 4622 regio
1529 4549 1620 4605 Paris.
1636 4550 1714 4611 4626,
1726 4549 1802 4612 seru:

132 4624 187 4666 nne
202 4626 268 4666 vern
283 4610 433 4693 codicibus
447 4614 474 4676 2,
491 4611 520 4677 3)
535 4625 620 4684 regiae
635 4611 725 4667 Paris.
743 4611 845 4685 Suppl.
865 4617 923 4670 bat.
934 4618 981 4686 75,
998 4625 1026 4672 et
1041 4620 1068 4687 l)
1084 4620 1175 4676 Paris.
1188 4640 1215 4676 ii.
1229 4622 1299 4676 1626
1314 4620 1454 4676 adhibitis
1471 4620 1702 4694 recognovimus.
1712 4606 1804 4673 (lodtil

132 4697 233 4737 aarum
248 4697 323 4752 quos
338 4683 464 4737 vidimus
480 4681 562 4739 solus
577 4688 829 4740 sacramentorum
844 4685 985 4745 lorinulas
996 4693 1026 4745 et
1040 4695 1134 4746 totum
1150 4692 1367 4748 missaticorum
1383 4692 1412 4747 in
1429 4693 1485 4747 fine
1500 4707 1657 4748 recensum
1672 4677 1801 4747 exhibet&

130 4753 225 4879 ξφα),
236 4758 265 4807 91
278 4753 315 4808 3b
329 4753 418 4833 9139)
434 4752 550 4835 nonnisi
565 4753 673 4835 missos
688 4755 801 4839 decimi·
812 4755 964 4829 missatici,
982 4760 1161 4820 Sunonensis
1177 4763 1288 4820 scilieet
1304 4763 1450 4833 nominat;
1466 4765 1555 4819 codex
1570 4765 1587 4819 l
1600 4749 1804 4836 pertractanti·

162 4838 261 4878 rarum
276 4838 353 4896 regis
368 4824 404 4879 ad
421 4840 528 4880 missos
543 4824 719 4882 directarum
735 4827 863 4884 exhibet.

131 4918 296 5005 Sequuntur
310 4922 432 5003 millitia
451 4937 517 5047 7133
544 4924 574 4978 m
604 4925 662 4995 59⁵⁰
690 4941 774 4994 1110,
789 4933 815 4982 tt
842 4929 872 4982 iu
900 4929 958 5000 ipsc
1048 4931 1093 4987 sed
1106 4939 1131 4988 et
1145 4935 1241 4990 missor
1264 4950 1337 5003 suos,
1357 4937 1429 4990 sieut
1451 4934 1639 5006 subsequitur,
1652 4949 1702 5006 per
1722 4933 1805 4999 rapite

165 5000 257 5049 ruente
266 4992 433 5057 Nouembrio,
443 5010 451 5045 1
462 5010 558 5047 <ruricus
571 4994 686 5051 taretia
695 4997 823 5053 consutio
833 4997 957 5068 fidetium
1046 5019 1127 5058 auum
1143 5005 1280 5062 ordinavit
1290 5007 1333 5060 ³³¹.
1684 5026 1688 5033 ¹

165 5078 278 5121 susurrii
297 5065 326 5120 in
345 5063 517 5120 Sr'tuetieoil¹
530 5064 587 5132 (91)
602 5065 696 5132 edidit,
713 5075 738 5123 et
764 5085 814 5140 per
842 5085 957 5142 reguum

164 5152 245 5192 sarua
258 5152 277 5191 a
287 5137 379 5192 mi'ru's
388 5134 619 5191 ruuodnuiitiuri'
628 5145 654 5193 et
664 5139 805 5194 obseruari
813 5145 954 5214 praecepit,
1049 5145 1079 5201 ln
1095 5146 1212 5204 nomine
1224 5154 1330 5206 sauctae
1342 5152 1369 5205 ct
1379 5148 1535 5206 individua
1553 5146 1705 5206 trinitatis.
1718 5136 1808 5201 tantis

806 5235 928 5294 vanis
948 5240 1157 5301 inurinare.
1865 5228 1867 5245 '

163 5321 337 5378 1019199192.
376 5321 495 5379 nildeest
519 5325 544 5377 2.
583 5322 672 5378 ³⁵⁹m.
711 5324 767 5380 uod
794 5325 813 5379 1.
830 5329 856 5381 2.
896 5328 985 5385 ³¹⁰dc
1010 5333 1038 5386 2.
1076 5333 1239 5392 ³⁷¹Silvaco
1264 5337 1387 5392 laudun.
1410 5344 1435 5392 et
1456 5332 1715 5391 Beliuu.Silvatico
1736 5319 1812 5397 retuli

128 5393 162 5428 '²‘
176 5393 308 5467 Capituln
323 5393 439 5450 lotharii
455 5393 639 5466 imperatoris
656 5400 684 5451 et
719 5394 789 5452 aroli
807 5398 884 5472 regis
899 5399 977 5457 iacta
991 5402 1022 5458 in
1038 5404 1145 5475 palatio
1161 5407 1372 5465 valentinianas
1388 5409 1415 5463 3.
1430 5409 1476 5463 3b.
1492 5408 1536 5462 39.

921 5497 1038 5557 NOTAE.

229 3695 356 3760 Sequitur
370 3695 540 3745 adnuntiatio
553 3695 638 3745 Caroli
653 3695 761 3760 gloriosi
777 3696 856 3761 ragis.

165 5561 223 5632 (ui)
239 5562 269 5618 ln
287 5577 361 5634 pago
376 5564 575 5623 Laudunensi.
