3878 6098
157 298 216 384 lor
446 314 450 320 ·
708 317 868 381 sianum
891 320 924 380 s.
948 310 1098 380 aaaron
1121 313 1312 378 uoumm.
1759 269 1764 275 ¹
1806 314 1867 374 iai

192 457 237 510 94.
255 453 349 512 Obitus
364 453 398 490 ⁹³⁵
414 448 513 510 Orionis
527 453 571 507 ⁶⁷⁸.
588 450 670 509 Unde
694 468 761 508 cum
778 452 813 508 de
827 451 890 508 suis
910 468 985 524 quos
998 452 1026 521 Α
1039 453 1114 520 rent,
1131 463 1293 522 eorumque
1306 445 1438 505 acimum
1454 463 1489 504 ex
1503 446 1559 503 hoc
1573 446 1630 504 sibi
1644 447 1795 505 referrent.

157 545 212 601 sab
224 560 294 618 paee
305 546 457 615 sequestra
467 541 526 616 regi
538 540 859 614 delegaverat‚plurima
869 540 984 596 consal—
1072 540 1123 596 96.
1148 537 1224 608 Quod
1238 539 1272 574 ⁸⁸⁰
1287 538 1397 610 regidos
1420 539 1581 594 nuntiatam
1599 538 1634 573 ⁶⁸⁰
1657 539 1703 605 ait,
1726 538 1866 611 episcopos

156 634 266 690 tatione
282 632 465 704 deliberaret,
490 631 649 688 humorum
664 631 698 665 ⁶³⁸
715 629 918 703 superfluitate
930 647 983 702 pro
1037 631 1195 686 asmantia
1220 628 1254 663 ⁶⁸⁰
1270 629 1298 683 in
1323 626 1458 700 synodum
1473 627 1507 662 ⁶⁸⁰
1534 629 1689 684 coniieaire.
1704 659 1739 668 -
1763 626 1866 700 Legati

156 722 298 796 temporis
312 721 516 776 immutatione
526 725 655 788 vexatus,
670 718 700 774 in
712 718 907 793 egritudinem
918 735 982 790 quae
1037 716 1129 792 igitar
1143 715 1245 772 directi
1262 719 1341 771 sant.
1361 715 1480 789 Legatio
1505 732 1616 788 proque
1630 715 1751 788 prolato.
1770 716 1865 781 Quam

156 829 174 868 a
187 810 310 888 phisicis
325 810 485 883 synandiea
495 809 603 865 dieitur
617 809 733 864 decidit.
746 809 813 873 Qua
828 824 895 862 cuni
905 807 982 863 intra
1036 804 1125 861 etiam
1141 821 1223 878 reges
1238 803 1427 861 serenissima
1441 809 1538 860 mente
1548 804 1820 877 excipientes,papc
1836 808 1866 860 et

155 899 229 974 gulae
246 899 384 955 interiora
398 900 497 954 sedem
519 898 635 965 habeat,
652 913 686 952 ex
702 896 850 952 lleamatis
865 912 980 952 reama·
1036 893 1240 967 episcoporum
1251 893 1399 950 mandatis
1409 893 1439 948 iii
1449 891 1530 949 nullo
1545 896 1616 949 tanc
1626 891 1762 966 refragati
1775 897 1864 963 sunt;

155 989 243 1045 tisino
260 1005 424 1061 progressa,
451 993 549 1042 tamen
566 984 722 1058 aliquando
738 985 774 1040 ad
803 983 938 1041 maxillas
953 988 982 1041 et
1036 999 1100 1040 sese
1115 980 1272 1039 consilium
1285 981 1622 1055 superhocquaesituros
1638 980 1863 1054 respondentes,

155 1094 256 1152 genas,
268 1076 425 1147 aliquando
440 1075 476 1130 ad
488 1078 616 1130 toracem
632 1078 661 1130 et
672 1073 826 1147 pulmones
834 1077 979 1129 tumorem
1035 1071 1299 1144 atqaeaequitatem
1309 1071 1488 1127 deomnibas
1497 1069 1864 1143 lecturos.Legatisitaque

155 1162 980 1236 carndoloregraviimmittit.Quibustumentibusatqae
1035 1161 1190 1228 abductis,
1221 1176 1272 1234 per
1298 1160 1442 1233 quasdam
1467 1159 1586 1233 regibus
1615 1159 1775 1215 indicatum
1805 1164 1863 1228 est,

154 1254 333 1309 serventibus
348 1258 465 1326 excepta
477 1253 552 1308 initii
566 1251 981 1324 diapostdiatritum,patien-
1033 1249 1247 1306 Adalberonem
1263 1249 1489 1306 Laadunensem
1513 1248 1695 1322 episcopum,
1717 1247 1864 1304 haecdolo
1927 1285 1932 1291 -

152 1346 211 1398 tem
229 1341 391 1414 perimit.ln
400 1341 476 1398 hanc
485 1342 574 1415 igitur
582 1341 642 1397 Ode
658 1340 770 1414 lapsus,
779 1340 894 1396 infestis
904 1338 978 1412 galia
1034 1338 1186 1395 ordinasse
1198 1357 1205 1407 ;
1215 1337 1429 1394 omniuoetiam
1441 1337 1651 1410 apudOdonem
1661 1335 1734 1409 illap
1745 1337 1862 1410 pridem

153 1430 304 1486 doloribus
331 1431 561 1502 circumquaque
589 1428 780 1501 pulsabatiii;
805 1429 978 1485 arteriarum
1034 1431 1240 1500 pertractasse.
1257 1427 1366 1483 Eorum
1383 1425 1659 1499 atrumqueinvotc
1674 1424 1863 1493 habuissent

153 1535 270 1592 qaoque
287 1519 390 1584 servor,
407 1521 552 1574 seridonis
563 1517 780 1574 intercisionem
791 1518 977 1599 operabatur.
1033 1514 1168 1572 Ottonem
1186 1531 1283 1590 regem
1303 1515 1403 1572 Galliis
1414 1514 1596 1584 inducerent,
1609 1518 1637 1571 et
1647 1531 1730 1588 reges
1742 1512 1861 1588 ingenio

152 1608 210 1664 b'ec
225 1607 308 1681 petiit
316 1607 486 1678 hujusmodi
495 1605 689 1678 dolorcapitis
697 1605 857 1678 superiora,
869 1608 899 1660 at
908 1622 979 1679 pra·
1033 1609 1062 1662 et
1071 1605 1182 1662 viribus
1193 1606 1270 1661 laras
1280 1603 1651 1678 expungerentlipiseopos
1661 1620 1779 1677 qaoque
1790 1603 1862 1660 Ger·

153 1698 252 1754 cordia
261 1700 471 1769 pertemptans,
482 1695 651 1768 pulmonem
661 1701 690 1750 et
701 1711 771 1767 epar
781 1699 919 1767 peracuto
931 1693 979 1751 do·
1033 1693 1215 1760 mnniae,ideo
1227 1693 1427 1760 convenirem
1436 1692 1537 1748 dolum
1547 1691 1702 1765 quaesitum
1713 1691 1859 1765 expleant.

152 1785 211 1843 lore
226 1784 407 1841 stimulabat.
425 1783 490 1840 Fuit
503 1785 601 1856 itaque
616 1782 745 1839 militam
761 1783 868 1852 luctus,
885 1783 978 1839 lania·
1033 1783 1125 1858 Reges
1140 1784 1249 1857 itaque,
1265 1782 1368 1839 fraude
1397 1788 1543 1856 percepta,
1572 1781 1717 1855 episcopis
1741 1783 1860 1854 jamad

151 1872 247 1931 lorum
263 1873 383 1939 clamor,
400 1873 575 1929 laminarum
593 1873 731 1944 frequens
746 1871 928 1942 exclamatio,
944 1889 978 1929 eo
1032 1872 1129 1928 locum
1146 1871 1333 1945 designatum
1349 1873 1382 1908 ⁶⁸¹
1405 1871 1646 1928 convenientibus
1674 1887 1726 1943 per
1748 1870 1859 1944 legatos

152 1962 230 2035 qaod
241 1961 393 2017 dominam
406 1960 831 2027 inconsultamamittebant,et
843 1959 920 2017 natis
930 1961 979 2017 do
1032 1960 1206 2029 indicavere,
1222 1978 1286 2018 sese
1299 1959 1369 2017 illac
1385 1978 1443 2016 non
1458 1961 1563 2027 ituros,
1579 1977 1611 2017 eo
1637 1960 1715 2032 quod
1736 1976 1858 2016 sacrani

151 2051 281 2106 minandi
299 2068 366 2124 spos
382 2050 464 2106 nulla
479 2049 705 2122 relinqueretur,
722 2067 789 2106 cum
804 2066 886 2122 reges
901 2049 978 2123 patri
1031 2052 1193 2124 praecipuos
1210 2067 1298 2124 penes
1318 2067 1349 2106 se
1373 2067 1430 2106 nou
1456 2049 1609 2117 haberent,
1638 2048 1702 2106 sine
1730 2065 1858 2121 quoram

114 2178 118 2183 -
151 2141 247 2196 adhuc
262 2139 360 2195 animo
376 2139 449 2195 irato
465 2143 640 2212 perstarent,
656 2142 685 2193 et
700 2137 789 2194 Falco
815 2137 977 2194 insolentiae
1032 2139 1154 2196 consilio
1170 2139 1244 2195 nihil
1260 2139 1406 2213 agendum
1423 2138 1465 2195 vel
1481 2138 1676 2195 omittendum
1692 2137 1856 2194 videbatur.

151 2230 267 2302 spiritu,
285 2246 386 2300 pacem
403 2228 594 2282 multifariam
611 2228 752 2282 turbaret.
778 2226 813 2282 Et
829 2231 925 2281 temeri
946 2226 976 2282 in
1032 2229 1188 2302 Indignum
1202 2228 1291 2284 etiam
1307 2228 1474 2296 sibivideri,
1487 2228 1512 2284 si
1523 2227 1696 2283 correctioni
1708 2227 1858 2300 episcopo-

150 2318 228 2375 brevi
244 2318 387 2383 victurus,
403 2316 520 2387 regibus
545 2314 780 2388 legatosceleres
804 2313 895 2381 misit,
925 2313 976 2386 qui
1031 2335 1096 2374 rum
1112 2317 1357 2374 Germaniaesuos
1381 2317 1499 2383 subdat,
1515 2332 1581 2373 cum
1599 2315 1649 2373 isti
1677 2333 1734 2372 nou
1756 2316 1858 2373 minas

149 2423 201 2480 pro
218 2423 248 2461 se
265 2404 412 2476 supplices
428 2403 560 2458 suasorie
576 2407 721 2475 rogarent,
747 2408 775 2458 et
791 2420 843 2474 pro
859 2403 976 2475 injuriis
1030 2405 1657 2480 nobiles,nonminuspotentes‚aequeetiam
1668 2403 1857 2478 autamplias

149 2490 973 2564 illatisjiistissimamtttrcccmpeosaticnenisponderent.
1029 2495 1176 2569 sapientes
1201 2497 1270 2551 sint.
1293 2495 1351 2569 lpsi
1375 2511 1443 2568 crgo
1467 2495 1491 2550 si
1521 2493 1663 2568 indigent,
1689 2494 1720 2549 in
1745 2493 1857 2552 Gallias

148 2582 371 2638 Rexveteranus
386 2580 531 2636 maloram
543 2580 751 2636 correctionem
763 2581 800 2636 ab
811 2579 915 2654 legatis
925 2599 974 2638 cx·
1028 2588 1195 2659 properent,
1213 2585 1291 2640 ande
1305 2583 1406 2640 volunt
1416 2583 1541 2648 edicant.
1558 2582 1707 2656 Alioquin,
1722 2576 1854 2650 redeant,

148 2671 243 2745 cipere
253 2670 365 2736 volens,
381 2687 399 2726 a
413 2669 473 2726 silio
488 2670 659 2742 indignante
672 2669 823 2725 inhabitas
832 2668 973 2728 est.Unde
1028 2677 1159 2730 etsuaut
1168 2672 1239 2729 libet
1250 2677 1363 2728 curent.
1374 2672 1483 2730 Horum
1494 2688 1563 2744 ergo
1575 2688 1621 2728 res
1633 2670 1855 2728 incontrariain

147 2758 555 2834 etlegatorumallegatiouem
563 2758 896 2831 penitussprevit,atqae
906 2759 972 2817 illos
1027 2762 1142 2837 relapsa
1156 2766 1209 2818 est.
1224 2761 1367 2817 Adalbero
1383 2762 1461 2817 enim
1477 2760 1527 2833 qai
1552 2761 1657 2816 horum
1682 2759 1854 2816 ministram

147 2850 296 2905 immunes
312 2848 406 2904 redire
421 2848 525 2921 coegit.
553 2847 664 2914 Quibus
680 2848 710 2902 in
739 2847 841 2904 itinere
858 2864 971 2906 moram
1026 2869 1090 2908 sese
1106 2852 1280 2924 praebuerat,
1305 2867 1372 2905 eum
1398 2849 1603 2906 delationis⁶⁸²
1627 2849 1744 2905 nescius
1768 2864 1855 2922 reges

146 2937 311 3011 agentibus,
329 2941 487 3008 autequam
499 2936 643 2992 redissent
656 2936 702 2992 die
717 2941 823 3008 quartu
835 2939 908 2992 natae
924 2954 970 3011 sy·
1025 2944 1167 3009 moueret,
1184 2943 1216 2995 ut
1230 2939 1437 2996 occurentibus
1452 2938 1611 3006 obveniret,
1637 2955 1687 2994 rex
1701 2941 1850 2995 veteratae

105 3079 118 3091 .
145 3028 269 3082 nauticae
286 3024 444 3092 laeta,0do
460 3024 622 3081 monachas
642 3025 866 3098 iactusdelecit,
882 3030 970 3098 atque
1024 3030 1173 3086 fraudium
1189 3046 1246 3085 non
1262 3029 1393 3102 ignaras,
1410 3028 1589 3083 Ladoiicum
1600 3026 1850 3083 Karolililiamab

145 3115 187 3170 sic
202 3115 265 3169 vitae
282 3112 370 3169 finem
386 3112 489 3168 habuit
502 3131 509 3182 3
526 3113 562 3168 ad
577 3118 711 3169 sanetum
722 3114 881 3169 Martinam
893 3115 970 3171 dela·
1024 3119 1208 3192 compescit,
1224 3135 1313 3190 quem
1328 3117 1359 3172 in
1375 3117 1508 3190 captione
1523 3116 1657 3173 Laaduui
1673 3120 1807 3188 captum,
1823 3116 1849 3174 ei

145 3209 204 3271 tus,
221 3208 250 3259 ct
264 3202 295 3258 in
311 3201 374 3258 loco
390 3202 467 3274 quod
484 3202 579 3274 Majus
595 3203 807 3259 monasteriam
817 3203 891 3275 (434)
902 3203 970 3260 dici·
985 3189 1007 3256 C
1024 3207 1249 3264 custodiendum
1265 3205 1461 3262 commiserat.
1480 3204 1655 3278 Repoposoit
1669 3204 1757 3260 etiam
1773 3206 1852 3277 ejus·

144 3298 202 3359 tur,
216 3309 283 3347 cam
300 3291 392 3347 multo
408 3308 528 3347 suoram
544 3291 684 3364 obsequio
699 3291 842 3364 sepultas.
1023 3297 1090 3352 dem
1104 3295 1186 3351 urbis
1201 3311 1309 3363 arcem,
1324 3311 1413 3367 quani
1429 3293 1565 3350 similiter
1579 3294 1777 3351 commiserat.

178 3383 223 3441 95.
242 3383 377 3438 lohannes
403 3381 436 3416 ⁶⁷⁸
454 3398 525 3454 papo
550 3383 665 3437 Leonem
678 3382 712 3416 ⁸⁷⁸
737 3383 862 3438 obhoaem
891 3383 920 3438 i'n
935 3382 968 3418 ⁶³⁸
1058 3385 1103 3439 97.
1119 3383 1252 3441 Adotbcro
1267 3384 1301 3418 ⁶⁸³
1316 3385 1397 3439 totitas
1414 3382 1523 3456 troada
1546 3383 1581 3418 ⁸⁸⁸
1594 3399 1678 3439 cauco
1701 3384 1851 3456 reprelien-

143 3473 249 3528 Golliaa
263 3471 297 3506 ²³⁸
320 3472 405 3526 sciuit
422 3471 456 3505 ⁶⁷⁸
477 3479 506 3526 ut
527 3472 561 3506 ⁶⁷⁸
585 3471 692 3542 arnolfi
714 3471 913 3528 abdicationem
934 3470 968 3507 ⁵⁷⁸
1022 3471 1849 3546 detorta-Quoereditaiedaerereiiiso,rogitetipato-

142 3559 281 3618 dacoloct.
297 3590 332 3600 -
347 3559 400 3615 Per
414 3559 491 3615 idem
508 3564 625 3633 tempas
639 3576 706 3615 cani
722 3577 739 3614 a
755 3559 967 3616 Germanorum
1022 3579 1070 3619 res
1098 3561 1197 3618 animo
1225 3561 1398 3634 indignante
1422 3560 1610 3617 subinferant
1630 3576 1636 3616 :
1656 3582 1670 3612 ii
1686 3562 1757 3617 Cum
1773 3564 1816 3628 ta,
1832 3577 1850 3617 o

142 3649 286 3723 episcopis
302 3649 409 3704 domno
424 3646 550 3704 lohanni
566 3665 647 3721 papae
661 3665 712 3720 per
727 3646 866 3720 epistolas
880 3665 967 3722 scepe-
1022 3651 1165 3724 episcope,
1182 3650 1212 3705 in
1233 3648 1391 3722 perniciem
1408 3666 1509 3722 regum
1530 3653 1559 3705 et
1573 3649 1752 3722 principum,
1769 3648 1849 3722 apud

142 3756 265 3795 numero
282 3743 455 3812 suggestum
485 3738 568 3805 lor-et,
592 3742 625 3792 ut
652 3737 782 3794 Gerberti
808 3738 966 3794 Remorum
1022 3741 1156 3796 Ottonem
1172 3755 1268 3812 regem
1285 3741 1314 3794 et
1328 3739 1458 3795 Odouem
1472 3739 1623 3794 tirannum
1634 3737 1849 3811 plurimaque·

142 3827 360 3900 metropolitani
383 3827 597 3899 promotionem
619 3827 777 3895 abdicaret,
802 3832 831 3884 et
854 3827 966 3883 Arnalli
1021 3829 1105 3886 sieris
1130 3829 1276 3902 quomodo
1291 3827 1418 3885 hicante
1441 3827 1577 3884 dominos
1605 3831 1673 3883 taos
1688 3819 1771 3900 reges
1787 3831 1848 3884 tam

142 3916 356 3972 abdicationem
366 3916 522 3988 praetcrjns
532 3917 637 3972 laetam
649 3915 881 3990 indignaretur,a
891 3933 967 3990 papa
1021 3918 1177 3993 magnifica
1191 3918 1358 3991 confingere
1367 3934 1424 3973 nou
1436 3917 1543 3973 vereris
1552 3916 1566 3972 t
1576 3916 1650 3981 Quid
1666 3915 1847 3973 ludovicum

141 4003 171 4058 iu
185 4003 372 4059 Germaniam
388 4007 457 4057 tunc
473 4003 601 4060 directus
616 4009 661 4060 est
675 4005 732 4060 Leo
756 4006 919 4061 monachas
938 4010 967 4061 et
1021 4012 1149 4064 etarcem
1157 4007 1276 4064 reddere
1287 4007 1407 4077 metuis,
1417 4005 1537 4062 sifidem
1546 4005 1666 4080 regibus
1675 4010 1704 4061 te
1714 4021 1848 4062 servasse

141 4092 243 4160 abbas,
259 4091 309 4164 qui
338 4090 452 4146 vicibus
480 4108 561 4162 papa
591 4093 700 4164 potitis,
728 4110 795 4149 cum
820 4094 967 4166 episcopis
1021 4096 1235 4153 nondabitas‘l
1251 4095 1324 4162 Quid
1348 4095 1598 4169 ergoestcradita
1622 4091 1846 4161 nollereddcre,

141 4181 302 4238 Germaniae
318 4184 406 4252 atque
420 4179 578 4235 Galliarum
591 4180 680 4253 bajus
692 4182 799 4254 negotii
815 4181 966 4255 etindagi·
1021 4183 1077 4241 nisi
1104 4188 1204 4240 contra
1223 4200 1306 4257 reges
1332 4184 1460 4240 inlausta
1488 4181 1608 4240 moliri?
1622 4182 1847 4240 Evideutissime

140 4287 208 4327 nem
223 4271 340 4340 laceret,
356 4273 385 4326 et
390 4268 533 4341 juditium
543 4269 668 4342 diligens
677 4269 744 4327 iude
757 4271 966 4343 proterret.Qai
1020 4271 1344 4345 sidemabrapisti,cum
1355 4272 1577 4346 apudOltonein
1593 4272 1628 4328 de
1639 4288 1742 4345 regum
1756 4271 1846 4328 inter·

138 4360 354 4417 humanissime
369 4360 405 4415 ab
421 4356 566 4432 episcopis
576 4359 610 4395 ⁶³⁰
625 4363 773 4432 exceptus,
785 4359 966 4416 dehabenda
1020 4363 1064 4419 ita
1079 4361 1388 4434 tractasti‚eorumqae
1408 4361 1550 4418 honorem
1566 4361 1708 4418 subruere
1723 4364 1848 4434 tempta-

138 4450 242 4507 oiaodo
253 4448 402 4524 saperhoo
413 4446 528 4521 negotio
539 4464 606 4503 cam
617 4447 965 4522 eistraetahat.hqaibus
1020 4452 1067 4509 sti.
1085 4451 1167 4509 Unde
1182 4455 1211 4507 et
1230 4450 1352 4524 perjurii
1371 4456 1452 4508 reatu
1479 4450 1630 4508 detineris.
1656 4448 1846 4524 Legationem

139 4538 289 4595 Gallorum
305 4538 436 4611 regibus,
461 4536 575 4611 Hugoni
592 4535 727 4594 videlieet
755 4540 877 4611 ejusque
904 4538 964 4593 silio
979 4559 1003 4624 D
1019 4541 1108 4597 etiam
1123 4546 1265 4613 tanquam
1275 4540 1311 4596 ab
1323 4541 1364 4598 eis
1374 4541 1495 4598 missam
1506 4540 1602 4596 Ottoui
1612 4539 1672 4613 regi
1685 4538 1846 4613 pertulisti,

138 4626 289 4694 lietberto,
300 4624 388 4698 legati
401 4625 501 4681 directi
518 4629 598 4693 sunt,
614 4625 665 4698 qai
681 4643 762 4699 papa
778 4628 963 4695 mandatum,
1020 4648 1053 4687 ac
1069 4630 1147 4703 apud
1159 4646 1226 4687 eam
1238 4630 1338 4687 dolose
1348 4629 1544 4696 ordinasti,ut
1554 4630 1617 4702 ipse
1627 4645 1695 4685 cam
1706 4627 1847 4701 paucis⁸⁸⁸

138 4730 250 4770 necnon
267 4719 297 4770 et
315 4713 966 4789 episcoporumvolantatemsaperhocape·
1018 4718 1176 4786 adveniret,
1211 4724 1240 4775 et
1261 4718 1391 4774 militum
1420 4716 1641 4774 multitudinem
1669 4733 1729 4773 non
1757 4715 1846 4790 longe

138 4801 224 4869 ciant,
240 4801 340 4874 eisque
365 4806 397 4856 at
419 4818 487 4858 oum
514 4803 576 4859 suis
604 4803 749 4879 episeopis
777 4806 962 4874 conveniant,
1017 4809 1181 4882 expeditam
1198 4808 1326 4865 haberet.
1344 4807 1472 4882 Regibus
1487 4824 1604 4880 quoque
1618 4806 1728 4864 uostris
1742 4805 1845 4862 aduer-

137 4889 349 4949 rationabiliter
365 4891 527 4960 saadeaut;
551 4890 646 4948 locuni
672 4894 760 4950 etiam
786 4898 963 4968 tempusque
1017 4898 1176 4955 sariacum
1204 4896 1307 4970 paucis
1327 4914 1478 4954 occurrere
1506 4895 1637 4967 suasisti,
1653 4900 1742 4968 atque
1768 4893 1845 4950 nihil

136 4999 195 5057 quo
209 4986 238 5039 et
253 4981 372 5056 quaudo
382 4981 614 5038 conveniendam
626 4987 703 5039 esset
713 5001 731 5040 a
741 4983 860 5058 regibus
872 4985 963 5042 disoe-
1016 4987 1087 5043 mali
1103 5004 1137 5042 ex
1152 4986 1207 5042 hoc
1223 4990 1433 5059 proventuram
1449 4985 1642 5060 spopondisti.
1656 4985 1737 5043 Hauc
1752 4983 1844 5040 etiarn

818 5099 941 5156 VARIAE
978 5101 1188 5158 LECTlONES.

171 5197 206 5232 ⁸⁷⁸
221 5197 281 5267 ubi,
298 5196 359 5254 Ode
383 5197 499 5253 absciso.
515 5196 549 5232 ⁸³⁶
563 5196 719 5253 homocum
735 5195 827 5254 codex.
843 5198 877 5234 ⁶⁷⁷
900 5198 1101 5271 aequissimam
1127 5199 1313 5271 supraposito
1336 5199 1535 5272 justissimam
1551 5197 1610 5256 cod.
1631 5199 1665 5235 ⁶²⁸
1680 5199 1844 5267 lohannes,

135 5270 223 5337 Leoin
237 5269 267 5325 in
283 5268 344 5337 Gal,
360 5267 397 5325 tit
412 5286 446 5350 u,¹
458 5267 558 5334 dicati,
574 5266 655 5324 solva
664 5269 780 5324 absciso.
792 5269 826 5304 ⁶²⁰
841 5285 873 5352 e..
881 5271 1037 5342 germania
1047 5271 1174 5328 deletam.
1188 5270 1222 5307 ⁶⁸⁰
1236 5270 1325 5342 quod,
1342 5272 1469 5344 nuntiat,
1480 5288 1562 5344 gerii,
1574 5270 1713 5329 sinodum
1723 5271 1843 5328 odanco.

134 5338 611 5484 :ngaggipffigaizgrdgzggaverant
625 5340 652 5397 4.
668 5339 703 5375 ⁶⁸¹
717 5339 892 5412 proditionis
909 5343 982 5397 1.·⁸⁸
1004 5341 1158 5412 bdalbero,
1188 5341 1309 5413 fraudis,
1326 5343 1430 5418 repreh
1454 5343 1570 5400 abrasa.
1585 5343 1621 5379 ⁶⁸⁸
1635 5360 1666 5417 p.
1692 5342 1844 5402 adlocuta

930 5511 1048 5573 NOTAE.

168 5594 244 5679 (434)
258 5595 621 5690 Marmoutior·les'loars.
