3878 6098
72 265 141 324 351.
523 266 574 329 Db*
597 267 734 329 dussis
759 267 877 328 uulso.
901 269 1122 331 larissam.
1141 304 1176 315 -
1194 273 1294 332 PARS
1314 272 1340 334 1.
1721 281 1783 345 362

71 397 103 451 in
122 396 254 470 proximo
269 397 517 472 consanguinitati
531 400 651 472 gradus,
668 405 763 456 mater
772 401 837 471 ejus
848 399 941 471 luilA
959 401 1004 461 sui
1021 402 1273 475 perspicacitatem
1297 409 1325 461 el
1349 407 1439 463 studii
1463 407 1644 466 vehementis
1656 409 1782 467 laborio-

71 485 248 559 Margareta,
264 504 406 561 germana
426 487 555 561 prandioli
572 488 713 545 Guidnnis
736 489 770 544 de
786 487 901 545 Malloia
958 507 1020 546 sum
1038 492 1206 565 indaginem
1220 493 1328 567 egregii
1345 494 1543 567 praedicatoris
1559 514 1664 553 nomen
1675 503 1705 553 ct
1719 518 1747 570 gr
1755 517 1783 556 a·

72 575 300 647 praedecessoris
316 575 901 650 sui,cujusgenerisnobilitasmanilesta-
957 577 1027 633 tiam
1058 579 1452 651 aequisivil;uusterilalem
1480 583 1663 640 abstinentias
1692 602 1784 657 quau·

69 671 122 720 tur
146 665 217 721 dieti
245 665 375 740 episcopi
405 666 547 723 Guidouis
571 664 738 725 chronicam
763 666 899 723 intuenti.
957 667 1305 739 tumpoluitinoceullo
1329 671 1462 738 serravit,
1480 678 1508 727 ot
1531 677 1650 746 propior
1671 673 1782 731 bonum

69 752 123 809 Hic
148 754 287 822 Erardus,
313 760 426 818 statura
449 755 579 829 corporis
605 756 755 824 mediocri,
784 755 900 813 ruitum
956 756 1099 811 castitalis
1116 757 1220 813 subtus
1236 758 1272 813 ad
1287 774 1404 815 emnem
1420 760 1540 833 gerebat
1564 760 1703 818 cilicium.
1729 763 1785 820 Ha-

69 841 296 900 demonslrabat
321 843 486 917 angelicum
513 848 594 901 touta
618 845 770 916 perfusum
794 843 898 916 gralia,
955 845 1042 900 bebat
1057 844 1146 901 etium
1171 851 1230 902 tres
1255 851 1372 904 calenas
1395 855 1550 921 argenteus
1572 850 1656 908 nodis
1678 851 1782 925 plenus

69 932 148 1005 quod
172 933 355 989 intuentibus
378 933 476 1004 ipsum
498 950 529 989 se
553 939 672 1007 gratum
692 936 718 988 el
744 931 898 989 amabilem
953 934 1081 1007 quodam
1102 933 1226 991 insertas
1254 937 1420 1006 manubrio,
1443 955 1477 994 ex
1501 939 1609 1012 quibus
1634 940 1670 999 dc
1695 945 1781 1011 nocte

67 1020 235 1078 exhibebat.
254 1024 285 1076 ln
306 1021 422 1094 loquela
438 1022 494 1083 luit
508 1022 748 1089 facundissimus,
765 1022 805 1077 ita
820 1018 898 1092 quod
954 1037 1071 1076 curnem
1088 1039 1172 1078 sunm
1197 1024 1361 1097 disciplinis
1380 1025 1490 1101 pluries
1506 1027 1678 1101 castigabat,
1694 1035 1789 1102 prout·

69 1108 144 1167 alter
154 1110 276 1184 Ulysses
286 1111 382 1183 poluit
391 1111 496 1169 merito
507 1110 644 1183 appellari
657 1130 663 1179 5
676 1111 705 1165 in
717 1109 842 1167 melodia
853 1127 899 1165 ro·
953 1109 1012 1164 bac
1024 1127 1057 1165 ex
1073 1111 1211 1167 relatione
1226 1113 1352 1169 veridica
1367 1116 1422 1169 lide
1433 1116 1590 1188 dignorum
1601 1119 1777 1189 accepimus,

67 1199 111 1254 cis
127 1216 198 1256 suos
212 1204 474 1271 contemporaneos
491 1199 658 1267 excellebat,
671 1200 712 1254 ila
727 1205 760 1255 ut
774 1199 804 1254 in
818 1197 897 1261 vacis
953 1198 1002 1270 qui
1018 1200 1082 1270 ejus
1098 1204 1238 1257 secretam
1254 1202 1454 1274 poenilentiam
1471 1208 1660 1279 agnoverunt.

67 1284 162 1359 ipsius
178 1285 339 1341 emissione
354 1302 461 1343 sonora
485 1289 598 1359 poterat
623 1287 727 1343 merito
742 1287 806 1357 ejus
818 1285 897 1343 vocis
988 1287 1040 1345 llic
1064 1287 1193 1346 ecclcsiae
1207 1306 1268 1347 sure
1290 1291 1526 1349 ferventissimus
1551 1310 1634 1355 amor
1657 1294 1777 1366 capituli

65 1374 225 1431 amonitus
240 1373 375 1447 melodiis
399 1373 593 1446 philomelicis
617 1375 789 1447 comparari.
808 1375 843 1432 Et
862 1374 897 1430 li·
952 1375 998 1431 sui
1028 1377 1155 1433 obtinuit
1184 1379 1309 1450 gratiam
1336 1384 1363 1434 et
1392 1380 1530 1450 lavarem,
1560 1386 1588 1437 et
1620 1387 1776 1455 postquam

65 1469 109 1518 eet
123 1462 205 1518 huuc
221 1463 340 1536 generis
349 1462 487 1521 nobilitas
495 1463 674 1536 potuissetin
683 1465 789 1519 laslum
803 1463 896 1523 extol·
952 1464 1077 1536 adeptus
1092 1465 1148 1520 luit
1161 1465 1336 1538 episcopalis
1351 1467 1462 1540 apicem
1478 1468 1639 1541 dignitatis,
1650 1486 1717 1525 raro
1731 1486 1777 1533 uc·

66 1551 122 1607 lere
138 1550 334 1618 mundialem,
353 1568 468 1607 urorum
494 1557 590 1609 lamen
606 1551 749 1624 elegantia
768 1553 897 1625 praemi·
951 1551 1031 1619 cidit,
1049 1554 1119 1609 dum
1149 1554 1271 1611 intraret
1298 1555 1410 1613 dictum
1435 1556 1608 1629 capilulum,
1638 1557 1708 1631 quin
1730 1573 1776 1613 ec·
1852 1584 1855 1591 ·

65 1659 136 1696 nens
162 1641 265 1713 ipsum
296 1640 325 1695 in
355 1645 437 1696 lanta
462 1640 629 1698 bumilitate
657 1643 791 1708 serravit,
817 1643 895 1715 quod
951 1640 1039 1696 etesia
1067 1642 1131 1715 ipsa
1161 1647 1189 1697 et
1218 1643 1380 1717 capitulum
1410 1644 1593 1719 perciperent
1620 1646 1650 1701 in
1679 1646 1777 1719 aliquo

66 1732 185 1787 modurn
202 1735 356 1786 moturum
371 1733 400 1785 et
416 1729 584 1802 religiosum
602 1732 757 1803 acquirens
767 1732 803 1787 ab
815 1731 894 1787 omui
951 1731 1159 1787 exclamantem
1171 1732 1297 1805 gratiam
1313 1751 1372 1790 sua
1389 1733 1529 1807 largitlua
1546 1735 1695 1792 bonilatis.
1708 1735 1780 1792 Con-

63 1818 184 1875 lascisia
195 1836 315 1893 semper
329 1820 440 1875 exstitit
454 1818 585 1887 alienus3
602 1823 630 1874 el
646 1818 711 1874 licet
726 1818 897 1892 simplicita—
953 1817 1021 1874 lulil
1037 1819 1127 1893 igilur
1142 1821 1269 1891 praelatis
1280 1821 1407 1879 ecclcsiae
1423 1828 1451 1878 et
1462 1823 1673 1896 capitulo,dum
1689 1824 1777 1881 uitam

64 1914 120 1964 bm
134 1913 253 1980 gereret
275 1907 516 1976 columbinam,in
530 1908 648 1964 tuendis
660 1913 757 1964 tamen
770 1907 898 1965 eeclesias
952 1907 1071 1963 duceret
1087 1909 1115 1963 iu
1132 1909 1281 1978 humanis,
1296 1913 1370 1967 duos
1394 1911 1515 1984 angelos
1529 1917 1682 1984 argenteos
1697 1914 1778 1970 mire

64 1995 896 2070 suaejuribusmagnamiuusquumplurirnumhabebatur;
951 1996 1180 2068 pulchritudinis
1202 2003 1230 2054 et
1246 1998 1372 2072 ingeulis
1388 1999 1580 2067 seleriacum
1595 2000 1728 2074 reliquiis
1742 2001 1775 2059 B.
1869 1989 1874 1998 ¹

65 2084 230 2159 largitatem
257 2086 288 2140 iu
315 2089 430 2141 tuntum
456 2085 592 2159 diligens,
618 2087 695 2159 quod
724 2086 896 2158 plerumque
951 2084 1046 2140 illaria
1063 2086 1250 2159 blngdalenes
1261 2086 1379 2144 insertis
1395 2089 1598 2145 venerabiliter
1611 2089 1641 2145 in
1652 2088 1774 2157 eisdcm;

65 2178 154 2229 metas
171 2175 380 2231 transcendere
399 2173 560 2237 ridebatur.
578 2175 673 2231 Inerat
696 2175 791 2231 eidem
815 2179 896 2231 tanta
950 2173 1019 2229 ilem
1036 2191 1152 2230 crucem
1168 2180 1334 2248 argenteam
1346 2178 1471 2249 gemmis
1482 2176 1617 2248 pretiosis
1627 2181 1772 2245 ornatam,

66 2263 250 2319 liberalitatis
265 2267 296 2318 et
311 2263 609 2336 benignitatisinnala
621 2264 836 2336 dulcedo,quod
846 2282 893 2319 ru·
950 2262 1042 2334 prelio
1058 2263 1285 2336 quingentarum
1301 2265 1443 2322 librarum
1456 2266 1671 2323 Turonensium
1683 2283 1690 2333 ;
1704 2266 1772 2321 ilem

65 2351 893 2425 boreverocundiaeafficiebaturquoliescunqueallectum
950 2352 1026 2408 idem
1041 2351 1170 2425 pontifex
1185 2353 1393 2426 magnanimus
1407 2359 1436 2410 el
1451 2355 1608 2410 munilicus
1623 2353 1703 2410 dedit
1725 2370 1773 2409 eu·

65 2441 97 2495 ab
113 2440 179 2514 ipso
195 2439 310 2513 aliquid
322 2440 402 2512 juste
419 2440 632 2513 postulantium
649 2443 683 2496 ad
694 2442 791 2497 votivas
805 2459 892 2497 exuu-
949 2439 1041 2511 pitulo
1058 2441 1137 2497 mille
1153 2441 1442 2498 librasTuronenses
1457 2444 1492 2497 ad
1504 2442 1774 2517 augmentationem

65 2528 183 2586 ditionis
198 2528 336 2585 ellectum
352 2530 495 2586 deducere
511 2547 568 2587 nou
584 2531 707 2586 valebat.
725 2532 759 2586 ltt
781 2529 848 2586 lieet
862 2531 892 2587 in
948 2529 1033 2601 ponis
1055 2528 1262 2586 canonicorum
1275 2549 1281 2598 ;
1296 2530 1367 2586 ilem
1392 2531 1551 2604 quomdam
1572 2531 1691 2588 mitram
1708 2547 1776 2587 oum

62 2619 147 2674 annis
160 2617 327 2690 puerilibus
341 2635 375 2674 ex
389 2619 578 2691 prerogativa
589 2618 755 2676 dilectionis
765 2637 782 2674 a
793 2636 893 2693 proge-
947 2617 1105 2689 pontificali
1123 2617 1233 2674 annulo
1243 2619 1623 2692 pretioquadringeutarum
1634 2618 1776 2675 librarum

63 2707 210 2764 nitoribus
225 2705 288 2762 suis
304 2723 362 2778 pra
377 2704 720 2765 aliisliberissuisluerit
735 2709 763 2763 in
780 2708 892 2765 deliciis
947 2705 1269 2773 Turonensium;item
1295 2705 1415 2765 culicem
1439 2723 1512 2781 pure
1540 2707 1776 2775 oureum;ilem
1830 2693 1839 2710 ”

59 2796 217 2865 educatus,
242 2795 415 2851 austeritate
439 2801 539 2852 tamen
569 2797 751 2853 abstinentiae
774 2814 891 2853 curnem
947 2797 1073 2866 quatuor
1100 2795 1181 2867 paria
1206 2794 1447 2852 indumentorum
1476 2795 1700 2853 sacerdotalium
1731 2796 1774 2851 di-

60 2885 892 2957 suamitaedomuit‚quodinferroreaetalissuoecasti-
945 2899 1095 2939 versorum
1126 2882 1270 2952 colorum,
1295 2888 1355 2940 tam
1386 2885 1421 2940 dc
1450 2885 1586 2953 exuuiilo,
1618 2901 1707 2957 qnam
1738 2885 1773 2942 de

58 2972 892 3046 talemlaudabiliteracquisivit.lnaelalctenerainarlo
946 2971 1073 3044 diaspro,
1098 2972 1230 3028 videlieet
1258 2973 1294 3029 de
1324 2990 1511 3046 unoquoque,
1542 2974 1682 3040 tunicam,
1713 2971 1772 3030 dal·

59 3061 203 3117 cantandi
219 3060 275 3116 fuit
289 3061 890 3137 quamplurimumeruditus.Postmodum
946 3060 1083 3117 malicum
1109 3065 1137 3116 et
1157 3060 1306 3130 casulam;
1323 3062 1392 3118 item
1417 3062 1474 3118 alia
1497 3063 1555 3119 duo
1577 3064 1660 3136 paria
1684 3062 1770 3118 indu-

58 3167 131 3206 vero
146 3149 253 3206 studiis
268 3149 437 3207 liberalibus
454 3152 581 3207 traditus
596 3151 716 3224 pollenti
732 3152 829 3208 lloruil
845 3153 887 3209 in·
905 3135 926 3204 C
947 3155 1122 3219 mentorum,
1139 3149 1273 3207 videlicet
1288 3152 1323 3207 de
1347 3168 1533 3225 unoquoquo,
1549 3152 1690 3222 tunicam,
1708 3151 1768 3209 dai·

56 3239 163 3312 genio,
178 3240 209 3295 in
225 3243 340 3295 tantum
353 3239 469 3313 quodin
477 3239 889 3312 Juveniliaetalecommeuda·
945 3239 1082 3294 nauticam
1116 3238 1246 3296 casulam
1284 3245 1371 3313 alque
1405 3257 1539 3313 cappam.
1568 3241 1647 3297 Fecit
1681 3241 1769 3297 ctiam

56 3327 163 3384 bililer
176 3327 248 3384 rexit
265 3327 294 3383 in
309 3329 432 3399 artibus,
450 3329 553 3385 deinde
568 3328 653 3402 legali
665 3329 794 3386 scientia
810 3330 889 3405 inge·
945 3326 1039 3382 multa
1067 3326 1125 3383 alia
1152 3328 1228 3383 bona
1256 3327 1447 3401 episcopatui,
1476 3329 1605 3386 eeclesiae
1634 3335 1662 3385 et
1689 3329 1769 3401 capi·

54 3418 147 3472 nium
162 3434 251 3473 suum
267 3417 307 3472 ita
322 3417 553 3491 applicuil,quod
568 3418 631 3490 ipse
646 3418 800 3491 acquisivit
810 3418 890 3476 illius
944 3415 1006 3471 tulo
1021 3415 1218 3488 supradietis;
1236 3415 1298 3488 ipsc
1322 3417 1469 3489 siquidem
1494 3416 1603 3473 servitii
1617 3415 1707 3472 divini
1722 3432 1769 3473 so-

54 3505 192 3561 seientia
202 3505 393 3579 margaritam
405 3526 412 3575 ;
424 3508 613 3580 postmodum
625 3508 662 3562 ad
668 3507 747 3580 juris
758 3507 889 3564 canonici
945 3503 1120 3561 norissimus
1144 3508 1341 3577 concrepator,
1365 3506 1556 3577 ejusdemque
1578 3509 1691 3562 amator
1710 3504 1768 3561 cxi·

52 3592 232 3650 facultatem
248 3611 280 3650 se
302 3596 491 3664 transferens,
513 3596 699 3652 laudabiliter
724 3596 889 3655 licentiatus
945 3593 1034 3659 nlius,
1050 3597 1079 3647 ei
1106 3592 1329 3649 amantissimus
1345 3592 1510 3665 ampliator,
1526 3593 1654 3650 ordinari
1669 3610 1770 3666 procu·

53 3682 115 3737 fuit
130 3682 252 3741 Parisiis
267 3683 296 3740 in
313 3684 448 3740 decretis.
944 3681 1017 3736 ravit
1032 3680 1061 3735 in
1076 3681 1323 3737 Autissiodorensi
1340 3681 1479 3748 Ecclesia,
1490 3680 1650 3738 Dominicis
1665 3681 1769 3738 diebus

90 3773 177 3827 Circa
192 3776 326 3845 tempora
340 3772 391 3829 illa
416 3773 555 3831 Gaulrido
581 3775 689 3831 decano
710 3775 889 3831 Autissiodo-
944 3769 1019 3825 inler
1034 3769 1189 3825 canonicos
1211 3773 1239 3825 et
1254 3767 1374 3825 clericos
1395 3769 1477 3826 dicta
1493 3768 1622 3826 ecclesias
1638 3769 1768 3825 diuiden-

53 3861 138 3916 rensi
154 3861 290 3917 Ecclesia
306 3860 436 3919 humana
459 3868 536 3919 sorte
555 3867 740 3935 consumpto,
757 3863 889 3920 canonici
943 3859 996 3915 das
1018 3858 1089 3915 item
1112 3858 1188 3930 apud
1206 3857 1446 3914 bellumreditum
1462 3858 1559 3915 aulam
1581 3875 1683 3915 novam
1700 3875 1768 3915 con-

54 3949 144 4004 dictas
160 3949 290 4007 ecclesie
305 3949 402 4023 ipsum
427 3952 571 4008 Erardurn
599 3953 628 4007 iu
644 3954 787 4009 decanum
805 3953 888 4008 dictae
943 3948 1060 4016 struxit,
1077 3952 1105 4002 el
1120 3948 1240 4003 domum
1256 3941 1369 4005 'notram
1395 3965 1483 4019 super
1506 3953 1620 4021 portam
1636 3966 1703 4004 oum
1720 3948 1769 4005 do·

54 4037 188 4095 ecclesie
203 4040 385 4096 concorditer
400 4040 559 4113 elegerunt.
577 4041 648 4098 Cum
674 4042 889 4097 aulcminrln-
944 4037 1041 4092 mibus
1072 4036 1274 4118 adjacentibus
1304 4037 1359 4111 ipsi
1384 4041 1494 4110 porta3
1515 4037 1585 4094 item
1616 4037 1693 4110 apud
1723 4054 1769 4093 ca·
1871 4098 1877 4124 x

56 4127 264 4185 tissiodorcnsi
280 4128 411 4185 Ecclesia
424 4129 613 4187 residentiam
631 4130 737 4186 iaceret
750 4148 887 4204 persona·
942 4131 1037 4181 strum
1053 4123 1284 4197 Appoigniacum
1312 4144 1370 4182 suas
1386 4130 1415 4182 et
1437 4127 1685 4200 praedeeessorum
1701 4144 1768 4183 suo·

58 4213 160 4282 lem,el
171 4217 242 4287 Jura
256 4216 301 4273 sui
318 4217 477 4274 decanatus
493 4223 594 4275 eontra
617 4237 718 4275 omnes
734 4224 762 4275 et
777 4219 888 4292 specia—
943 4231 1008 4269 run]
1038 4212 1142 4268 ditioni
1174 4214 1351 4285 subjectum,
1385 4214 1453 4271 licei
1483 4215 1583 4271 incoiae
1614 4215 1682 4270 dicti
1712 4215 1768 4270 loci

58 4301 336 4361 litercontrasuum
348 4307 520 4379 pradictum
532 4308 709 4363 avunculum
722 4309 889 4365 delcnderet
943 4302 1075 4358 servituti
1101 4319 1208 4358 manus
1236 4308 1368 4372 mortuae,
1398 4304 1496 4375 talliae,
1526 4304 1584 4360 allo
1613 4308 1641 4359 ct
1670 4303 1766 4370 basse,

61 4394 202 4463 animose,
216 4394 343 4451 duorum
355 4395 638 4453 annorumveleirea
651 4395 813 4452 labentium
825 4414 889 4454 cur·
943 4393 979 4448 ad
1009 4391 1121 4447 domiui
1149 4392 1328 4449 voluntalem
1358 4399 1386 4449 et
1411 4393 1546 4466 pluribus
1576 4394 1675 4447 essent
1702 4389 1768 4446 aliis

61 4481 152 4537 riculo
175 4482 305 4540 Ecclesia
330 4485 597 4543 Anlissiodoreusis
612 4503 664 4558 per
680 4489 802 4542 mortem
818 4487 888 4543 dicli
903 4508 927 4572 D
943 4480 1134 4538 servitutibus
1150 4481 1309 4554 subjugali,
1326 4485 1433 4538 rectam
1448 4486 1545 4536 lamen
1555 4480 1697 4535 decimam
1709 4477 1769 4533 bla-

63 4572 188 4647 episcopi
204 4573 348 4631 Guidonis
363 4575 499 4631 avunculi
512 4574 559 4631 sui
574 4574 699 4647 pastoris
720 4574 822 4631 solatio
838 4576 887 4632 de·
944 4571 983 4637 di,
1000 4571 1060 4627 vini
1076 4576 1104 4627 et
1120 4570 1243 4626 aliorum
1269 4572 1415 4625 fructuum
1439 4587 1473 4624 es
1498 4567 1679 4641 agricultura
1701 4584 1768 4640 pro·

63 4662 172 4733 uitulo,
204 4663 335 4718 canonici
366 4664 448 4720 dicta
482 4663 615 4719 Ecclesiae
648 4665 684 4719 ad
718 4663 887 4721 electionem
943 4659 1121 4715 venientium
1138 4663 1239 4714 contro
1262 4657 1334 4730 legis
1360 4657 1463 4713 divinae
1488 4657 1648 4714 salutarem
1669 4657 1769 4715 obser·

64 4747 151 4806 lnlori
164 4751 313 4823 pontificis
324 4753 513 4826 procedentes
532 4752 630 4825 ipsurn
647 4754 802 4820 Erardum,
818 4754 888 4827 dog·
944 4748 1070 4803 varitiam
1100 4762 1194 4818 usquc
1223 4747 1257 4800 ad
1289 4745 1340 4801 illo
1363 4751 1495 4818 tempora
1524 4763 1640 4820 semper
1659 4744 1768 4803 solvere

64 4840 221 4897 melizanle
238 4840 403 4908 Domino,in
419 4841 590 4914 episcopum
605 4858 656 4914 per
671 4842 795 4897 sormam
807 4859 888 4898 corn-
944 4840 1113 4903 renuerunt,
1137 4835 1192 4890 isle
1217 4833 1361 4906 siquidem
1388 4835 1571 4892 liberalitatis
1587 4835 1642 4892 sibi
1665 4833 1767 4890 nalivae

63 4928 199 4997 promissi
210 4931 394 4987 concorditer
403 4929 721 5004 elegerunt,lactusque
734 4931 889 5004 episeopus
944 4931 1041 4982 motus
1055 4923 1196 4979 instinctu
1212 4923 1425 4996 pastoralisque
1445 4923 1651 4981 sollicitudinis
1666 4923 1767 4978 incita·

64 5015 209 5088 subjectos
236 5035 307 5076 suos
335 5024 475 5075 consueta
495 5019 630 5076 tractavit
652 5019 886 5088 mansuetudine,
944 5018 1043 5071 mento
1066 5012 1201 5086 pulsatus
1226 5012 1380 5068 affectabat
1402 5018 1430 5069 et
1451 5012 1531 5086 ipsos
1556 5012 1708 5068 restituere
1733 5008 1768 5063 li-

65 5101 236 5165 iustruendo
264 5107 345 5182 ipsos
370 5109 457 5165 verbo
486 5108 701 5181 praedicationis
730 5108 839 5181 pariter
859 5115 888 5166 et
943 5103 1048 5161 berlati
1073 5106 1101 5157 et
1121 5100 1231 5157 mederi
1253 5102 1390 5173 perieulis
1416 5100 1685 5159 animarum.Sane
1707 5098 1770 5171 ipse

64 5196 205 5270 exemplo,
220 5196 332 5254 cilicet
353 5201 512 5272 postquam
536 5196 706 5253 licentiatus
731 5197 842 5254 exstitit
858 5197 887 5253 in
943 5211 1002 5250 sua
1032 5189 1218 5248 discretionis
1240 5189 1391 5263 vigilantia
1418 5207 1536 5263 suaque
1560 5186 1771 5245 exhortationis

61 5281 194 5352 decretis,
209 5289 329 5361 propter
339 5285 544 5363 occupationes
552 5285 887 5359 praelationis,studendi
942 5280 1045 5339 sedula
1061 5278 1191 5337 efficacia
1213 5279 1250 5334 ad
1271 5278 1326 5335 hoc
1350 5280 1467 5335 induxit
1495 5277 1607 5335 incolas
1633 5275 1702 5332 dicti
1727 5273 1772 5345 lo-

60 5369 243 5432 ulscnllale
257 5374 423 5449 theologica
436 5375 585 5433 modicum
596 5374 732 5432 habuerit
746 5374 888 5450 temporis
942 5372 978 5438 ci,
1007 5369 1085 5442 quod
1110 5368 1146 5425 ‘ad
1165 5366 1342 5424 solutionem
1371 5371 1456 5423 rcctae
1487 5365 1606 5422 decime
1636 5362 1772 5420 omnium

58 5458 255 5532 intervallum,
283 5458 359 5520 licet
386 5464 422 5521 ud
461 5463 500 5532 id,
527 5469 560 5521 ut
594 5464 750 5533 credimus,
781 5482 886 5540 quam·
942 5461 1090 5515 fructuum
1106 5456 1310 5529 praedictorum
1332 5455 1361 5510 in
1378 5459 1551 5527 perpetuum
1571 5452 1626 5509 sub
1642 5450 1797 5515 titillati-¹>

57 5552 221 5626 plurimum
237 5553 399 5623 anhelaret,
415 5558 617 5611 veruurlamen
639 5560 757 5628 propler
775 5555 886 5631 ingenii
941 5551 998 5609 tico
1014 5544 1206 5621 chirographo
1231 5544 1337 5602 sibiet
1361 5545 1424 5620 ejus
1451 5541 1672 5603 successoribus
1696 5538 1773 5623 obli-0

213 5681 353 5750 Persou.
376 5679 563 5751 cxxxvtlt.
1567 5670 1606 5739 ll
