3878 6098
106 317 170 382 857
522 317 573 380 ΒΕ
594 317 679 392 sao.
704 317 828 381 tltssts
850 319 888 381 ll.
912 321 1138 383 DENZINGER
1160 321 1407 394 utsoulstrtc.
1755 327 1815 392 858

109 457 210 528 partes
225 451 391 536 concedere,
408 455 449 520 ut,
466 450 516 525 qui
532 455 757 509 monumentum
772 451 851 509 istud
866 471 923 512 ncn
938 453 982 511 exi
1006 453 1035 510 ui
1050 471 1120 512 sanc
1136 455 1276 512 momenti
1293 455 1455 529 detegendo
1468 455 1576 530 optime
1588 456 1624 514 de
1634 473 1664 514 re
1674 457 1816 518 catholica

110 524 230 588 meruit,
246 523 301 579 hac
316 525 344 580 in
360 524 537 581 bibliotheca
551 525 663 581 edendo
679 524 784 598 etipse
801 526 982 598 praeluderet.
1021 533 1216 592 erumtamen,
1233 544 1299 591 cnm
1315 545 1349 584 ca
1365 529 1479 600 quade
1504 528 1661 585 missorum
1686 535 1816 603 tempore

109 598 187 671 ipse,
203 600 304 668 utpote
319 595 418 652 minus
439 596 469 653 in
494 595 664 670 theologicis
687 600 830 662 versatus,
843 597 955 669 statuit,
970 599 1095 655 eruditis
1120 616 1177 654 non
1202 616 1284 672 aequc
1305 601 1428 672 probata
1455 601 1572 669 luerint,
1588 600 1816 674 prolixioresque

109 672 266 734 tractatus,
284 668 333 740 qui
349 666 448 724 minus
471 667 507 723 ad
532 684 593 723 rem
619 667 694 723 hanc
719 672 848 724 nostram
873 669 990 735 faciant,
1007 669 1064 725 huc
1088 669 1215 726 inserere
1245 687 1302 725 non
1328 672 1410 742 juvet
1427 687 1433 728 :
1451 671 1595 746 integram
1624 672 1816 745 qaaestionem

109 738 253 824 adhibitis
279 739 427 808 omnibus,
445 756 508 812 qua
524 739 639 812 abipso
664 738 706 794 Cl.
723 740 808 795 ltlcnc
830 739 874 796 vel
900 742 936 797 ab
961 739 1026 798 aliis
1043 741 1080 814 (3)
1096 741 1150 797 hac
1173 742 1209 798 de
1233 759 1263 798 re
1290 743 1399 815 scripta
1427 743 1517 812 fuere,
1535 747 1688 800 retractare
1718 761 1817 801 susce·

134 827 223 867 rmus.

110 830 130 885 p
150 881 289 953 Reliquiae
305 898 405 947 sacrae,
421 897 495 951 quas
508 881 568 937 rirc
583 882 658 937 bcnc
673 881 888 937 merentissimo
904 883 1055 950 debemus,
1071 900 1106 939 ex
1121 885 1231 956 quadra
1255 883 1317 940 into
1327 884 1457 959 quinque
1469 884 1547 941 loliis
1558 885 1717 942 missarum
1728 884 1817 941 Galli-

111 969 254 1010 canarum
270 952 446 1022 consistunt,
464 968 590 1025 quarum
606 958 703 1008 tamen
721 952 803 1008 nulla
815 954 928 1027 integra
942 955 1093 1011 remansit.
1113 956 1217 1012 Forma
1231 900 1367 1012 {tiorum
1382 960 1427 1012 est
1440 955 1469 1012 in
1488 961 1601 1038 quarto,
1614 958 1693 1028 quod
1704 957 1816 1024 dicunt,

111 1024 232 1087 minori,
249 1024 326 1079 unde
341 1024 431 1078 codex
443 1029 519 1080 recte
533 1023 644 1080 tihellus
658 1024 713 1079 dici
730 1029 835 1097 potest,
852 1030 884 1079 ut
904 1024 1061 1099 Gregorius
1085 1027 1263 1083 Turonensis
1287 1026 1522 1083 Sacramentaua
1545 1027 1695 1084 Gallicana
1720 1028 1817 1085 misse

111 1095 258 1153 sacrilieio
272 1095 460 1150 inservientia
473 1112 575 1150 vocare
601 1096 880 1165 assolet(l).llissm
906 1102 1011 1154 nostra
1035 1096 1208 1153 catillarum
1234 1114 1357 1154 numero
1384 1103 1453 1154 sunt
1500 1116 1543 1155 uae
1573 1101 1627 1155 snb
1656 1100 1816 1155 missarum

112 1166 354 1241 quotidianarum
369 1172 398 1220 et
412 1166 637 1222 Dominicalium
652 1167 682 1221 in
698 1168 939 1224 sacramentariis
954 1168 1110 1225 Grillicanis
1134 1169 1245 1225 cacteris
1270 1116 1530 1242 odJrrngantur.hx
1555 1186 1690 1242 quarum.
1704 1170 1818 1244 integra

112 1255 192 1295 serie
205 1239 269 1294 duce
284 1241 399 1293 lantum
414 1239 531 1306 desunt,
548 1255 616 1293 eum
639 1238 726 1294 tertia
749 1238 778 1293 in
806 1239 1004 1313 manuscripto
1032 1239 1130 1296 codice
1158 1257 1314 1296 numerum
1329 1240 1363 1307 V,
1377 1246 1483 1313 quarta
1507 1259 1662 1298 numerum
1677 1241 1715 1299 Vl
1730 1259 1819 1315 super

113 1310 259 1382 scriptum
274 1309 390 1364 habeat.
407 1309 508 1365 Falsus
524 1314 568 1365 est
583 1313 681 1365 cutem
705 1310 790 1364 hicne
814 1327 879 1365 cum
905 1310 972 1367 inde
996 1310 1147 1379 conclusit,
1164 1312 1238 1367 alias
1265 1311 1531 1385 Sacranrentarium
1556 1318 1689 1369 nostrum
1712 1317 1817 1386 prater

113 1383 191 1438 duas
206 1397 295 1452 supra
309 1381 446 1436 undecim
461 1380 633 1453 superstites
651 1398 706 1436 non
719 1379 869 1437 habuisse.
885 1382 977 1437 blissa
989 1397 1074 1454 pcrrc
1091 1382 1194 1437 ultima
1209 1384 1238 1437 S.
1256 1382 1392 1438 Germani
1417 1400 1573 1439 numerum
1589 1383 1638 1439 Vll
1656 1383 1754 1451 hebet,
1771 1384 1818 1439 cui

113 1453 273 1524 respondet
288 1469 429 1507 numerus
445 1452 483 1510 Ill
499 1453 595 1508 misse
608 1453 749 1524 septimae,
767 1452 807 1506 ita
823 1457 855 1508 ut
869 1457 899 1508 et
914 1453 976 1509 alim
996 1453 1153 1525 deperdita
1175 1454 1337 1509 videantur.
1356 1454 1445 1510 Missa
1469 1463 1569 1509 octava
1594 1454 1725 1520 metrica,
1741 1472 1819 1511 nona

114 1530 146 1582 et
161 1523 317 1580 undecima
332 1524 367 1578 ad
385 1528 501 1579 sanctos
517 1524 693 1579 referuntur.
709 1523 844 1596 Aliquam
862 1524 937 1581 inter
956 1523 1062 1581 missas
1084 1541 1138 1597 prc
1165 1525 1310 1581 defunctis
1335 1525 1515 1581 referendam
1539 1542 1613 1592 esso,
1630 1529 1662 1580 ut
1685 1529 1820 1582 autumat

114 1596 213 1662 Mona,
230 1595 278 1650 vix
291 1595 456 1650 rationibus
470 1595 544 1651 effici
561 1595 675 1667 poterit.
692 1595 839 1651 Cononem
855 1597 1019 1653 Romanum
1036 1595 1064 1650 in
1082 1612 1136 1652 usu
1154 1597 1285 1652 nondum
1300 1596 1402 1666 fuisso,
1419 1596 1486 1653 inde
1497 1614 1527 1654 se
1550 1596 1717 1668 uiturqucd
1728 1595 1819 1653 oratic

115 1666 291 1723 brevissima
303 1674 365 1739 post
376 1674 485 1723 anactea
501 1666 637 1721 continuo
653 1668 688 1722 ad
706 1666 755 1722 illa
770 1668 857 1723 verba
869 1669 917 1740 qai
929 1668 1025 1740 pridie
1041 1668 1191 1740 perducat,
1208 1668 1283 1724 sicut
1295 1671 1324 1724 et
1348 1667 1377 1723 in
1403 1666 1516 1727 missali
1529 1614 1820 1724 &ethico-Gallicano

115 1736 281 1794 blahlllcnii
296 1738 392 1793 videre
410 1737 484 1793 licet.
501 1740 577 1794 Sanc
592 1739 627 1793 ad
644 1738 789 1811 puriorem
803 1737 888 1793 illum
902 1740 930 1795 ct
944 1739 1140 1811 antiquiorem
1162 1739 1251 1794 ritum
1273 1737 1466 1809 Gallicanum,
1485 1756 1572 1812 quem
1598 1737 1820 1796 GothicoGalli·

116 1826 224 1866 cauum
239 1809 394 1882 appellavit
409 1808 608 1876 Mabillcnius,
622 1810 782 1882 generatim
799 1809 956 1865 referendae
972 1814 1042 1866 sunt
1064 1810 1159 1866 missae
1185 1814 1299 1867 nostra.
1317 1810 1442 1882 Lingua,
1458 1828 1517 1883 qua
1544 1810 1715 1884 conscriptae
1739 1814 1819 1879 sunt,

116 1887 162 1938 est
177 1883 285 1937 rustice
298 1880 469 1947 Galliarum,
485 1881 514 1935 in
532 1880 633 1936 multis
650 1880 777 1953 propria,
794 1881 829 1936 de
845 1881 952 1953 quibus
967 1880 1082 1955 egregie
1093 1881 1232 1937 disseruit
1248 1881 1333 1939 Mene
1348 1882 1396 1953 (5).
1413 1882 1493 1948 Quod
1508 1882 1544 1938 ad
1565 1886 1683 1953 tempus
1707 1880 1820 1945 attinet.

116 1952 268 2025 exemplar
281 1951 359 2008 istud
377 1952 602 2008 Sacramentarii
618 1954 693 2007 intra
708 1951 847 2008 caculam
861 1953 912 2008 Vll
928 1953 1127 2025 reponendum
1143 1952 1306 2024 praeprimis
1322 1969 1379 2008 non
1395 1959 1449 2009 est.
1466 1953 1539 2009 lt'am
1560 1954 1634 2024 eiua,
1652 1952 1702 2026 qui
1719 1969 1820 2026 supcr-

117 2024 248 2096 scriptus
262 2027 316 2087 est,
333 2024 533 2079 commentarii
549 2023 666 2079 initium
682 2040 714 2079 cc
730 2023 895 2080 charactere
921 2023 1099 2096 descriptum
1120 2028 1175 2087 est.
1191 2029 1224 2079 ut
1247 2024 1344 2080 saeculi
1369 2042 1407 2079 vn
1431 2025 1563 2081 exeuntis
1588 2040 1653 2079 esse
1674 2023 1820 2091 rideatur,

115 2096 300 2170 proindeque
315 2096 351 2150 ab
366 2094 430 2167 ipsc
442 2095 471 2150 S.
488 2094 637 2150 Carminic
653 2095 821 2150 monasterii
837 2094 1091 2151 ltcichcnavicnsis
1106 2094 1258 2152 l'uudatcrc
1273 2096 1321 2167 (c),
1339 2111 1372 2150 cx
1386 2095 1481 2167 patric
1496 2096 1648 2151 austrasia
1669 2093 1726 2149 hue
1741 2093 1820 2150 dela-

116 2171 168 2223 tus
184 2166 321 2237 praesumi
337 2166 440 2238 possit.
456 2167 537 2232 Quod
553 2170 582 2221 ct
596 2183 628 2221 ro
644 2184 676 2221 cx
693 2165 786 2239 capite
801 2167 999 2233 confirmatur,
1016 2167 1094 2239 quod
1109 2164 1140 2223 in
1155 2168 1214 2223 line
1228 2165 1430 2223 commentarii
1446 2165 1596 2222 recentiori
1612 2182 1701 2221 manu
1722 2165 1821 2221 addita

117 2239 230 2294 luerint
243 2239 330 2293 rerba
345 2238 405 2292 hec
421 2255 428 2293 ι
444 2260 458 2287 n
476 2237 630 2293 Benedicat
647 2243 720 2293 Deus
738 2236 866 2293 lohannc
883 2238 1019 2310 episcopo
1034 2241 1063 2294 et
1086 2254 1138 2293 con
1162 2238 1310 2312 rogatione
1334 2241 1450 2295 nostrae.
1468 2261 1481 2288 n
1498 2237 1550 2295 Est
1571 2241 1669 2294 autem
1693 2236 1820 2293 loannes

116 2309 176 2367 iste
190 2310 338 2365 secundus
351 2309 479 2364 nominis
494 2309 649 2382 episcopus
664 2308 905 2378 Constantiensis‚
923 2309 974 2383 qui
988 2313 1017 2366 et
1030 2310 1121 2365 abbas
1138 2254 1392 2367 fieicheuaviensis
1407 2309 1462 2365 luit
1476 2313 1505 2365 et
1519 2309 1555 2365 ab
1571 2326 1647 2365 anno
1657 2309 1711 2364 760
1721 2308 1756 2363 ad
1768 2309 1819 2364 781

117 2399 155 2438 us
179 2397 217 2436 uc
232 2379 273 2435 illi
289 2379 422 2436 Ecclesia
438 2380 582 2452 praesedit.

183 2455 365 2507 erumtanren
383 2451 430 2507 lcn
453 2469 468 2508 e
493 2449 582 2507 altius
606 2451 824 2507 ascendendum
850 2451 933 2506 nobis
957 2454 1012 2508 est.
1027 2451 1212 2508 Postremum
1228 2451 1453 2508 sacramentarii
1470 2450 1571 2507 lolium
1587 2451 1733 2508 orationes
1749 2450 1823 2506 duas

117 2523 239 2580 exbibet
251 2523 415 2578 charactere
431 2468 625 2607 dicrcvingicc
641 2522 738 2578 seculi
754 2522 968 2595 vr'dcscriptas¹
985 2540 1049 2595 quas
1065 2522 1227 2580 alienarum
1243 2523 1374 2607 gentium
1391 2521 1526 2580 hostilem
1541 2522 1694 2579 incursum
1710 2538 1824 2578 concer-

118 2600 206 2652 nunt.
224 2593 276 2651 Illa
289 2611 358 2667 ergo
372 2599 504 2667 tempora
519 2598 667 2667 attingunt
679 2594 776 2649 misse
792 2597 909 2661 nostra,
924 2594 984 2651 imo
999 2600 1149 2667 superant,
1165 2612 1231 2650 cum
1249 2612 1328 2667 ipsas
1343 2596 1473 2666 adjectas
1488 2595 1633 2650 orationes
1647 2610 1704 2650 ncn
1719 2594 1762 2649 exi
1786 2610 1823 2649 uc

118 2683 267 2724 annorum
284 2665 378 2738 spatio
392 2667 527 2722 excedere
543 2670 683 2739 oporteat.
700 2666 787 2721 Porro
804 2665 904 2721 missis
920 2665 993 2748 ipsis
1016 2667 1206 2738 superaddita
1230 2665 1374 2739 reperitur
1394 2667 1486 2722 missa
1508 2666 1544 2722 de
1560 2667 1589 2722 S.
1606 2666 1750 2722 Germano
1765 2610 1824 2720 ln-

119 2737 326 2795 tissicdcrensi
343 2737 488 2810 episcopo,
506 2754 570 2809 qua
586 2754 675 2792 manu
712 2736 778 2793 calc
796 2737 947 2793 recentiori
962 2736 1301 2810 descriptaessetquam
1317 2736 1367 2793 illa
1385 2737 1450 2805 luit,
1466 2753 1531 2809 quae
1556 2737 1716 2793 missarum
1740 2735 1822 2793 libel·

120 2809 186 2865 lum
201 2808 446 2883 praeformaverat.
463 2809 545 2875 Quod
558 2807 675 2864 aliunde
691 2755 894 2864 deducendum
909 2825 967 2864 non
981 2812 1037 2875 est,
1049 2808 1105 2865 nisi
1122 2826 1156 2865 ex
1170 2826 1214 2876 cc,
1230 2810 1383 2882 quodiam
1398 2808 1532 2865 absoluto
1556 2807 1647 2864 codici
1671 2808 1823 2881 p'rimaric,

120 2879 318 2937 invalescente
330 2878 411 2935 illius
427 2879 521 2936 sancti
537 2879 731 2947 cultu,addita
748 2879 834 2936 luerit
849 2880 992 2936 recentior
1002 2878 1132 2952 liturgia,
1150 2897 1213 2952 que
1228 2883 1293 2952 ejus
1308 2896 1415 2938 ncmcn
1431 2879 1621 2952 prmselerret.
1638 2878 1710 2936 Cum
1726 2885 1824 2936 autem

123 2953 230 3008 beatas
244 2951 293 3007 ille
307 2951 471 3008 Germanus
486 2968 563 3007 cunc
578 2950 684 3006 Christi
700 2952 752 3006 lla
767 2952 803 3006 ad
819 2967 942 3024 superas
957 2952 1167 3022 conscenderit,
1184 2953 1283 3008 decem
1298 2953 1410 3025 priorcs
1432 2953 1540 3009 missas
1553 2968 1611 3007 non
1626 2950 1714 3024 longo
1730 2951 1765 3007 ab
1782 2951 1825 3024 ip-

122 3024 186 3080 sius
200 3022 283 3078 obitu
299 3027 429 3094 tempore
443 3024 565 3079 transcri
590 3027 634 3079 tas
649 3022 739 3079 luisse
755 3027 876 3095 oportet.

136 3114 141 3119 ·
160 3094 291 3165 Denique
306 3095 352 3149 vix
367 3094 443 3150 inira
457 3041 701 3150 Chalcedonensis
716 3093 820 3176 synodi
832 3099 964 3166 tempora
978 3095 1147 3167 reponenda
1161 3095 1276 3151 videtur
1287 3093 1416 3169 liturgia,
1432 3112 1507 3167 quac,
1521 3112 1588 3151 cum
1599 3092 1767 3151 orthodoxis
1781 3093 1826 3148 in·

123 3165 268 3233 servierit,
284 3182 318 3221 eo
333 3169 431 3221 tamen
447 3165 483 3221 de
497 3182 622 3239 persona
633 3164 738 3220 Christi
750 3166 908 3238 modo,quc
919 3169 1019 3222 nostra
1029 3163 1316 3238 loquitur.Nimirum
1327 3167 1356 3222 in
1368 3168 1497 3224 secunda
1507 3166 1717 3223 contestatione
1728 3165 1825 3221 missa

122 3241 211 3294 sexte
226 3235 352 3292 Verbum
370 3236 440 3292 dicit
454 3254 470 3292 e
485 3237 555 3293 ccelc
570 3237 706 3302 missum,
720 3258 734 3287 n
747 3237 825 3308 quod
841 3236 964 3292 humani
976 3237 1106 3320 corporis
1117 3239 1289 3294 immistione
1299 3243 1466 3294 concretum
1480 3238 1608 3312 perditas
1619 3236 1715 3293 saculi
1727 3240 1824 3310 partes

122 3313 153 3366 et
167 3307 289 3364 vulnera
303 3309 424 3381 antiqua
437 3312 580 3364 curaret.»
595 3308 649 3363 Vix
663 3308 741 3364 enim
758 3308 824 3434 quis
840 3308 869 3363 in
885 3308 1018 3365 animum
1033 3309 1153 3364 inducat
1162 3313 1229 3382 post
1239 3308 1297 3365 luta
1307 3310 1336 3364 in
1350 3309 1536 3383 llutyehetcm
1548 3307 1734 3366 anathemata
1749 3307 1826 3378 ejus·

123 3380 204 3437 modi
221 3379 378 3436 formulam
393 3397 428 3435 ex
438 3379 556 3453 publica
565 3379 683 3452 liturgia
694 3396 752 3434 non
772 3379 855 3435 ‘uisse
865 3385 1071 3452 amotumque
1083 3380 1281 3437 haeresiarcha
1291 3379 1371 3436 illius
1381 3380 1528 3438 erroribus
1539 3381 1633 3436 lavere
1642 3378 1824 3449 videatcrt7).

159 3451 309 3507 habemus
324 3450 413 3534 igitur
428 3452 587 3506 terminum
603 3452 639 3506 ad
655 3467 741 3524 quem
757 3450 933 3507 descendere
947 3451 1033 3507 nobis
1047 3451 1141 3517 liceat,
1154 3452 1292 3509 sacculum
1304 3452 1440 3523 quintum
1454 3450 1604 3518 medians3
1621 3449 1760 3523 quaritur
1771 3452 1825 3504 ter·

124 3522 257 3578 minusa
293 3540 330 3578 uo
344 3540 374 3578 ιιι
391 3522 547 3578 statuenda
560 3521 650 3578 libelli
665 3520 773 3595 cpccba
787 3521 988 3595 incipiendum
1003 3522 1088 3578 nobis
1103 3523 1166 3579 erit.
1184 3524 1213 3579 Si
1229 3521 1269 3577 Cl.
1287 3523 1371 3578 Mcne
1395 3522 1551 3580 audiamus
1575 3521 1610 3578 ad
1635 3537 1670 3576 ea
1692 3525 1825 3591 tempora

125 3538 342 3650 ascendendum
358 3598 411 3660 est,
428 3610 492 3666 quae
508 3594 713 3665 Lugdunensis
727 3598 756 3649 et
770 3593 945 3649 Viennensis
957 3592 1089 3650 Ecclesia
1104 3592 1364 3650 celebratissimum
1380 3593 1460 3649 illam
1475 3592 1707 3666 persecutionem
1727 3607 1826 3673 consq-

125 3671 194 3722 cuta
209 3669 290 3721 sunt.
304 3666 491 3721 Prolerantur
505 3668 690 3730 documenta,
707 3666 909 3737 expendantur
920 3663 1064 3721 rationes!
1081 3665 1129 3721 Ait
1142 3665 1186 3721 vir
1200 3663 1382 3721 clarissimus
1397 3680 1431 3720 ea
1444 3663 1474 3720 in
1490 3663 1589 3720 missis
1608 3662 1670 3720 suis
1694 3678 1824 3745 reperiri,

125 3754 190 3810 quae
206 3736 304 3793 adhuc
318 3741 467 3809 grassatae
481 3736 572 3792 luisse
587 3735 802 3809 persecutiones
818 3737 943 3793 innuant
957 3739 985 3793 st
999 3736 1237 3808 antiquissimam
1252 3734 1333 3791 illam
1350 3735 1507 3809 specialius
1521 3751 1578 3791 ncn
1590 3735 1712 3790 obscure
1722 3731 1826 3814 indigi-

126 3812 199 3866 tent.
217 3808 249 3864 In
266 3808 363 3864 missa
380 3813 489 3880 quarta
505 3808 635 3864 oratione
650 3816 712 3864 onte
726 3809 838 3863 aomina
854 3806 914 3862 hacc
930 3822 1034 3880 nempe
1049 3807 1197 3863 decantari
1215 3825 1221 3863 :
1241 3831 1251 3856 α
1271 3805 1377 3863 Praesta
1399 3806 1541 3863 veraciter
1554 3809 1582 3861 te
1597 3805 1723 3871 credere,
1740 3807 1826 3861 ratio-

126 3878 267 3935 nobiliter
281 3880 421 3948 confiteri,
435 3879 459 3935 si
475 3878 597 3936 tentatio
611 3879 740 3953 ingruat,
757 3895 814 3934 non
830 3894 963 3951 negare·
980 3882 1015 3935 ln
1031 3878 1159 3952 septime
1175 3877 1343 3951 pretatione
1358 3894 1366 3933 ε
1384 3901 1397 3928 n
1413 3878 1543 3934 Alllictos
1558 3875 1651 3951 pccnis
1667 3873 1826 3932 etvexatio·

127 3951 427 4008 nibus...cxaudiredi
451 3955 546 4006 netur.
560 3972 574 4000 a
585 3951 644 4006 l‘ra
668 3949 751 4006 rimis
765 3966 832 4007 vero
847 3949 1069 4007 contestationis
1084 3949 1191 4023 quinte
1207 3950 1304 4006 missac
1316 3950 1404 4006 verba
1418 3949 1546 4019 adhibet,
1563 3965 1626 4022 quea
1640 3951 1823 4021 sequuntur:

127 4047 142 4072 a
158 4022 252 4078 Nulla
267 4022 386 4095 quidem
402 4040 440 4078 nc
462 4022 487 4078 is
504 4022 599 4100 adhuc
614 3967 732 4078 cithara
748 4026 917 4093 personant.
932 4021 1030 4078 Sancti
1046 4021 1099 4088 tui,
1111 4022 1161 4093 qui
1172 4022 1296 4078 bestiam
1307 4020 1405 4091 saculi
1419 4021 1508 4093 hujus
1518 4018 1824 4076 concordiaairtutum

124 4098 329 4168 perseverante
343 4093 484 4150 vicerunt.
503 4093 565 4165 (Hic
579 4094 699 4150 verbum
714 4094 825 4160 deesse,
841 4092 885 4148 vel
901 4092 1073 4165 particulam
1090 4095 1139 4166 qai
1152 4094 1302 4150 abundare
1311 4093 1372 4162 ait).
1385 4091 1504 4149 Nullum
1516 4092 1552 4149 de
1562 4090 1647 4149 nobis
1657 4089 1749 4165 Moysi
1760 4107 1826 4146 can·

124 4166 284 4238 ticum.qui
300 4167 375 4222 inter
389 4166 496 4221 tluctus
512 4165 608 4221 adhuc
623 4163 709 4221 istius
724 4164 821 4221 seculi
836 4163 1013 4221 volutamur.
1026 4163 1113 4221 Nulla
1126 4181 1180 4221 vox
1195 4164 1365 4239 angelorum
1384 4163 1441 4220 nisi
1456 4165 1529 4221 icrte
1553 4162 1672 4221 laudare
1688 4178 1741 4218 nos
1756 4177 1826 4234 pos·

123 4241 204 4302 sunt,
221 4237 280 4310 (hic
291 4253 435 4310 possamus
450 4236 476 4292 le
497 4237 605 4292 endum
622 4252 685 4293 esse
698 4238 843 4304 autumat)
858 4251 926 4291 eum
943 4233 1008 4291 l'ilii
1023 4236 1065 4290 tui
1081 4234 1264 4292 dilectissimi
1286 4252 1392 4308 corpus
1416 4251 1568 4291 sacramus
1592 4237 1622 4290 et
1640 4233 1825 4306 sanguinem,

122 4310 173 4366 sed
190 4308 239 4381 pia
253 4325 324 4365 eura
338 4326 390 4391 pro
405 4252 513 4381 popuffc
528 4312 557 4363 et
570 4312 672 4364 sancta
689 4324 740 4380 pro
755 4306 849 4363 salute
864 4305 959 4380 plebis
972 4307 1064 4363 oratic
1075 4312 1104 4364 ct
1114 4324 1197 4364 mens
1209 4307 1301 4363 cultui
1311 4307 1424 4364 intenta
1434 4307 1541 4373 divino,
1552 4306 1577 4361 si
1589 4321 1646 4360 non
1658 4307 1754 4385 potest
1766 4318 1826 4357 mc-

116 4381 258 4451 jestatem
279 4385 351 4436 tanti
368 4380 464 4452 operis
478 4379 740 4452 explicare‚nititur
751 4383 849 4435 tamen
866 4395 954 4435 usum
970 4379 1099 4436 concessi
1115 4379 1246 4435 muneris
1262 4375 1573 4452 frequentarc.»ttxhis
1583 4375 1747 4431 certissime
1757 4388 1824 4428 cen·

120 4456 175 4518 set,
192 4467 261 4506 cum
292 4452 422 4508 contecta
436 4455 481 4507 est
496 4450 626 4524 liturgia,
642 4450 739 4506 adhuc
753 4449 881 4524 viguisse
897 4449 1124 4522 persecutiones,
1139 4450 1321 4508 Christianos
1335 4448 1445 4506 Judaeis
1455 4445 1639 4575 equiperari,
1652 4443 1826 4527 Babylonica

118 4523 163 4581 vel
175 4524 209 4579 AE
250 4521 345 4595 ptiaca
360 4522 525 4595 captivitate
539 4522 676 4592 detentis,
693 4521 792 4578 fideles
808 4522 992 4594 majestatem
1007 4522 1104 4578 cultus
1118 4521 1208 4578 divini
1224 4522 1373 4594 explicere,
1390 4520 1444 4576 hcc
1459 4534 1490 4575 ee
1527 4515 1642 4590 publice
1668 4531 1759 4572 sacris
1774 4531 1825 4571 va·

119 4610 196 4661 care,
237 4610 364 4667 eumque
380 4593 562 4668 angelorum,
580 4593 634 4650 hcc
649 4597 693 4649 cst
708 4592 767 4649 alto
781 4609 848 4650 vcce
863 4592 984 4650 laudare
999 4610 1057 4649 non
1072 4593 1213 4666 potuisse.

153 4664 265 4722 Verum
281 4680 376 4739 nequa
389 4682 442 4721 nos
457 4681 552 4738 neque
567 4664 616 4720 alii
632 4665 661 4720 in
677 4663 774 4721 allatis
789 4664 884 4721 verbis
898 4681 933 4721 ea
947 4664 1085 4733 vidimus,
1101 4682 1164 4737 que
1180 4664 1314 4746 detegere
1334 4661 1389 4718 sihi
1412 4661 1494 4718 visam
1518 4663 1564 4742 cst
1584 4658 1629 4714 vir
1649 4655 1825 4730 ceteroquin

119 4737 445 4804 benemerentissimus,
461 4753 555 4810 neque
570 4736 626 4793 nisi
643 4736 819 4793 subtilitates
838 4735 937 4793 venari
958 4735 1076 4808 vimque
1100 4736 1227 4792 textibus
1251 4733 1357 4790 interra
1380 4732 1516 4801 velimus,
1531 4730 1629 4789 videre
1654 4744 1823 4804 possumus.

120 4807 312 4881 Captivitatcs
327 4808 502 4892 babylonica
517 4813 545 4865 et
559 4808 726 4890 [Egyptiaca
739 4807 787 4863 hie
801 4807 855 4863 lcci
870 4809 935 4865 vita
951 4806 1102 4881 presentis
1122 4811 1237 4863 tantum
1265 4807 1364 4878 figurae
1389 4809 1469 4875 sunt,
1485 4803 1515 4859 in
1541 4821 1600 4877 qua
1623 4801 1709 4885 nohis
1733 4800 1825 4857 Deum

122 4879 200 4935 sicut
213 4879 243 4936 io
260 4878 311 4935 illa
325 4880 495 4937 beatissima
511 4880 600 4936 rotun
616 4878 716 4936 saeculi
730 4878 831 4951 requie
846 4878 965 4935 laudare
981 4895 1039 4935 ncn
1055 4881 1100 4934 est
1115 4893 1297 4933 concessum.
1311 4875 1407 4933 Nihilo
1431 4875 1528 4932 secius
1551 4880 1649 4931 tamen
1672 4871 1825 4927 nitendum

121 4965 188 5007 esse
203 4955 304 5007 monet
318 4951 389 5007 litur
410 4951 448 5019 ia,
466 4955 498 5006 ut
522 4951 599 5024 quod
625 4967 783 5023 possumus
795 4949 823 5004 id
840 4949 943 5005 saltem
959 4954 1141 5022 praestemus.
1159 4948 1294 5004 Nondum
1310 4947 1429 5021 quidem
1442 4947 1527 5004 nobis
1539 4960 1675 5004 resonare
1687 4941 1825 5024 citharas,

121 5021 250 5078 celestis
270 5039 375 5096 nempe
390 4968 569 5090 {acuculam
585 5025 703 5078 sanctos
732 5021 810 5077 nond
835 5037 864 5076 m
893 5020 985 5093 blcysi
1014 5019 1159 5076 canticum
1188 5020 1273 5076 nohis
1302 5020 1467 5089 decantare,
1485 5017 1534 5091 qui
1564 5016 1660 5074 adhuc
1689 5011 1826 5069 fluctibus

122 5147 196 5276 “iffi
212 5145 434 5274 liinenrzssriei'
443 5147 606 5273 tFuqqiqtlier
626 5146 840 5216 Qacrmtacbriat
862 5145 1111 5202 cecesiacum.
1127 5145 1155 5202 J.
1171 5144 1204 5201 G.
1222 5144 1336 5210 blitller,
1353 5143 1540 5213 Titecthiscbc
1563 5136 1751 5197 denchchrr'st
1775 5152 1827 5192 cori

147 5234 346 5362 ¹(ttazegdlaria
362 5234 601 5354 citititstnnit'1‚
617 5287 793 5415 reprimas
817 5287 893 5342 hanc
917 5286 1050 5343 vocabuli
1075 5286 1133 5344 vim
1157 5287 1332 5361 indigitavit.
1358 5286 1401 5342 El.
1418 5286 1536 5366 Gregcr.
1554 5282 1701 5362 Turonen.
1717 5278 1752 5335 de
1767 5278 1825 5335 Vit.

120 5360 212 5427 Patr„
227 5361 262 5415 16
278 5376 285 5416 :
302 5360 463 5424 «Quadam
479 5359 629 5416 [lominica
652 5376 669 5414 a
715 5359 874 5415 missarum
899 5357 1073 5415 celebranda
1093 5359 1237 5416 solemnia
1260 5358 1409 5423 invitatur,
1425 5355 1556 5426 dixitque
1580 5351 1720 5407 fratribus
1736 5367 1743 5404 ε
1759 5350 1825 5434 iarn

121 5432 200 5489 cccli
215 5431 271 5487 mei
287 5431 341 5487 cali
365 5431 412 5488 inc
426 5432 615 5503 obteguntur,
632 5447 684 5486 nec
700 5447 821 5502 possum
844 5431 969 5486 libellam
993 5430 1131 5502 aspicere.
1150 5452 1164 5480 n
1176 5462 1211 5471 -
1225 5432 1294 5486 llist.
1312 5431 1478 5485 Francorum
1493 5442 1524 5492 ιι,
1538 5427 1575 5479 22
1591 5440 1597 5479 :
1615 5445 1628 5474 ιι
1646 5421 1746 5477 Ablato
1770 5422 1827 5503 salu

123 5503 260 5576 nequiter
271 5448 369 5558 libelli>
404 5521 437 5558 cr
452 5519 539 5575 quem
556 5508 744 5558 sacrosancta
758 5501 901 5557 solemnia
916 5517 1001 5571 agere
1015 5506 1205 5569 consueverat
1219 5501 1260 5556 ita
1274 5505 1393 5573 paratus
1409 5515 1426 5553 a
1441 5501 1571 5568 tempore
1586 5498 1726 5561 cunctum
1747 5493 1827 5549 lesti-

122 5574 222 5631 vitatis
237 5590 311 5646 opus
326 5520 465 5648 explicuit
480 5579 514 5629 ut
528 5574 564 5630 ab
580 5573 717 5630 omnihus
733 5574 897 5630 miraretur.
916 5595 929 5622 a
945 5573 1010 5630 Hae
1025 5572 1066 5632 Cl.
1084 5573 1179 5629 blanc.

158 5646 197 5719 (5)
213 5644 313 5718 Capite
326 5647 342 5700 l
357 5646 404 5702 sui
418 5645 524 5718 operis,
540 5662 570 5720 p.
586 5645 621 5702 36
633 5661 697 5718 sqq.
1686 5706 1693 5721 ι

158 5718 201 5787 (c)
216 5715 311 5773 uexit
326 5716 538 5775 monasterium
555 5715 753 5774 belchanavia
768 5715 845 5773 circa
860 5732 971 5774 annum
985 5717 1039 5773 724
1054 5713 1215 5787 Pirminias
1229 5718 1258 5772 ct
1272 5713 1308 5771 ad
1324 5729 1359 5771 su
1380 5727 1446 5771 erce
1460 5726 1536 5770 auno
1549 5696 1604 5767 rel
1618 5710 1718 5766 evasit.

146 5790 202 5915 1(Ἰ)
215 5786 367 5919 Εὲιιιιιιιὲᾱί
381 5788 517 5861 termino,
533 5788 601 5849 licet
614 5787 714 5848 minus
729 5787 878 5859 distincto,
895 5804 965 5848 usca
988 5792 1088 5849 tamen
1110 5791 1139 5847 ct
1162 5784 1337 5848 orthodoxos
1351 5728 1404 5846 lfa.
1419 5784 1484 5845 vide
1498 5799 1545 5858 ap.
1561 5782 1658 5844 Petav.
1675 5780 1710 5840 dc
1725 5778 1784 5839 Iac.
1800 5775 1822 5836 l.

125 5876 169 5933 ιι,
185 5875 213 5919 c.
247 5877 302 5933 ,m
351 5875 417 5935 sqq.
