3878 6098
141 338 200 398 939

501 338 697 399 animno.
721 338 773 399 AD
797 337 892 400 SAEC.
915 338 953 399 X.
972 371 1008 381 -

1023 336 1276 401 MONUMENTA
1298 340 1458 404 LITUltG.
1794 346 1854 406 clo

140 472 236 535 tuum,
250 483 317 523 cum
333 484 391 540 quo
406 467 459 524 tihi
474 471 503 525 et
517 472 617 525 sancto
632 468 754 542 Spiritui
769 472 814 524 est
828 467 921 542 gloria
936 473 965 524 et
980 471 1006 538 Α
1055 471 1192 526 Diaconos
1208 471 1275 528 dicit
1290 491 1300 527 .·
1315 471 1453 529 Dicamus
1469 490 1571 531 omnes
1587 492 1640 532 nos
1656 493 1663 531 ε

141 560 270 631 potestas
285 574 373 625 nunc,
389 561 418 613 et
431 574 555 630 semper,
572 557 641 613 etin
658 556 764 613 saecula
779 556 963 613 saeculorum.

140 647 243 704 Amen.

177 737 242 792 Tam
255 735 378 793 sacerdos
403 736 528 792 hortano-r
544 736 676 808 papalum
690 745 721 792 at
735 745 792 793 oret
815 752 864 809 pro
888 752 965 808 perc·

140 827 317 897 priaantibos
332 833 358 882 ct
370 834 463 897 postea
479 833 547 881 orat.

178 914 327 987 Rogamus
342 912 429 970 etiam
441 898 669 987 omnipotentem
680 914 773 970 Deum
783 915 897 970 Patrem
910 914 964 970 Do-

142 1003 214 1060 mini
229 1008 258 1059 et
270 1001 473 1075 Redemptoris
490 1002 581 1058 nostri
593 1003 663 1060 Jesu
675 1003 782 1060 Christi
798 1021 850 1076 pro
866 1003 967 1058 iratri-

141 1093 196 1148 bus
212 1092 320 1148 nostris
335 1090 385 1163 qui
409 1108 528 1165 peregre
553 1092 674 1164 proiecti
700 1096 779 1160 sunt,
795 1096 832 1148 ct·
847 1109 899 1165 pro
924 1092 966 1148 eis

141 1197 216 1253 quos
230 1180 362 1238 laturum
377 1185 469 1237 estut
485 1181 714 1256 peregrinentur,
729 1181 789 1238 sive
804 1199 856 1255 per
875 1199 965 1252 mare,

141 1271 201 1327 sive
216 1269 410 1343 perflamine,
422 1270 481 1327 sive
496 1287 547 1342 per
561 1268 652 1336 lucus,
664 1287 714 1326 scu
732 1287 906 1342 quacunque
921 1270 967 1326 via

141 1359 407 1434 peregrinationem
422 1359 540 1425 iaciant,
553 1363 585 1414 ut
607 1376 709 1415 omnes
725 1359 832 1433 dirigat
848 1360 882 1415 ad
901 1376 967 1432 por·

142 1453 205 1505 tum
220 1447 390 1517 salutarem,
408 1447 457 1520 qui
474 1447 572 1504 omnia
587 1447 717 1503 continet
732 1449 874 1505 Dominus
890 1448 967 1504 Deus

143 1542 253 1595 noster.

178 1627 318 1682 Diaconos
332 1625 399 1681 elicit
415 1646 424 1681 :
440 1626 524 1682 Orate
541 1643 592 1698 pro
607 1627 643 1682 iis
661 1628 710 1699 qui
732 1628 965 1701 peregrinantur.

176 1714 305 1772 Sacerdos
320 1725 410 1772 aulem
434 1716 501 1773 dicit
515 1735 525 1771 .·
544 1715 663 1772 Domine
687 1716 765 1772 Deus
791 1721 899 1785 noster,
916 1716 966 1789 qui

141 1804 240 1862 omnin
257 1804 347 1877 capis,
359 1822 497 1880 rogamus
513 1810 550 1872 lc,
561 1811 590 1861 el
605 1822 784 1878 quaesumus,
797 1822 898 1861 eorum
915 1805 964 1878 qui

141 1894 261 1966 proiecti
277 1899 347 1951 sunt
360 1909 480 1967 peregre
491 1895 615 1949 fratrum
632 1899 809 1964 nostrorum,
822 1899 850 1951 et
865 1911 965 1950 corum

140 1983 191 2055 qul
206 1981 365 2055 profecturi
380 1987 459 2049 sunt,
472 1982 565 2055 dirige
580 1999 726 2056 grossum,
740 1988 769 2040 et
784 2000 850 2040 cnm
867 1984 909 2040 eis
925 1984 967 2040 sis

140 2076 173 2128 ut
188 2075 385 2145 assequantur
399 2072 477 2145 quod
493 2077 605 2146 optant.
621 2073 683 2129 Cito
697 2073 824 2129 inveniat
840 2090 893 2130 nos
911 2073 965 2129 mi·

140 2161 299 2219 sericordia
312 2166 373 2232 lua,
390 2178 406 2218 a
422 2161 555 2218 Domine.

175 2242 311 2308 Doceaas
327 2252 419 2309 dicit:
436 2251 571 2308 Dicamus
587 2269 689 2307 omncs
705 2269 758 2308 nos
775 2268 782 2306 :

177 2341 238 2397 Duc
253 2358 303 2398 eos
318 2341 353 2399 ad
370 2345 487 2412 portum
500 2339 670 2413 salutarem,
682 2342 763 2412 oller,
774 2344 803 2396 el
818 2342 904 2397 redde
916 2358 965 2397 cos

141 2447 242 2487 eorum
267 2429 494 2503 consangnineis
522 2447 589 2486 cum
616 2429 715 2485 letitia
743 2435 771 2485 et
799 2430 916 2503 gaudio,
933 2436 966 2485 ut

140 2518 286 2586 letentur,
308 2523 337 2575 et
363 2518 454 2575 letari
484 2518 601 2587 faciant,
629 2536 681 2592 per
708 2520 828 2575 unicum
859 2519 964 2575 Filium

141 2614 237 2675 tuum,
252 2625 320 2664 cum
337 2624 394 2680 qno
410 2608 463 2664 tihi
478 2612 506 2664 et
520 2607 642 2681 Spiritui
656 2615 757 2664 sancto
772 2613 816 2664 est
830 2607 922 2681 gloria
937 2612 966 2664 et

55 2753 60 2759 .
139 2702 268 2771 potestas
284 2715 373 2766 nunc,
389 2703 417 2753 el
432 2714 558 2770 semper,
570 2702 598 2752 et
613 2697 641 2752 in
656 2697 763 2753 secula
779 2697 963 2753 soculorum.

138 2790 241 2846 Amen.

172 2878 300 2937 Sacerdos
313 2887 406 2952 posaa
420 2880 545 2935 toruior
558 2894 650 2934 omrocs
665 2886 694 2933 at
714 2886 790 2934 orent
803 2894 854 2950 pro
867 2879 964 2951 plocio

137 2967 187 3023 troc
200 2967 302 3024 niodo:

173 3056 321 3129 Rogemus
331 3055 419 3112 etiam
431 3054 659 3127 omnipotentem
672 3056 772 3124 Deum,
785 3056 898 3112 Patrem
910 3057 964 3113 Do-

139 3144 259 3210 mini,el
268 3143 471 3218 Redemptoris
483 3143 573 3199 nostri
584 3144 652 3199 lesu
665 3143 771 3199 Christi
788 3160 839 3217 pro
853 3144 961 3217 pluvia,

42 3222 44 3227 '
140 3238 172 3290 ut
186 3250 250 3291 eum
270 3234 367 3290 millet
389 3232 458 3290 illuc
475 3232 523 3289 uhi
538 3249 611 3304 opus
626 3238 680 3300 est,
698 3233 748 3305 qui
763 3233 863 3289 omnia
885 3217 999 3306 capitC

139 3324 282 3382 Dominus
296 3322 372 3381 Deus
387 3327 495 3380 noster.

172 3416 312 3472 Diaconos
327 3413 394 3470 dicit
409 3431 419 3469 .·
434 3412 529 3470 Orate.

171 3503 300 3561 sarcerdos
314 3511 406 3560 aorem
419 3502 497 3559 dicit.

170 3593 303 3661 Domine,
318 3592 395 3649 Deus
408 3596 507 3648 noster
522 3591 716 3664 omnipotens
729 3607 867 3664 rogamus
883 3595 921 3656 tc,
933 3597 962 3648 ct

134 3698 314 3755 quaesumus,
326 3681 410 3738 mitte
425 3680 554 3754 pluviam
571 3685 653 3735 luam
663 3681 698 3736 ad
714 3679 778 3736 loca
790 3681 837 3736 uhi
850 3681 961 3738 doside·

132 3776 224 3838 ratur,
239 3771 330 3827 laetari
349 3771 393 3827 lac
418 3770 521 3826 faciem
537 3774 630 3837 terra,
648 3769 747 3824 imhuo
762 3768 860 3826 sulcos
884 3771 959 3842 ejus,

132 3859 190 3916 duc
204 3876 304 3916 semen
321 3860 357 3914 ad
377 3875 514 3927 messem,
531 3859 607 3931 quod
634 3874 669 3913 ex
692 3857 821 3914 bonitate
835 3862 887 3914 lua
901 3859 959 3914 cito

65 4014 69 4021 Κ
131 3947 261 4004 inveniat
276 3964 329 4004 nos
345 3946 546 4004 misericordia
560 3951 621 4016 tua,
637 3964 653 4003 o
668 3946 801 4004 Domine.

167 4036 302 4093 Diaconos
315 4036 382 4092 dicit
398 4054 407 4092 .·
422 4035 561 4091 Dicamus
576 4052 678 4092 omncs
694 4053 747 4092 nos
763 4054 770 4092 :

167 4125 221 4181 Pro
236 4140 364 4198 paupere
379 4123 487 4198 populo
501 4129 591 4191 tu0,0
607 4124 739 4194 Domine,
752 4129 781 4181 et
793 4142 846 4199 pro
861 4126 956 4182 omui·

131 4215 187 4270 hus
198 4215 249 4288 qui
260 4218 378 4287 sperant
389 4213 418 4268 in
432 4217 470 4280 le,
481 4213 525 4268 lac
538 4213 692 4269 uobiscum
701 4215 787 4285 juxta
797 4214 958 4271 misericor·

1056 557 1099 614 Oh
1113 576 1272 632 pauperem
1292 561 1433 634 populum
1448 567 1545 633 tuum,
1561 580 1577 622 o
1592 564 1726 632 Domine,
1740 569 1770 622 et
1784 582 1851 639 pro·

1020 653 1084 719 pter
1094 648 1266 722 omnesqui
1277 648 1412 707 invocant
1423 657 1561 708 sanctum
1574 670 1680 710 nomen
1692 659 1790 721 tuum,
1801 671 1853 728 per

1020 736 1141 792 unicum
1152 737 1258 794 Filium
1269 743 1363 806 tuum,
1371 757 1439 796 cum
1450 757 1509 814 quo
1521 740 1572 798 tihi
1581 747 1609 799 ct
1619 747 1720 800 sancto
1729 741 1851 816 Spiritui

1020 827 1065 882 est
1079 825 1182 899 gloria,
1195 833 1224 883 et
1236 832 1366 901 potestas
1377 847 1456 887 nunc
1471 834 1501 887 et
1516 847 1642 904 semper,
1656 837 1686 889 et
1700 832 1731 888 in
1747 832 1854 889 secula

1021 913 1205 971 saeculorum.
1223 916 1325 972 Amen.

1056 1005 1109 1061 Pro
1132 1007 1212 1079 apris
1235 1006 1408 1076 fluvialibus,
1424 1009 1574 1066 sacerdos:
1590 1009 1739 1083 llagcmus
1763 1009 1850 1066 etiam

1021 1092 1249 1165 omnipotentem
1260 1094 1352 1151 Deum
1363 1096 1476 1153 Patrem
1485 1096 1601 1153 Domini
1611 1104 1639 1155 et
1648 1099 1851 1172 Redemptoris

1022 1183 1113 1238 nostri
1125 1182 1194 1239 Jesn
1207 1183 1312 1239 Christi
1324 1201 1376 1256 pro
1389 1185 1475 1258 aquis
1488 1186 1665 1254 lluvialihns,
1679 1193 1710 1243 ut
1720 1192 1852 1245 crescant

1022 1271 1059 1326 ad
1075 1288 1245 1328 mensuram
1261 1290 1357 1343 suam,
1370 1278 1399 1329 ct
1409 1275 1525 1332 divitias
1535 1276 1635 1349 gratia
1646 1275 1853 1351 largiaturDo·

1023 1360 1122 1415 minus
1140 1361 1218 1416 Deus
1234 1368 1343 1418 noster.

1058 1451 1199 1506 Diaconos
1214 1451 1282 1507 dicit
1297 1471 1306 1507 :
1322 1452 1407 1509 Orate
1423 1468 1475 1525 pro
1490 1453 1574 1528 aquis
1590 1453 1761 1512 liuentibus.

1058 1540 1187 1596 Sacerdos
1202 1548 1293 1597 aaroni
1307 1541 1393 1598 dicit:
1406 1542 1538 1610 Dominc,
1552 1544 1628 1602 Deus
1643 1548 1745 1601 noster
1759 1545 1852 1600 amai·

1022 1632 1137 1701 patene,
1151 1646 1289 1703 rogamus
1300 1636 1337 1699 te,
1350 1635 1378 1687 et
1388 1646 1569 1704 quesumus,
1581 1633 1692 1690 lluenta
1706 1650 1850 1707 aquarum

1023 1734 1097 1791 augo
1114 1734 1208 1790 usque
1223 1718 1259 1774 ad
1273 1735 1443 1776 mansuram
1455 1736 1568 1788 eorum,
1581 1720 1625 1777 lac
1638 1721 1736 1778 latam
1748 1721 1850 1778 laciem

1021 1810 1115 1874 lerrae,
1128 1806 1229 1863 imbue
1244 1808 1341 1864 sulcos
1353 1809 1427 1880 ejus,
1439 1808 1603 1882 multiplica
1617 1817 1742 1883 segetes,
1759 1815 1789 1867 cl
1803 1811 1850 1867 be·

1022 1894 1106 1951 nedic
1125 1895 1235 1952 circulo
1252 1897 1322 1952 arrni
1344 1897 1522 1971 benignitate
1536 1916 1599 1972 qurc
1624 1916 1641 1954 a
1665 1904 1695 1955 te
1719 1900 1849 1957 estillic

1020 1983 1148 2040 inveniat
1163 2001 1216 2040 nos
1232 1985 1432 2043 misericordia
1447 1991 1507 2056 tua,
1523 2005 1540 2044 o
1555 1987 1688 2045 Domine.

1056 2075 1192 2130 Diaconos
1207 2075 1298 2131 dicit:
1313 2075 1453 2132 Dicamus
1469 2093 1570 2134 omnes
1586 2094 1640 2134 nos
1657 2095 1664 2134 τ

1055 2162 1097 2219 Oh
1107 2165 1545 2238 pauperempopulumtuum‚0
1555 2167 1723 2236 Dominact
1733 2173 1850 2242 propter

1020 2267 1133 2322 coines,
1143 2252 1193 2324 qui
1204 2252 1340 2310 invocant
1352 2260 1488 2312 sanctum
1504 2273 1609 2312 nomen
1624 2262 1709 2312 tuum
1721 2273 1774 2330 per
1789 2258 1849 2313 uni-

1020 2356 1087 2395 cum
1105 2339 1210 2396 Filium
1224 2345 1318 2410 tuum,
1330 2359 1397 2399 cum
1412 2359 1470 2416 quo
1485 2343 1548 2414 libi,
1560 2349 1589 2400 et
1600 2344 1725 2417 Spiritui
1736 2350 1848 2416 sancto,

1019 2433 1064 2482 cst
1078 2427 1208 2500 glor-laet
1223 2434 1362 2502 poteslas,
1376 2448 1463 2499 nunc,
1476 2436 1505 2489 et
1515 2449 1640 2506 semper,
1652 2438 1681 2489 et
1696 2434 1726 2495 in
1744 2434 1848 2491 saeculs

1019 2516 1203 2575 soculorum.
1219 2521 1322 2576 Arnen.

1357 2610 1412 2664 Pro
1427 2625 1504 2682 pace.

1054 2695 1183 2753 Sacerdos
1199 2715 1208 2751 :
1224 2697 1372 2770 Rogemus
1393 2697 1481 2754 etiam
1504 2698 1737 2773 omnipotentem
1754 2702 1844 2758 Deum

1019 2784 1132 2840 Patrem
1149 2786 1265 2841 Domini
1277 2791 1305 2842 et
1320 2787 1523 2859 Redemptoris
1539 2788 1630 2846 nostri
1644 2789 1716 2846 lesu
1728 2790 1843 2856 Christi,

1018 2890 1070 2946 pro
1085 2891 1155 2947 pace
1170 2879 1276 2931 saneta
1291 2879 1319 2931 et
1334 2874 1426 2931 unica
1441 2875 1576 2934 Ecclesia
1591 2878 1843 2953 apostolicaeque

1018 2969 1062 3019 est
1076 2980 1165 3036 super
1180 2980 1282 3020 omnes
1296 2962 1451 3021 Ecclesiae.

1052 3053 1190 3109 Diaconos
1205 3054 1311 3109 :Orate
1330 3070 1382 3127 pro
1408 3053 1463 3109 hac
1486 3053 1615 3111 Ecclesia
1628 3061 1734 3113 sancta
1748 3057 1842 3126 unica,

1017 3158 1080 3213 quae
1096 3146 1140 3198 est
1150 3142 1336 3215 congregatio
1351 3158 1402 3215 per
1415 3143 1561 3215 apostolos
1573 3148 1651 3202 recta
1667 3145 1696 3201 in
1710 3146 1841 3203 Domino.

1052 3231 1181 3287 Sacerdos
1197 3250 1206 3285 :
1223 3230 1371 3304 Rogamus
1385 3236 1414 3287 et
1427 3232 1556 3305 petimus
1572 3251 1589 3289 a
1604 3233 1737 3291 bonitate
1751 3240 1811 3303 tua,
1826 3251 1842 3290 ο

1017 3324 1130 3375 amator
1147 3319 1269 3376 humani
1294 3320 1421 3393 generis,
1438 3322 1589 3378 recordare
1614 3323 1742 3381 Domine
1766 3323 1842 3398 pacis

1016 3408 1150 3465 Ecclesia
1169 3413 1287 3478 sunctae,
1303 3408 1396 3467 unicae
1415 3410 1649 3484 congregationis
1665 3412 1840 3486 apostolice,

1016 3512 1080 3570 quc
1096 3497 1151 3554 luit
1166 3498 1202 3554 ah
1218 3496 1340 3572 origine,
1354 3502 1385 3554 'et
1399 3499 1455 3555 erit
1474 3500 1611 3572 usquein
1628 3501 1720 3559 finem
1735 3502 1839 3559 saculi.

1016 3585 1150 3654 Benedic,
1162 3586 1295 3656 Domine,
1308 3604 1360 3660 per
1374 3604 1440 3644 eam
1450 3589 1531 3644 omni
1541 3589 1650 3663 populo
1661 3595 1688 3648 et
1700 3593 1782 3649 omni
1794 3591 1841 3648 all-

1015 3680 1123 3732 mento.
1138 3676 1239 3732 Pacem
1253 3694 1317 3749 quae
1329 3678 1365 3733 de
1375 3676 1456 3734 coelis
1470 3682 1525 3747 est,
1538 3679 1622 3736 mitta
1638 3697 1731 3755 super
1745 3683 1840 3738 unius

1014 3765 1158 3837 cujusque
1173 3765 1265 3821 nostri
1281 3766 1421 3837 animam,
1438 3771 1466 3823 et
1485 3784 1586 3840 pacem
1601 3769 1666 3824 sitae
1684 3774 1792 3826 nostrae
1805 3771 1839 3826 da

1013 3853 1109 3910 nobie.
1135 3855 1285 3922 Eumdem,
1311 3855 1443 3923 Domine,
1460 3854 1566 3930 largire
1589 3858 1652 3931 regi
1677 3864 1780 3916 nostro
1795 3860 1837 3926 N.,

1013 3941 1206 4016 principibus,
1218 3943 1410 4016 acjudicihus
1420 3947 1448 4002 ct
1459 3945 1585 4003 subditis
1598 3947 1675 4018 ejus,
1684 3953 1716 4005 et
1725 3964 1838 4022 congre

1011 4032 1121 4106 gatiani
1137 4031 1299 4089 vicinorum
1314 4039 1492 4103 nostrorum,
1504 4039 1565 4092 tam
1576 4052 1678 4094 eorum
1696 4038 1748 4110 qni
1761 4043 1837 4095 extra

1011 4120 1171 4177 Ecclesiam
1185 4126 1264 4189 sunt,
1274 4139 1362 4194 quam
1375 4140 1476 4180 eorum
1486 4125 1537 4199 qui
1551 4124 1581 4181 in
1591 4143 1626 4183 ea
1637 4127 1836 4194 continentum

1011 4216 1040 4266 et
1054 4227 1126 4267 orna
1140 4227 1189 4267 eos
1202 4211 1282 4266 omni
1294 4227 1400 4284 genere
1413 4211 1504 4285 pacis.
1516 4214 1576 4270 Rex
1586 4215 1679 4288 pacis,
1691 4231 1793 4288 pacem
1802 4215 1838 4270 ds

130 4304 209 4360 diam
220 4308 313 4372 tuam,
325 4303 391 4368 ciba
401 4320 451 4359 cor
461 4306 594 4358 nostrum
606 4301 757 4358 divinitate
768 4304 918 4371 doctrine,
928 4308 957 4360 ct
1011 4300 1106 4367 nohis,
1120 4300 1190 4372 quia
1204 4301 1305 4356 omnia
1319 4301 1405 4358 nohis
1415 4301 1536 4370 dedisti·
1545 4307 1574 4359 cl
1586 4303 1631 4361 lac
1647 4321 1703 4361 nos
1714 4303 1836 4378 peculia·

129 4392 402 4467 intelligentiaque
418 4409 434 4448 a
449 4396 477 4447 te
500 4395 554 4458 est,
567 4409 619 4464 per
640 4391 825 4464 unigenitum
850 4391 955 4449 Filium
1010 4405 1057 4446 res
1073 4388 1321 4461 tibi‚quiaautcm
1334 4395 1439 4463 prator
1452 4396 1490 4462 te,
1503 4391 1579 4449 alius
1595 4398 1641 4450 est
1654 4411 1743 4451 nemo
1753 4408 1835 4467 quem

128 4486 225 4552 tuum,
239 4498 306 4538 cum
323 4499 380 4555 qua
395 4481 449 4537 tihi
464 4485 493 4537 ct
507 4485 609 4538 sancto
625 4480 745 4553 Spiritui
761 4480 853 4553 gloria
868 4486 913 4537 cst
927 4487 956 4538 et
1009 4494 1233 4550 cognoscamus,
1248 4496 1355 4535 nomen
1369 4483 1454 4537 tuum
1466 4487 1602 4539 sanctum
1617 4482 1800 4557 appellemus
1810 4484 1837 4538 et

128 4574 258 4643 potestas
274 4587 352 4627 nunc
373 4575 403 4627 et
421 4586 548 4643 semper,
559 4575 588 4626 et
603 4569 632 4625 in
648 4569 754 4626 secula
769 4570 953 4626 soculorum.
969 4589 993 4655 D
1010 4567 1320 4635 invocamo5,utvivat
1330 4569 1429 4626 anima
1439 4575 1540 4628 nostra
1550 4588 1602 4645 per
1612 4572 1758 4647 Spiritum
1772 4588 1834 4628 san·

126 4660 230 4715 Amen,
1006 4660 1098 4726 ctum,
1107 4673 1159 4712 nec
1170 4655 1329 4714 invalescat
1337 4675 1416 4716 mors
1427 4661 1539 4732 peccati
1548 4678 1638 4734 super
1647 4679 1704 4720 nos
1715 4660 1833 4718 famulos

162 4749 216 4803 Pro
242 4749 380 4821 [ructibus
408 4757 497 4819 terro,
523 4749 657 4806 sacerdos.
681 4749 789 4805 lterum
816 4766 954 4822 rogemus
1008 4749 1361 4819 tuos,ctsuperomnem
1375 4747 1517 4820 populum
1532 4753 1629 4806 tuum.

127 4835 357 4909 omnipotentem
374 4841 475 4909 Deum,
487 4843 599 4910 patrem
616 4838 731 4894 Domini
744 4843 772 4894 et
783 4838 954 4913 Redempto-
1297 4841 1351 4891 Pro
1363 4837 1548 4909 pontificibus.

126 4926 273 4982 risnostri
298 4926 369 4983 deso
384 4927 491 4983 Christi
517 4943 569 4998 pro
588 4927 732 4983 fructibus
747 4931 841 4996 terra,
858 4934 890 4983 ut
903 4945 953 4984 eos
1041 4924 1170 4981 Sacerdos
1200 4942 1209 4979 :
1238 4924 1272 4979 El
1300 4925 1407 4980 iterum
1435 4943 1574 5000 rogamus
1604 4930 1829 5003 omnipotentem

125 5019 241 5088 augeat,
254 5019 283 5071 et
296 5016 400 5071 uberes
419 5015 514 5082 iaciat,
526 5018 554 5070 et
567 5015 682 5070 divilias
698 5017 796 5087 gratiae
813 5015 955 5090 largiatur
1008 5018 1109 5081 Deum,
1128 5014 1242 5069 Patrem
1258 5014 1384 5082 Domini,
1400 5014 1462 5087 Dei,
1480 5021 1509 5072 et
1524 5017 1731 5092 Dedeurptoris
1745 5016 1829 5075 nostri

125 5104 272 5161 Dominus
283 5104 360 5162 Deus
374 5109 483 5161 noster.
1006 5103 1076 5159 Jesu
1093 5101 1210 5157 Christi.

159 5195 298 5251 Diaconos
313 5194 382 5251 dicit
397 5213 406 5250 :
422 5194 507 5249 Orate
523 5210 575 5266 pro
591 5193 735 5248 fructibus
750 5199 843 5250 terra.
1041 5193 1178 5247 Diaconos
1192 5191 1279 5248 dicit:
1290 5192 1376 5249 Orate
1388 5209 1439 5266 pro
1450 5194 1581 5269 principe
1593 5201 1697 5255 nostro
1709 5196 1830 5272 principe

159 5283 299 5342 Sacerdos.
314 5283 448 5351 Domine,
459 5284 536 5339 Deus
553 5286 651 5338 noster
662 5282 858 5354 omnipotens,
871 5300 952 5357 roga·
1007 5279 1294 5352 archiepiscoporum
1316 5286 1345 5337 ct
1366 5282 1582 5357 episcoporum,
1601 5285 1725 5345 domino
1740 5289 1830 5344 nostro

123 5387 191 5429 mus
205 5375 245 5441 te,
257 5378 286 5430 et
300 5390 481 5446 quesumus,
492 5373 605 5428 fructus
616 5376 698 5427 terre
709 5376 832 5445 augeat
847 5375 951 5429 uberes
1005 5370 1275 5444 N.,etprocopite
1305 5372 1511 5446 episcoporum
1537 5390 1654 5448 magna
1684 5374 1830 5450 provincis

122 5459 179 5529 lac,
189 5458 280 5516 letari
295 5461 340 5518 lac
360 5462 464 5520 faciam
480 5468 562 5518 torrae
575 5478 581 5516 :
594 5461 693 5517 imbue
708 5461 805 5518 sulcos
817 5463 892 5534 ejus,
904 5464 951 5519 de·
1005 5460 1051 5527 N.,
1069 5464 1097 5514 ct
1122 5458 1217 5530 capite
1241 5459 1366 5517 civitatis
1390 5466 1497 5518 nostra
1513 5465 1683 5522 venerando
1709 5463 1830 5523 antistita

121 5547 179 5602 duc
193 5563 293 5605 semen
308 5552 344 5606 ad
371 5567 514 5618 messem;
530 5550 608 5624 quod
624 5566 658 5606 ex
675 5549 804 5606 bonitate
829 5555 949 5621 tuaest,
1005 5554 1087 5621 patre
1103 5547 1148 5613 N.‚
1165 5551 1194 5602 ct
1208 5564 1260 5620 pro
1284 5550 1422 5607 omnibus
1447 5551 1605 5626 episcopis,
1621 5555 1828 5621 sacerdotibus,

99 5635 168 5715 ‚cito
181 5635 316 5696 inveniat
332 5656 390 5699 nos
404 5638 609 5698 misericordia
624 5643 685 5719 tuo,
701 5657 717 5698 a
731 5640 863 5697 Domino.
1005 5642 1033 5694 et
1049 5635 1180 5694 diaconis
1193 5638 1278 5695 rectis
1294 5639 1323 5697 ia
1341 5640 1409 5698 ilde.
