3878 6098
104 244 166 357 aas

106 430 216 488 Sancta
231 421 279 482 Dei
294 417 429 497 genitrix,

107 521 164 578 Sca
177 515 279 580 lllaria,

107 611 163 668 See
177 601 333 669 lllichahel,

106 701 161 757 3oe
174 691 322 757 Grdirihel,

108 789 164 846 Sos
180 779 340 856 liaphahel‚

108 967 221 1025 Omnes
234 957 328 1018 sancti
345 953 517 1029 patriarchae
532 957 561 1009 et
576 948 734 1023 prophete,

108 1057 165 1112 Sca
181 1053 330 1109 lohannes
346 1043 488 1116 Baptista,

109 1146 167 1201 See
182 1144 275 1202 Petne,

110 1235 168 1291 See
183 1227 281 1294 Paule,

111 1324 170 1380 Soc
184 1318 310 1384 Andron,

111 1412 169 1469 See
180 1409 196 1465 J
200 1407 299 1471 scobe,

112 1502 172 1557 Sco
185 1494 345 1557 lohannes,

113 1593 226 1649 Omnes
240 1579 333 1640 sancti
350 1574 471 1651 apostoli
488 1579 518 1631 et
532 1569 727 1645 evangelistae,

115 1678 172 1736 See
185 1671 342 1747 Stephane,

114 1767 173 1823 See
187 1762 268 1831 liae,

115 1857 174 1912 Soc
188 1850 276 1916 Clete,

117 1944 175 2002 See
188 1940 333 2002 Clemens,

118 2034 174 2092 Sec
190 2027 333 2091 Pancrali,

120 2125 177 2180 Sec
192 2116 312 2183 Ciriace,

119 2213 176 2269 Sce
191 2204 319 2271 Ferruci,

118 2296 175 2356 See
192 2294 303 2352 Albane
319 2291 353 2357 ll,

120 2389 232 2446 Omnes
247 2379 339 2439 sancti
357 2382 511 2451 martyres,

121 2480 178 2534 See
192 2473 340 2536 silvester,

122 2568 179 2623 See
194 2559 323 2634 Gregori,

123 2657 181 2713 Sco
196 2649 330 2716 lllartine,

123 2745 181 2801 Sce
196 2736 321 2812 Remigi,

126 2834 183 2891 See
198 2825 361 2893 Benedicta,

126 2920 238 2978 Omnes
253 2914 346 2972 sancti
360 2911 552 2976 consessores,

126 3100 185 3157 Sca
201 3092 345 3161 Felicitas,

127 3190 186 3247 Sea
201 3187 352 3258 Perpetua,

127 3279 186 3336 Sca
201 3272 325 3351 Agatha,

127 3366 187 3424 Sca
201 3360 324 3423 Ceeilie,

128 3457 188 3513 Sca
202 3447 391 3516 Scholastica,

128 3546 187 3603 Sca
203 3538 397 3615 Margaretha,

127 3635 241 3693 Omnes
257 3632 364 3686 sancta
379 3625 518 3700 virgines,

128 3723 242 3781 Omnes
258 3716 363 3785 sancti,

131 3809 281 3884 Propitius
294 3811 367 3874 esto,

131 3897 282 3971 Propitius
294 3900 367 3963 esto,

131 3990 180 4047 Ab
193 3986 274 4045 omni
290 3983 367 4041 malo

133 4078 181 4135 Ab
196 4075 241 4132 ira
255 4079 307 4130 tua

134 4169 160 4223 Α
175 4167 271 4221 morte
286 4164 427 4235 perpetua

135 4257 162 4313 Α
174 4253 260 4311 clade
273 4256 302 4308 et
318 4253 398 4323 peste

137 4345 196 4402 Per
208 4340 390 4398 nativitatem
404 4339 487 4392 tuam

728 3370 779 3409 ora
793 3370 845 3426 pro
861 3351 946 3409 nobis

641 3889 734 3946 libera
749 3905 812 3957 nos,
828 3887 950 3944 Domine

643 3978 813 4045 liberaum,
829 3976 951 4034 Domine

643 4244 736 4301 libera
750 4261 814 4312 noe,
831 4242 954 4301 Domine

713 1053 764 1092 ora
780 1051 831 1107 pro
844 1030 939 1088 nohis.

712 1142 763 1181 ora
777 1139 829 1196 pro
844 1119 940 1177 nohis.

714 1230 766 1269 ora
779 1228 831 1284 pro
847 1209 940 1265 nohis,

712 1318 763 1357 ore
779 1315 830 1374 pro
847 1298 940 1354 nohis.

712 1407 763 1446 ora
778 1405 830 1463 pro
847 1384 942 1442 nohis.

715 1475 944 1550 orapronohis.

853 1568 944 1621 orate.

717 1674 768 1713 ora
784 1672 835 1728 pro
851 1652 945 1710 nohis.

719 1764 770 1802 ora
783 1762 835 1819 pro
852 1741 945 1799 nohis.
966 1741 1040 1845 Bsd
1054 1741 1221 1799 Dominum.
1233 1743 1349 1800 Gratias
1364 1760 1487 1816 agamus
1502 1745 1627 1803 Domino
1642 1746 1702 1803 Deo
1716 1750 1826 1804 nostro.

715 1852 766 1892 ora
781 1852 833 1907 pro
850 1832 947 1888 nobis·
1005 1831 1130 1905 Dignum
1145 1832 1297 1904 stjuetum
1308 1837 1362 1890 est.
1374 1832 1447 1890 Vere
1461 1834 1584 1908 dignum
1600 1840 1629 1892 el
1639 1835 1757 1908 justum
1771 1839 1828 1905 eet,

718 1942 769 1982 ora
783 1940 835 1996 pro
850 1920 946 1978 nohis.

717 2030 767 2070 ora
784 2029 835 2086 pro
852 2009 947 2067 nohis.

609 2088 614 2095 ¹
718 2099 947 2176 orapronohis.

720 2209 772 2249 ora
787 2208 838 2264 pro
853 2189 948 2246 nohis.

721 2297 838 2354 orapro
854 2280 948 2337 nohis.

692 2376 772 2428 orate
787 2387 840 2444 pro
856 2369 950 2427 nobis.

723 2478 774 2517 ora
788 2477 839 2534 pro
855 2459 949 2516 nohis.

724 2546 951 2621 orapronobis.

723 2656 774 2695 ora
789 2636 952 2712 pronobis.

722 2725 952 2800 orapronohis.

727 2834 778 2874 ora
793 2833 845 2890 pro
857 2815 953 2872 nobis.

697 2911 777 2962 orate
792 2922 843 2979 pro
859 2903 953 2960 nobis.

126 3009 238 3067 Omnes
252 3003 344 3063 sancti
356 2998 491 3058 monachi
502 2997 679 3064 eleremita,
696 3000 776 3052 orate
791 3012 844 3068 pro
859 2993 954 3050 nohis.

726 3103 776 3143 ora
792 3101 844 3159 pro
859 3082 954 3140 nohis.

724 3173 953 3259 orapronohis.

727 3261 955 3337 orapronohis.

729 3459 780 3498 ora
795 3459 847 3516 pro
862 3441 957 3498 nohis.

730 3549 782 3589 ora
794 3548 846 3605 pro
862 3530 957 3587 nobis.

700 3626 781 3678 crate
794 3638 846 3694 pro
863 3619 960 3677 nobis.

700 3716 781 3767 orale
796 3727 848 3784 pro
863 3708 958 3764 nohis.

613 3817 699 3874 parce
714 3799 808 3867 nohis,
826 3797 960 3854 Domine.

642 4067 734 4123 libere
748 4083 813 4132 nos,
829 4066 961 4123 Domine.

646 4155 737 4212 lihera
750 4172 815 4227 nos,
831 4155 963 4212 Domine.

644 4334 737 4391 libera
751 4350 816 4402 noe,
832 4332 965 4391 Domine.

138 4433 195 4490 Per
204 4444 321 4486 crucem
332 4431 361 4483 et
370 4423 537 4498 passionem
548 4427 629 4479 tuam
645 4422 737 4479 libera
751 4440 816 4491 nos,
833 4424 966 4480 Domine.

757 274 863 339 cauo
886 266 1162 334 anrvlslta‘rls.
1753 268 1812 331 ott
1874 320 1877 331 .

705 428 756 467 ora
771 426 822 482 pro
839 402 933 464 nobis.
950 403 1028 476 gul
1041 401 1181 460 exercitui
1205 400 1432 461 christianorum
1456 402 1581 462 salutem
1606 409 1636 463 et
1656 406 1813 465 sanitatem

704 518 756 557 ora
771 515 822 572 pro
838 495 933 553 nohis.

697 607 760 657 ‚ora
773 604 824 661 pro
839 585 935 642 nobis.

708 696 758 735 ora
773 693 825 750 pro
841 673 935 731 nohis.

708 785 759 824 ore
774 782 826 838 pro
842 762 937 820 nohis.

108 877 220 935 Omnes
234 867 327 928 sancti
341 864 436 940 angeli
447 869 475 920 el
485 859 663 935 archangeli,
679 862 760 914 crate
775 872 826 928 pro
843 852 937 995 nobps.

848 959 899 998 ora
913 957 938 996 e.

1026 498 1113 567 atque
1127 490 1278 549 victoriam
1294 492 1395 560 dones,
1469 498 1498 549 tc
1514 495 1738 568 rogamus,audi
1749 513 1813 552 nos.

991 583 1028 641 Ul
1040 583 1149 639 fontem
1165 582 1256 640 istum
1272 581 1443 640 benedicere
1467 587 1496 639 el
1520 599 1690 640 consecrare
1715 583 1815 657 digne·

1028 670 1080 743 ris,
1470 677 1497 728 te
1508 688 1657 746 rogamus,
1667 672 1736 728 audi
1751 689 1815 730 nos.

992 765 1093 837 Agnus
1109 762 1227 834 Dei,qui
1243 761 1322 819 tollis
1337 766 1454 834 peccata
1465 763 1668 835 mundi,perce
1681 762 1817 830 nohis‚D.

993 854 1094 927 Agnus
1110 850 1230 924 Dei,qui
1244 850 1324 908 tollis
1339 858 1457 924 peccata
1471 852 1695 915 mundiexaudi
1713 852 1817 920 nos,D.

993 943 1095 1016 Agnus
1106 939 1221 1013 Dei,qui
1231 939 1310 997 tollis
1325 944 1444 1013 peccate
1457 941 1712 1010 mandi,miserere
1724 941 1819 999 nobie.

1031 1030 1143 1087 Christo
1159 1030 1227 1086 audi
1242 1047 1306 1087 noe.
1324 1031 1410 1103 Kyrie
1424 1030 1544 1088 eleison.
1562 1030 1675 1088 Christe
1698 1031 1819 1089 eleison.

1033 1125 1100 1177 Moe
1125 1119 1249 1177 sacerdos
1272 1120 1363 1176 dicem
1393 1120 1535 1177 Dominus
1562 1120 1725 1187 vobiscum,
1750 1121 1822 1193 qaod

995 1211 1074 1283 priua
1084 1208 1324 1282 nunquamdicere
1335 1209 1421 1277 debet,
1429 1212 1500 1266 tanc
1508 1219 1663 1283 sequentem
1671 1212 1823 1268 orationem

998 1300 1070 1368 tecm
1083 1315 1165 1370 saper
1178 1298 1430 1371 [memoremus.
1443 1299 1634 1372 Omnipotens
1644 1298 1823 1372 sempiterne

999 1386 1085 1451 Deus,
1102 1388 1202 1444 adesto
1231 1404 1343 1461 magns
1368 1389 1487 1460 pietatis
1509 1392 1565 1445 luae
1594 1389 1754 1463 mysteriis,
1766 1393 1821 1446 eto.

999 1478 1076 1533 llaec
1089 1477 1215 1548 ‹leimeps
1237 1476 1450 1534 benedictiorem
1471 1477 1594 1535 sacerdos
1616 1479 1736 1535 canendo
1759 1496 1822 1551 pre»

999 1569 1072 1639 serat
1081 1565 1165 1637 jacta
1179 1566 1342 1622 canonicam
1355 1567 1555 1624 crebritatem.
1569 1567 1710 1623 [lominus
1732 1567 1826 1623 vohis

1001 1671 1080 1711 oum.
1095 1655 1130 1710 ht
1145 1671 1212 1709 cum
1229 1653 1340 1727 Spiritu
1353 1659 1414 1711 tuo.
1430 1656 1556 1713 Sursum
1572 1657 1659 1713 corda
1681 1657 1826 1714 habemas

1002 1937 1119 1994 aquam
1135 1924 1164 1976 et
1178 1919 1383 1978 salutareNos
1395 1921 1449 1979 tihi
1461 1939 1578 1999 semper
1595 1928 1624 1981 st
1643 1925 1751 1998 ubique
1760 1941 1829 1998 gre·

1002 2007 1059 2066 tias
1075 2025 1170 2082 agere,
1180 2009 1299 2066 Domine
1309 2015 1409 2066 sancte
1420 2011 1504 2069 Pater
1518 2014 1705 2087 omnipotens
1722 2018 1829 2071 aeterne

1004 2098 1090 2155 Deus.
1098 2098 1151 2166 Qui
1162 2097 1301 2155 invisibili
1312 2100 1698 2172 potentiasacrsmentorum
1709 2107 1828 2160 tuorum

1005 2186 1314 2259 mirabiliteroperaris
1324 2189 1501 2256 effectumet
1513 2190 1581 2248 licet
1590 2209 1644 2249 nos
1654 2193 1744 2250 tantis
1753 2209 1829 2266 mys·

1004 2275 1830 2356 teriisexsequendissimusindigni,tulemengratietua

1005 2366 1083 2422 dona
1093 2382 1148 2421 non
1156 2365 1387 2423 deserensetiam
1400 2368 1437 2424 ad
1449 2373 1763 2444 nostraspreceseures
1772 2375 1830 2427 tua

1006 2454 1122 2528 pietatis
1139 2453 1272 2511 inclines.
1289 2454 1367 2512 Deus
1382 2457 1468 2528 eujus
1483 2458 1611 2530 Spiritus
1626 2476 1716 2532 super
1733 2462 1832 2533 'muas

1006 2543 1724 2618 interipsamundiprimordisterebatur,eto.llic
1732 2566 1835 2622 apuam

1006 2650 1092 2689 mona
1116 2642 1210 2706 tangat
1234 2637 1265 2690 io
1278 2635 1389 2692 modam
1400 2637 1561 2704 eructatiui
1578 2637 1653 2695 bauo
1664 2655 1773 2712 aquam
1789 2655 1833 2696 re·

1007 2721 1194 2796 generandis,
1205 2728 1260 2780 eta.
1274 2725 1325 2782 llic
1342 2741 1428 2782 mana
1443 2733 1536 2800 tangat
1551 2737 1581 2784 at
1593 2745 1688 2801 supro.
1705 2727 1750 2784 Sit
1772 2727 1834 2784 haec

1008 2815 1111 2868 sancta
1126 2815 1154 2868 et
1165 2811 1306 2870 innocens
1322 2818 1456 2871 creatura
1470 2815 1562 2875 libere
1575 2818 1613 2874 ah
1632 2816 1714 2876 omni
1736 2818 1834 2891 impa-

1009 2899 1834 2981 gnatorisincursu‚ettotiusnequitiepurgatadieoessu.

1010 2987 1055 3047 Sil
1066 2988 1131 3045 lons
1143 2988 1235 3058 vivus,
1246 3006 1322 3063 aqua
1337 3008 1521 3066 regenerans,
1534 2997 1613 3052 unda
1623 2996 1792 3070 purificans,
1804 2999 1838 3051 ut

1011 3094 1114 3135 omnes
1129 3077 1184 3135 hoc
1198 3078 1311 3138 lavacro
1326 3081 1477 3140 salutifero
1492 3082 1635 3152 diluendi,
1652 3089 1791 3159 operante
1807 3084 1837 3141 in

971 3144 992 3212 C
1010 3166 1167 3241 cisSpiritu
1177 3171 1613 3247 sancto,perlectapurgationis
1623 3173 1838 3248 indulgentiam

1011 3258 1404 3329 consequantur.Undehcne
1414 3262 1501 3326 ldico
1510 3266 1839 3336 te‚creatureaque,per

1011 3345 1105 3402 Deum
1115 3345 1223 3409 vivum,
1233 3364 1285 3420 per
1295 3348 1388 3405 Deum
1399 3351 1604 3423 sanctum‚qui
1615 3355 1643 3407 te
1654 3351 1684 3407 in
1694 3348 1838 3423 principio

1012 3434 1100 3490 verbo
1111 3436 1257 3507 separavit
1267 3437 1303 3491 ab
1312 3437 1409 3493 arida:
1420 3438 1470 3509 qui
1481 3443 1508 3494 tc
1516 3440 1552 3496 de
1562 3439 1698 3512 paradiso
1708 3455 1839 3506 manem,

1014 3522 1062 3578 ilie
1072 3539 1175 3595 aquam
1190 3525 1220 3578 in
1235 3533 1354 3596 quotam
1367 3542 1452 3582 arona
1475 3527 1567 3584 divale
1582 3530 1648 3593 ital
1666 3531 1695 3583 et
1718 3527 1748 3583 iu
1770 3544 1841 3599 qua·

1013 3617 1081 3666 tuor
1094 3610 1276 3677 fluminibus,
1293 3619 1348 3669 etc.
1362 3615 1411 3670 llic
1425 3623 1499 3672 mata
1522 3618 1624 3673 condet
1647 3632 1746 3684 comm,
1761 3631 1842 3689 quast

1014 3700 1140 3757 lectiones
1164 3701 1248 3773 boas.
1265 3702 1331 3760 llas
1354 3703 1440 3760 nobis
1461 3709 1616 3777 precepta,
1631 3708 1686 3762 etc.
1702 3705 1752 3762 Hic
1772 3720 1843 3778 poue

1014 3805 1121 3846 ceream
1136 3789 1276 3847 ardentem
1291 3794 1322 3848 ia
1335 3802 1484 3864 canumet
1498 3795 1632 3852 inclinato
1645 3800 1843 3866 reperientem

1015 3878 1060 3935 die
1074 3881 1158 3935 istam
1173 3881 1296 3951 verbam,
1311 3881 1472 3941 Descendat
1486 3883 1515 3940 in
1531 3884 1608 3942 hanc
1630 3882 1844 3957 plenitudinem

1016 3968 1203 4028 lontievirtus
1210 3970 1336 4044 Spiritus
1342 3971 1576 4033 sanearouaec
1583 3978 1845 4050 imasltampersor·

1018 4067 1071 4115 um
1086 4061 1175 4117 tribas
1189 4062 1296 4118 vicibus
1308 4064 1337 4118 ia
1351 4064 1425 4121 tanc
1438 4064 1549 4123 modam
1566 4070 1594 4116 Ψ
1607 4070 1636 4122 et
1649 4069 1740 4122 totam
1754 4065 1846 4138 hujus

1019 4166 1101 4221 aqua
1118 4151 1315 4208 substantiam
1336 4154 1527 4227 regenerandi
1550 4154 1707 4213 secundent
1730 4157 1844 4213 ellectu.

1020 4238 1069 4294 llic
1082 4256 1158 4296 same
1171 4257 1278 4298 ceream
1292 4251 1372 4298 estro
1380 4260 1492 4316 aquom,
1507 4252 1533 4301 et
1545 4247 1598 4302 tata
1607 4261 1671 4318 qttae
1683 4254 1845 4317 mouentur,

1020 4331 1116 4385 atatim
1124 4328 1260 4401 subinfer.
1268 4330 1320 4387 llic
1330 4332 1462 4388 omnium
1474 4338 1658 4404 peecatorum
1667 4332 1788 4389 macule
1799 4333 1847 4390 de·

1021 4417 1147 4486 leantur,
1156 4424 1210 4476 cto.
1223 4421 1271 4476 tlte
1285 4437 1358 4494 opaa
1372 4421 1511 4478 benedicta
1525 4429 1684 4494 aspergatur
1694 4437 1777 4494 snper
1790 4423 1846 4478 cir-

139 4521 196 4578 Per
210 4515 453 4575 resurrectionem
469 4518 499 4569 et
512 4512 715 4569 escensionem
730 4516 812 4568 tuam
864 4511 964 4568 libera.
983 4510 1005 4576 Ι)
1019 4516 1183 4566 coenatoriae
1196 4516 1223 4566 et
1236 4512 1391 4582 qabaaqoa
1414 4511 1500 4566 velim
1520 4518 1632 4567 sornam
1653 4519 1733 4568 extro
1757 4527 1848 4584 caper·

140 4610 197 4666 Per
210 4607 368 4666 adventum
384 4601 511 4675 Spiritus
526 4601 621 4658 sancti
637 4600 770 4674 paracliti

140 4700 174 4755 ln
188 4695 236 4753 die
247 4693 364 4768 judicii,

140 4786 320 4850 Peccatores,

140 4874 178 4932 llt
193 4888 295 4946 pacem
310 4868 396 4927 nohis
411 4869 513 4937 dones,

864 4601 966 4659 libera.

650 4691 743 4747 libera
756 4708 821 4757 nos,
836 4690 968 4747 Domine.

612 4784 641 4835 te
655 4794 804 4852 rogamus,
821 4779 889 4834 audi
904 4795 968 4836 nos.

610 4872 639 4924 te
654 4883 803 4941 rogamus,
819 4867 888 4923 audi
903 4884 968 4926 nos.

141 4963 180 5022 lit
193 4961 351 5019 sanitatem
368 4959 453 5016 nohis
468 4957 571 5022 dones,
609 4961 638 5014 te
652 4972 802 5030 rogamus,
819 4955 888 5012 audi
905 4973 969 5014 nos.

142 5052 181 5111 Ut
190 5051 317 5108 fructum
325 5053 408 5106 terra
418 5047 503 5105 nobis
512 5047 613 5114 donee,
625 5051 654 5104 lc
663 5060 812 5119 rogamus,
822 5045 893 5101 audi
905 5062 970 5102 nos.

142 5140 180 5198 llt
188 5140 268 5196 acris
278 5137 449 5212 temperiem
460 5138 568 5193 bonam
578 5135 663 5193 nohis
675 5135 810 5202 dones,te
822 5150 970 5208 rogamus.

142 5230 180 5287 llt
195 5226 349 5286 ecclesiam
364 5232 446 5283 tuam
462 5240 633 5282 conservare
650 5222 790 5297 digneris,
863 5228 891 5280 te
908 5240 971 5298 rog.

143 5318 181 5376 llt
196 5334 295 5392 regem
319 5320 453 5373 nostrum
479 5332 547 5371 cum
572 5313 656 5387 plebe
678 5328 849 5369 conservare
871 5312 972 5386 digne·

181 5406 234 5474 ris,
778 5407 806 5456 te
821 5417 971 5473 rogamus.

143 5494 182 5553 Ut
191 5495 236 5552 ele
245 5494 334 5551 vitam
347 5498 377 5549 et
384 5492 539 5549 sanitatem
551 5498 638 5565 atque
648 5489 799 5547 victoriam
816 5490 917 5559 dones,
933 5495 971 5546 te.

108 5648 112 5658 .
183 5602 222 5673 (3)
238 5600 449 5657 Desiderantur
458 5598 506 5654 hic
519 5596 655 5671 praemitti
666 5612 783 5668 semper
792 5595 883 5653 solite
895 5597 974 5653 ehre-

1022 4599 1142 4669 aendum
1156 4614 1207 4671 qvo
1222 4599 1315 4655 eelim.
1328 4600 1392 4656 Post
1405 4600 1465 4656 ltere
1476 4600 1569 4671 accipe
1582 4601 1703 4658 cirbma
1716 4617 1779 4658 mm
1791 4618 1849 4658 oae-

1023 4688 1137 4753 cato,·et
1158 4686 1244 4758 sande
1266 4687 1338 4742 illud
1360 4703 1392 4741 m
1414 4687 1525 4743 mortam
1544 4690 1634 4745 crucia
1656 4705 1739 4762 saper
1759 4691 1848 4761 ipsam

1023 4792 1124 4848 marm
1139 4776 1306 4847 baptismatis
1316 4777 1432 4832 invicem
1447 4778 1564 4833 miscens
1576 4780 1615 4834 ita
1628 4778 1740 4835 dicendo
1751 4797 1760 4833 r
1772 4777 1850 4834 Inlu-

1024 4865 1068 4921 sio
1083 4865 1251 4921 chrismatis
1266 4863 1381 4920 Domini
1397 4865 1488 4922 nostri
1503 4865 1572 4923 lesu
1583 4866 1689 4924 Christi
1702 4865 1848 4934 Parecliti,

1024 4953 1055 5010 in
1072 4953 1190 5010 nomine
1213 4958 1320 5010 sanctae
1334 4953 1496 5011 Trinitatis.
1512 4958 1615 5013 Amen.
1631 4959 1663 5013 lit
1676 4958 1732 5012 olto
1746 4955 1849 5011 moda:

1026 5042 1058 5098 ln
1074 5042 1192 5099 nomine
1208 5042 1302 5099 Patris
1315 5047 1344 5100 et
1358 5043 1424 5100 Filii
1439 5049 1467 5100 et
1481 5045 1608 5119 Spiritus
1617 5044 1710 5102 sanati
1722 5043 1850 5100 sanctiti-

1026 5136 1108 5187 cetur
1122 5135 1151 5188 et
1166 5131 1338 5188 fecundetur
1353 5132 1418 5190 lons
1434 5133 1497 5191 iste.
1509 5136 1612 5191 Amen.
1622 5134 1674 5190 iloc
1687 5140 1778 5190 autea
1787 5133 1850 5204 fini·

1026 5229 1052 5278 to
1064 5227 1268 5293 presentemur
1281 5224 1400 5293 insonus
1415 5223 1564 5279 madum
1586 5223 1710 5279 ordinem
1729 5230 1792 5278 ante
1805 5239 1849 5278 so·

1026 5309 1168 5377 emelotam,
1184 5312 1228 5367 tc
1240 5328 1359 5384 namque
1374 5314 1403 5367 ia
1419 5312 1540 5368 brachiis
1556 5312 1719 5378 tenentibus,
1735 5312 1784 5384 qai
1807 5327 1851 5368 eos

1026 5401 1061 5456 dc
1089 5400 1224 5471 baldamo
1251 5403 1404 5471 sasoeptari
1430 5407 1503 5456 sant.
1529 5401 1561 5456 ar
1590 5408 1648 5455 tam
1674 5400 1783 5456 demam
1807 5416 1852 5456 so-

1027 5489 1118 5545 cerdos
1134 5489 1259 5558 singulos
1281 5489 1435 5560 specialiter
1451 5490 1490 5560 (3)
1502 5491 1710 5561 prenominatis
1733 5492 1851 5546 interro·

1028 5612 1153 5669 rumque
1162 5595 1191 5651 in
1200 5595 1370 5666 hujusmodi
1381 5593 1533 5654 ordinibus
1544 5596 1712 5679 baptizandi
1723 5595 1854 5721 astipulo

148 5671 350 5730 nuntiationes
359 5672 484 5739 Satara,
495 5671 617 5743 ipsaque
629 5666 771 5740 professio
783 5668 861 5736 fidei,
874 5674 906 5724 ut
916 5667 975 5741 ple-
1029 5667 1130 5741 lingua
1142 5666 1244 5723 Latina
1259 5665 1374 5739 legitur.
1389 5666 1613 5727 Abrenunlietro
1627 5669 1688 5727 hac
1703 5667 1792 5725 diaho
1802 5666 1818 5721 i
1827 5669 1862 5719 et
