3878 6098
113 289 172 350 act
508 286 678 347 aureae.
699 286 750 345 at)
774 284 868 345 sAEu.
890 282 927 340 X.
943 313 984 325 -
1000 280 1252 343 lllttNUllllN'l'A
1274 280 1432 343 Ll'l'UllG.
1767 276 1828 337 868

112 426 159 480 cst
174 426 245 495 aput
258 424 287 479 te
301 421 421 478 domine
434 436 502 476 cum
518 417 655 492 spiritum
671 419 807 474 sanctam
822 415 878 489 (44)
894 430 942 470 re·
949 413 981 481 A
998 413 1205 486 eademque‘in
1219 418 1351 470 sanctam
1362 412 1523 470 trinitatem
1531 412 1624 468 triani
1634 414 1827 485 peteorrsratu

113 529 205 587 guum
229 510 442 585 sempiternum
458 512 599 583 perpetua
614 506 757 562 diuinitas
783 505 813 560 ia
837 502 945 561 sarcula
1000 503 1208 559 substantiam.
1221 506 1376 559 coaeterna
1390 507 1498 559 essent.
1509 504 1539 558 et
1552 512 1611 558 nou
1621 501 1750 557 discreta
1758 516 1827 555 con·

113 600 282 658 seculorum
297 616 384 656 amen
400 599 466 673 (45).
998 592 1107 648 cordia.
1119 591 1251 664 aequalis
1266 591 1407 666 potentia.
1419 590 1558 648 uoluntas
1568 591 1662 646 unita.
1674 591 1741 663 ipsa
1750 589 1829 662 n'pud

436 686 544 758 (tttssrt
562 686 624 755 Ill.)
998 697 1030 736 se
1045 694 1233 754 permanens.
1249 685 1316 737 ante
1336 684 1471 754 tempora
1489 679 1632 737 uniuersa
1644 676 1692 736 nel
1711 675 1831 735 menta

149 780 303 848 (mtteetio.)
310 777 547 849 omnipotentem
560 776 649 830 deum
665 774 696 829 in
711 770 874 829 trinitatem
886 771 942 840 (46)
997 769 1072 826 nibil
1083 769 1160 825 ultra
1171 786 1202 826 se
1215 768 1338 825 habeas.
1348 768 1423 825 nihil
1435 768 1513 826 intra
1521 786 1555 826 sc
1565 768 1713 825 useless.
1723 772 1830 823 cunda

114 865 292 925 uenerabilis
307 865 519 922 subsistentem
534 868 648 937 patrem
659 861 833 918 diuinitatis.
845 863 942 916 aucto·
997 858 1231 933 supereminens.
1248 864 1323 915 etse
1338 858 1453 915 canatis
1470 858 1640 927 infundens,
1657 856 1722 915 loca
1734 856 1828 912 eonti-

113 974 185 1025 rem,
204 955 298 1011 filiurn
313 968 381 1011 cum
402 958 515 1026 patrem
541 968 658 1025 semper
682 955 828 1008 extantem
842 947 943 1006 omnia
997 965 1080 1005 nens.
1096 953 1125 1003 et
1148 947 1220 1004 locis
1240 948 1392 1004 excedens.
1408 947 1520 1005 nullius
1535 950 1541 1018 (
1556 946 1704 1020 indigens.
1718 951 1750 1003 et
1761 956 1828 1002 om-

112 1042 232 1100 sacula.
246 1039 539 1098 consubstantialiter
549 1045 578 1097 et
592 1042 599 1110 )
615 1040 775 1114 aequaliter
790 1037 942 1095 dominan-
998 1037 1047 1093 nia
1061 1035 1222 1108 complens,
1239 1052 1374 1092 sermone
1396 1032 1563 1094 ineffabilis.
1581 1036 1696 1092 uirtute
1708 1035 1824 1091 efficax.

111 1137 181 1187 tem.
196 1132 300 1187 tratres
316 1129 464 1186 karissimi
480 1131 547 1202 (47).
559 1128 725 1186 dilectionis
735 1128 941 1200 plinitudinem
995 1126 1051 1182 etsi
1067 1142 1138 1182 uoce
1153 1142 1211 1182 uon
1226 1142 1318 1198 capax
1339 1125 1401 1182 solo
1421 1130 1565 1199 precepto
1589 1124 1748 1199 potentiae.
1764 1140 1828 1180 eae·

111 1219 330 1292 depraecemur.
345 1223 377 1274 nt
393 1218 493 1276 sinsus
508 1218 602 1274 nostri
616 1218 758 1275 terrensis
770 1216 883 1273 actibus
899 1232 942 1273 se·
996 1213 1058 1271 lum
1072 1219 1181 1271 terram
1196 1216 1292 1271 maria
1306 1232 1374 1271 cum
1399 1215 1463 1273 suis
1487 1214 1592 1271 formis
1614 1214 1644 1269 iu
1668 1212 1827 1287 generibus

110 1308 233 1380 gregati.
254 1306 297 1362 illi
325 1304 569 1379 inseparabiliter.
585 1306 767 1380 copolentur.
784 1324 802 1361 a
824 1321 882 1378 quo
910 1321 942 1360 sc
996 1305 1167 1377 procreasti.
1179 1305 1230 1361 scd
1243 1303 1665 1376 interreliquasonimaatium
1678 1307 1827 1359 creaturas

109 1394 297 1468 intellegunt.
310 1395 458 1468 scripisse
474 1396 552 1468 quod
569 1397 685 1452 uiuunt.
697 1399 726 1451 et
739 1410 808 1450 cum
823 1398 942 1450 auctore
995 1393 1270 1466 et(5(i)peculiarius
1281 1393 1370 1449 intua
1380 1392 1467 1449 laude
1476 1391 1826 1463 uiueriutttilbomiuem

111 1501 165 1541 suo
175 1483 409 1541 sebumiliando.
421 1501 504 1541 mens
513 1485 620 1541 deuota
628 1484 820 1541 subdederint
828 1498 943 1555 repara·
996 1482 1032 1537 att
1047 1481 1207 1556 imaginem
1220 1482 1250 1536 in
1261 1481 1484 1537 similitudinem
1501 1479 1826 1538 beatissimatriuitatis

110 1577 159 1629 tur
174 1575 274 1629 noster
292 1572 408 1628 exaltet.
425 1572 574 1629 inclinata.
592 1572 756 1629 maiestatis
778 1570 939 1645 potentiam
995 1570 1159 1628 condedisti
1181 1575 1214 1628 ut
1238 1571 1410 1628 conlocatus
1437 1570 1469 1627 in
1498 1571 1646 1627 suauitate
1673 1570 1824 1644 pandam

109 1670 188 1734 quoe
202 1661 337 1717 redemit.
352 1677 382 1734 p.
395 1661 425 1717 d.
676 1696 679 1701 -
994 1659 1121 1715 creaturi
1135 1659 1280 1727 seruiens,
1291 1658 1435 1715 creaturis
1452 1658 1574 1732 reliquis
1593 1657 1763 1732 imperabit.
1777 1659 1824 1729 tet

150 1750 372 1823 (einnonem.)
386 1748 464 1806 Deus
479 1749 530 1822 qai
545 1749 869 1806 exuberantemtoatem
886 1747 940 1804 mi·
995 1746 1049 1803 tibi
1065 1747 1191 1804 fideliter
1213 1747 1382 1805 famolando
1395 1745 1512 1804 haberit
1529 1748 1559 1803 iu
1575 1746 1644 1804 aliis
1665 1747 1823 1821 generibus

110 1839 236 1895 sericor-
252 1840 257 1909 (
273 1838 348 1895 dise.
364 1839 467 1895 tardus
482 1839 518 1895 ad
534 1838 665 1896 uindicta
680 1839 747 1912 (te).
762 1837 893 1894 celeriter
903 1832 952 1893 sd'
994 1836 1245 1894 dominatum.sed
1259 1835 1820 1910 culpatumpraeuarecattoaeadmisss.

110 1927 239 1984 ueniam.
256 1941 345 1999 quom
369 1929 556 1998 pcccatorum
580 1931 748 1984 nostmrum
773 1943 831 1982 noa
856 1925 938 1999 ignu-
994 1925 1112 1983 bomine
1132 1926 1319 1999 proiectode
1334 1925 1393 1981 vita
1414 1926 1559 1999 paradissi
1584 1925 1821 1984 successitmors

109 2015 204 2071 rantia
224 2018 353 2071 reuocat.
370 2015 421 2072 sed
444 2015 587 2088 patientia
611 2015 771 2072 clementer
794 2018 938 2088 expectat.
993 2015 1029 2071 de
1045 2032 1147 2089 poena.
1159 2020 1281 2088 peceati.
1293 2019 1322 2072 et
1336 2015 1447 2072 iacebat
1462 2015 1491 2070 in
1504 2015 1643 2083 tenebris,
1655 2019 1726 2071 tuac
1740 2014 1820 2072 lucis.

109 2103 273 2178 propielosu
284 2103 365 2175 a(l9)
374 2103 459 2161 nobis
469 2109 496 2161 te
508 2103 638 2178 indulge.
648 2102 840 2160 intellectam.
849 2101 938 2175 dilige
993 2103 1075 2159 iussa
1094 2108 1294 2160 contemnens.
1307 2103 1385 2159 later
1398 2102 1453 2160 boo
1468 2102 1569 2160 nullus
1582 2108 1656 2160 eret.
1668 2103 1721 2177 qul
1740 2120 1822 2161 caeco

109 2191 250 2249 dilectum
271 2192 592 2263 inrepraehinsibiliter.
609 2192 735 2248 emitari.
757 2197 789 2248 ut
803 2191 937 2248 uitantis.
992 2191 1093 2248 lumen
1108 2192 1281 2248 ostenderit.
1292 2195 1504 2265 postramanuu
1513 2190 1819 2267 (etiperregeritffl).

108 2281 160 2352 qni
172 2280 316 2335 morimur
325 2277 616 2338 ualeamusaceidire
624 2282 682 2354 (56)
701 2286 728 2337 te
748 2281 868 2353 praeuio
879 2296 938 2353 quo
992 2280 1066 2338 exuli
1082 2281 1207 2354 patriam
1223 2281 1360 2339 redderit.
1373 2279 1489 2355 sepulto
1502 2279 1580 2337 uitae
1595 2292 1723 2338 manen
1737 2280 1820 2337 mior-

109 2370 258 2425 uiuamus.
276 2385 305 2441 p.
323 2368 352 2425 d.
371 2354 432 2425 Ηιῖἰ.
993 2369 1091 2427 marii.
1108 2374 1140 2426 tn
1155 2374 1254 2426 autom
1270 2369 1395 2427 climens
1413 2374 1442 2427 et
1464 2369 1597 2426 eonditor
1611 2370 1722 2427 conde-
1738 2372 1746 2440 Ι
1760 2369 1819 2426 lens

46 2509 49 2512 Α
144 2457 608 2530 (postcommuil’ropicietorcm
629 2458 738 2515 nastris
757 2457 935 2515 iecinoribus
992 2463 1043 2515 tua
1058 2458 1171 2515 bomini
1185 2457 1397 2531 praeualuisse.
1409 2457 1526 2531 eulpam
1541 2458 1664 2532 peceati,
1676 2462 1711 2515 ut
1725 2459 1819 2515 iuee'ns

110 2545 216 2602 iratres
230 2544 428 2603 amentissimi
445 2562 531 2602 uene-
546 2549 551 2615 )
567 2546 699 2603 rabiliter
713 2547 856 2621 supplicis
870 2564 936 2604 eso·
992 2548 1131 2620 potuissit
1144 2547 1226 2621 erigi.
1244 2548 1281 2605 ad
1295 2546 1380 2605 illum
1402 2546 1544 2604 inclinata
1560 2547 1695 2620 potentia
1707 2546 1817 2604 646666-

110 2651 219 2691 remus.
233 2638 265 2690 ut
281 2633 408 2692 recitatis
424 2635 594 2693 nominibus
609 2635 812 2692 detunctorum
823 2637 881 2706 (51)
895 2636 938 2692 di·
990 2636 1070 2694 disti.
1082 2637 1112 2692 ia
1128 2634 1183 2693 hoc
1202 2635 1281 2692 enim
1305 2650 1459 2709 personatu
1471 2637 1528 2708 (61)
1543 2635 1689 2709 unigeniti
1704 2636 1748 2693 fili
1765 2635 1817 2693 aa·

108 2727 234 2798 guanter
244 2737 367 2780 munera
382 2723 518 2796 respiciat
532 2724 718 2790 offerentum,
734 2729 766 2780 at
780 2742 840 2782 sue
856 2729 935 2797 pote·
991 2726 1142 2797 monetet)
1152 2725 1248 2781 carnis
1264 2724 1401 2781 absoluit.
1409 2731 1438 2783 et
1448 2725 1525 2798 quoti
1537 2724 1728 2798 omnipotens
1740 2725 1818 2781 dedit

109 2812 195 2868 statis
210 2811 473 2870 sanctificationem
490 2814 547 2885 (52)
562 2812 675 2887 largita.
692 2812 777 2869 baec
801 2813 936 2870 o-blatlo
992 2832 1044 2888 per
1053 2813 1324 2888 pietatemhumtlis
1334 2812 1817 2888 marmauittormtadgttardigac

110 2900 143 2955 in
158 2885 221 2973 Χῖῖἷ
236 2917 384 2975 corpore
397 2903 431 2956 et
449 2917 574 2957 cruore
592 2918 765 2959 conuersa
785 2903 934 2976 proviciat,
991 2904 1127 2976 proferat.
1140 2904 1219 2975 quod
1241 2902 1373 2976 indiguis
1387 2902 1537 2975 praestetit
1555 2902 1674 2959 divine·
1692 2903 1816 2961 clemen-

109 2988 255 3045 delunctis
265 2990 302 3045 ad
312 2989 443 3062 requiem
456 2989 517 3045 ilat.
530 2990 720 3046 offerentibus
730 2990 765 3046 nd
778 2992 935 3049 mercidem
990 2992 1058 3049 tiae.
1072 2998 1100 3047 et
1115 2993 1201 3049 deum
1227 2991 1448 3049 admirabiliter.
1465 2992 1601 3048 uniretur
1623 2992 1774 3049 divinitas.
1789 2996 1816 3048 et

108 3077 231 3135 maniat.
248 3077 435 3134 sarientibus
450 3078 486 3133 ad
502 3077 640 3143 saluum,
657 3095 684 3151 p.
702 3080 731 3134 d.
749 3066 809 3137 nm‘.
989 3079 1103 3136 bomini
1118 3097 1170 3152 per
1184 3078 1239 3136 deo
1253 3080 1407 3136 trebuetur
1420 3078 1578 3136 aeternitas
1590 3079 1661 3152 (63),
1676 3081 1724 3137 eui
1739 3094 1795 3139 me.

145 3165 191 3236 (att
202 3166 400 3240 pacemllleus
420 3166 598 3222 uniuersalis
613 3171 751 3224 creature
766 3158 971 3227 dominaturi}
1026 3167 1218 3241 (contestatio.)
1232 3169 1359 3242 Dignum
1374 3173 1419 3225 est
1432 3169 1544 3227 iustum
1559 3174 1614 3224 est.
1627 3182 1699 3226 uere
1708 3186 1813 3243 maura

107 3255 165 3324 (53)
180 3259 210 3311 et
224 3255 369 3313 conditur.
385 3271 472 3328 quem
488 3270 649 3327 agnuscere
663 3255 713 3312 lux
727 3262 781 3315 est.
798 3265 827 3315 et
841 3259 935 3317 colere
989 3263 1018 3315 et
1032 3259 1143 3315 iustum
1155 3262 1209 3314 est.
1221 3261 1250 3314 et
1259 3261 1394 3314 sanetum
1402 3262 1456 3315 cst.
1469 3273 1523 3314 nos
1533 3256 1586 3315 uei
1598 3258 1712 3330 gratiss
1722 3275 1814 3333 agere.

108 3342 189 3399 salus
206 3346 211 3414 (
227 3342 393 3400 desiderare
409 3360 516 3399 corona
540 3348 594 3400 est.
611 3345 760 3418 suscipere
785 3347 935 3403 bumilita-
989 3347 1108 3405 domine
1137 3351 1238 3405 sanate
1264 3351 1347 3420 pater
1378 3347 1567 3420 omnipotens
1583 3351 1706 3405 aeterne
1733 3348 1812 3407 dene.

108 3432 148 3490 tis
167 3437 285 3490 nostrae
308 3432 444 3489 libenter.
461 3437 490 3489 et
504 3433 619 3489 tribuae
634 3434 776 3492 diuinatis
800 3440 867 3494 tuae
891 3438 934 3492 di·
990 3453 1123 3510 praecem
1140 3437 1260 3493 tundere
1275 3440 1302 3493 te
1316 3435 1460 3493 confetiri.
1477 3436 1507 3492 ia
1526 3435 1587 3493 tuis
1601 3435 1744 3494 leudibus
1756 3435 1814 3511 glo·

108 3525 232 3594 gnanter
246 3520 371 3579 indulta.
389 3522 488 3595 utqui
504 3522 621 3579 munira
641 3522 684 3578 tui
707 3523 826 3581 bonoris
840 3525 934 3581 alleri·
990 3526 1069 3581 riari.
1087 3527 1137 3598 qui
1167 3542 1284 3601 omnem
1309 3526 1365 3597 (64)
1390 3525 1525 3582 uerbum.
1550 3522 1636 3583 ialtcs
1665 3526 1815 3599 sapientia.

109 3628 185 3668 mue.
198 3610 301 3685 culpae
325 3615 442 3668 nostrae
464 3611 563 3667 debita
587 3628 645 3668 non
669 3610 799 3669 lusurus.
814 3615 935 3687 dcprae·
990 3614 1135 3687 sapientia
1150 3613 1282 3689 disponis
1306 3615 1456 3671 uirtutem.
1470 3614 1526 3688 (65)
1540 3614 1714 3683 massennes,
1735 3614 1816 3673 ratio·

109 3704 208 3756 cantes
223 3704 255 3756 ut
266 3700 445 3773 quicumque
456 3701 626 3774 junguntur
636 3700 673 3756 ad
684 3701 829 3758 osculum.
841 3703 937 3777 magis
991 3720 1059 3759 nem
1082 3703 1246 3775 dispensas,
1262 3704 1350 3777 digne
1375 3703 1465 3777 igitur
1488 3719 1522 3759 ac
1544 3702 1632 3759 iuste.
1651 3708 1679 3759 te
1703 3702 1816 3760 laudare

108 3788 276 3862 inlegentur
289 3790 346 3863 (54)
362 3789 468 3845 affeetu
494 3790 796 3862 wasaliacenses
822 3797 937 3865 pectore
991 3808 1079 3866 quern
1095 3791 1192 3848 omnis
1206 3791 1302 3865 angeli
1314 3790 1518 3859 cumlaudant,
1528 3796 1559 3848 et
1568 3796 1650 3849 astra
1666 3791 1815 3862 mirantur,

109 3878 186 3949 quod
202 3895 252 3934 ore
267 3879 424 3950 protertur.
441 3895 470 3951 p.
485 3894 514 3950 q.
531 3877 551 3934 l.
567 3878 632 3934 Xm.
991 3881 1085 3939 maria
1095 3880 1143 3936 be·
1158 3883 1163 3951 )
1180 3881 1329 3948 nedicunt,
1341 3885 1418 3937 terra
1431 3885 1598 3939 ueneratur.
1608 3881 1758 3938 ininferna
1765 3882 1814 3954 (scr

145 3965 334 4039 (senectutis.)
349 3966 476 4040 Dignum
497 3969 524 4022 et
545 3965 658 4023 iustam
673 3971 728 4025 est.
744 3986 813 4027 uere
827 3987 936 4044 equum
991 3969 1169 4043 suscipiunt¹
1181 3968 1226 4025 cui
1239 3968 1402 4042 cyruphym
1412 3973 1442 4025 et
1451 3968 1609 4043 seraphym
1623 3986 1684 4029 uon
1694 3975 1812 4027 cessam

109 4057 138 4109 et
152 4053 263 4109 iustum
277 4056 332 4110 est.
348 4071 402 4111 nas
425 4054 479 4111 tibi
503 4055 614 4127 gratias
639 4072 725 4129 agere
739 4058 935 4132 omnipotens.
992 4058 1119 4114 clamare
1134 4057 1264 4115 dicentes
1282 4073 1288 4112 :
1362 4062 1365 4071 “

109 4145 225 4198 aeterne
239 4143 321 4209 deus,
339 4144 344 4212 (
361 4147 443 4215 pater
466 4142 615 4216 unigenite
630 4145 752 4217 spiritus
776 4153 886 4204 sancte.
903 4166 937 4206 ex
1028 4149 1099 4220 (post
1112 4144 1244 4207 sanctus-l
1261 4146 1435 4203 Benedictus
1459 4148 1575 4204 denset
1594 4146 1733 4205 clementi
1754 4162 1807 4221 pm·

110 4235 191 4305 patre
206 4235 235 4288 et
256 4229 315 4287 filio
336 4231 460 4305 mystice
474 4232 668 4303 processione.
685 4233 861 4295 sabsIstens.
878 4256 937 4296 una
992 4237 1097 4312 posito.
1111 4252 1163 4309 pro
1183 4235 1429 4307 crudiendistiii).
1442 4234 1632 4293 mortalitatis
1655 4238 1759 4294 nostre
1772 4234 1805 4291 la·

146 4384 203 4455 (44)
219 4385 293 4440 Loco
308 4381 437 4440 ablativi.
953 4395 976 4460 Β
1028 4390 1085 4458 (54)
1101 4388 1256 4460 illigentur.

144 4457 201 4527 (45)
216 4456 281 4511 Hoc
296 4456 388 4512 missa
403 4471 461 4511 non
476 4458 521 4511 est
535 4455 659 4528 integra,
671 4474 740 4514 nam
753 4458 861 4517 desunt
875 4478 938 4518 ora·
1028 4460 1074 4533 (55
1102 4460 1228 4517 Teneone.

109 4526 205 4583 tiones
220 4531 287 4600 post
301 4527 562 4585 consecrationem.
578 4527 731 4601 Duplicem
746 4547 833 4603 porro
849 4532 937 4590 habet
1038 4533 1074 4588 56
1101 4532 1142 4589 tn.

110 4597 310 4671 praelationem
325 4598 400 4655 sicut
414 4602 443 4655 ct
457 4596 520 4655 alie
536 4600 787 4671 exsequentibus.
1026 4536 1082 4695 {572
1101 4602 1211 4659 l'iveret.

145 4669 200 4739 (46)
212 4668 264 4723 llic
280 4667 378 4741 plures
389 4669 546 4726 accusativi
558 4669 620 4727 loco
631 4669 749 4728 ablativi
762 4678 934 4756 sequuntur.
1026 4676 1072 4743 (58
1098 4673 1205 4745 cnlpae.

145 4741 200 4809 (47)
218 4739 362 4796 lucadius
383 4740 475 4798 babeo
489 4742 555 4803 ῖῑῑ,
571 4741 622 4798 llic
643 4741 810 4816 alloquenda
831 4746 936 4802 modus
1026 4745 1072 4816 (59
1097 4746 1235 4801 Prostrotc
1249 4761 1376 4800 amanam.

110 4811 140 4866 in
156 4809 216 4866 anti
240 4808 372 4868 nissimie
387 4811 628 4870 Sacramentariis
643 4818 672 4872 et
686 4808 865 4872 Humiliariis
880 4817 934 4874 ba·
1026 4817 1071 4888 (60
1097 4816 1265 4885 Porrigeret.

109 4882 205 4938 betur.
219 4826 265 4936 lt.
282 4876 393 4938 Mabill.
411 4884 471 4950 190,
486 4884 551 4954 204,
571 4884 634 4941 283.
652 4884 770 4944 Missale
789 4887 934 4945 l'rancuta
1025 4886 1082 4959 (61)
1099 4889 1229 4943 Persona.

109 4953 216 5026 sepius
232 4953 357 5010 turmula
378 4953 551 5011 dilectissimi
571 4959 671 5028 [rauca
696 4958 797 5027 utitur,
815 4975 878 5041 qua
894 4960 935 5016 ta·
1024 4960 1073 5027 (62
1099 4964 1249 5017 Hatnoaae.

109 5041 176 5081 men
191 5027 221 5081 et
240 5024 270 5108 {a
293 5024 402 5106 nostris
424 5024 524 5108 missis
547 5027 683 5083 occurrit.
700 5026 856 5111 Itpitapbra
878 5031 933 5088 lto·
1025 4979 1083 5101 (63)
1096 5027 1248 5102 lJJ'usmodi
1260 5028 1417 5096 orationes,
1431 5026 1542 5100 quaeda
1553 5025 1702 5087 crusticae
1716 5023 1802 5102 aciat

109 5106 198 5153 mena
212 5101 303 5153 ettam.
325 5094 471 5154 serrbendt
489 5096 575 5154 modo
590 5096 646 5153 hoc
665 5096 826 5157 karissimus
849 5106 936 5158 utun·
989 5100 1128 5169 bominis,
1146 5103 1264 5175 peccato
1279 5099 1347 5155 ilde
1362 5116 1397 5156 ae
1418 5097 1620 5172 redemptione
1634 5090 1768 5169 traebat.
1779 5107 1801 5146 1¹¹

109 5167 328 5233 tur‚etestbic
343 5166 447 5242 siglas,
481 5184 551 5224 uem
566 5166 844 5244 dieuntlapidaris.
988 5172 1116 5246 liturgiis
1132 5168 1324 5228 Orientalium
1351 5174 1418 5226 ante
1442 5168 1625 5229 consecratio
1717 5165 1803 5227 crebri

156 5238 202 5308 te)
217 5237 378 5296 Vindictam.
395 5185 483 5298 Deesz
496 5238 722 5298 abbreviationis
736 5242 865 5315 signam.
989 5245 1184 5317 reperiuntur.
1202 5242 1245 5298 ct.
1263 5241 1387 5298 Coasttt.
1411 5244 1506 5324 apost.
1520 5258 1572 5312 vat,
1588 5185 1804 5371 651Ξῶὶυῖ

1596 5330 1617 5371 u

157 5306 201 5377 49)
217 5308 310 5366 Locus
326 5326 419 5384 usque
435 5310 524 5366 finem
540 5317 705 5385 corruptas.
990 5314 1027 5371 Co
1049 5319 1070 5370 t.
1087 5315 1117 5371 S.
1133 5310 1245 5380 Basilii,
1266 5312 1295 5369 S.
1313 5311 1444 5387 Gregorii
1457 5318 1488 5370 et
1500 5306 1540 5369 al.
1555 5328 1595 5389 ep

156 5382 192 5435 50
218 5381 356 5437 Accedere.
1029 5332 1084 5458 (64)
1101 5385 1194 5441 Omne.

145 5451 186 5517 (54
217 5452 293 5508 llab.
304 5454 366 5522 218,
378 5455 521 5510 annianus
531 5455 602 5511 serie
612 5455 699 5511 retain
712 5455 910 5529 darsrnretorara.
1026 5462 1083 5525 (65)
1102 5459 1214 5523 t'irtate,
1232 5455 1309 5512 sient
1323 5460 1426 5529 pastea
1439 5457 1555 5513 aratione.

157 5521 203 5666 523
218 5523 292 5579 Loco
307 5523 435 5582 ablativi.
1024 5531 1082 5675 (66(
1098 5528 1237 5584 nandum
1253 5527 1443 5585 amanuensis
1457 5543 1510 5602 pre
1525 5528 1651 5603 inferna.

156 5591 192 5649 53
216 5593 384 5654 dominator.
1025 5601 1071 5680 (67
1096 5597 1289 5660 decimandis.
