3878 6098
17 282 21 308 '
129 292 204 355 tabl
522 291 691 353 APPDND.
715 291 766 352 AD
789 290 884 353 SAEG.
906 290 944 351 X.
960 284 1261 355 -MONUMEN'I’A
1285 290 1443 356 LITURG.
1759 291 1838 353 libi

163 425 232 479 dero
260 424 389 495 exceptio
405 424 534 495 corporis
558 424 589 478 S.
625 422 870 480 bleranensis,
891 423 956 496 Gry·
971 424 998 491 A
1047 423 1112 479 dam
1135 424 1258 481 liorirines
1281 425 1353 497 apud
1377 426 1547 481 Crerreriuam
1569 442 1631 480 eain
1655 425 1789 481 uroribus
1813 428 1839 480 et

163 513 240 569 santi
257 513 543 586 nau-tyris.Senoncs
560 510 676 568 Paterni
692 512 841 584 uzartpris.

1046 514 1114 582 filiis
1130 515 1196 569 stris.

200 611 274 668 Obiit
288 611 415 683 Atdaltas
440 612 587 682 episeopus,
617 611 666 682 qui
691 611 812 665 instituit
835 611 886 665 tae
913 609 959 666 die
1012 604 1050 655 Xl
1064 601 1393 661 KalendasDeccmbris.
1408 601 1790 668 Natalebeatissimiliufin,
1804 601 1840 658 de

162 702 194 757 de
208 717 258 756 suo
271 701 404 771 hospitate
418 698 552 769 [ratribus
565 701 741 769 resectionem
751 701 920 772 preparari.

126 799 215 854 Xthl
231 797 376 853 Kalendas
395 795 659 867 DecembriaApud
677 795 831 853 Trachiam
842 795 957 853 civitate

163 884 304 941 Heraclea
312 884 409 941 natale
420 889 589 943 sanctorum
599 888 760 958 martyrum
769 884 955 951 Clementini,

162 972 315 1039 Theodoti,
338 972 508 1030 Philomini.
536 972 620 1044 Apud
647 973 854 1030 Alexandriam
879 972 955 1029 beati

162 1061 329 1134 Serapionis
352 1061 508 1119 clarissimi
532 1061 682 1134 martyris.
703 1067 734 1118 ln
760 1061 895 1119 Laadicia
919 1065 950 1119 S.

160 1149 305 1207 Anatholii
322 1150 461 1223 episcopi.

197 1240 271 1296 Obiit
285 1240 360 1309 Falto
375 1241 454 1295 abba.

128 1328 202 1384 xva
219 1328 280 1384 Kal.
298 1328 476 1384 Decembris.
493 1328 637 1385 Natales.
654 1328 755 1386 Felicis
771 1328 899 1402 episcopi
925 1333 954 1385 et

164 1418 301 1491 martyria
317 1435 383 1474 curn
398 1418 462 1473 aliis
477 1436 533 1474 xxx
548 1418 637 1474 simul
660 1418 867 1492 martyrizatis.
888 1424 953 1491 lpso

161 1508 208 1564 die
223 1511 250 1561 S.
267 1506 398 1580 liugand,
422 1508 472 1576 qui
488 1508 564 1579 apud
591 1524 698 1580 pagum
725 1507 952 1564 parisiacensem

1047 707 1105 762 quo
1120 690 1269 763 apostolus
1285 691 1393 748 Paulus
1404 692 1441 748 ad
1456 692 1603 748 Romanos
1613 692 1717 749 scribit
1732 709 1739 748 :
1759 691 1839 755 Sata·

1046 787 1100 836 tate
1122 782 1227 853 dutum
1251 782 1364 838 electum
1387 785 1414 837 et
1436 789 1553 838 matrem
1565 784 1623 856 ejas
1638 786 1665 837 et
1688 797 1791 838 meam
1808 783 1839 836 ln

1045 868 1198 926 Antiochia
1212 874 1381 927 sanctorum
1401 869 1512 941 Basilii,
1529 875 1558 928 et
1571 869 1678 927 Auxilii
1691 875 1721 928 et
1735 868 1837 943 Zephi-

1045 975 1112 1014 rrnr.
1496 990 1500 997 ·

1081 1045 1155 1102 Obiit
1169 1046 1294 1115 Otardus,
1319 1050 1369 1120 pai
1391 1048 1464 1105 dedit
1484 1049 1619 1122 fratribus
1635 1057 1749 1122 propter
1761 1065 1838 1105 arao·

1044 1152 1101 1190 rem
1124 1138 1175 1192 Dei
1196 1146 1223 1192 et
1245 1138 1433 1193 remissionem
1458 1142 1631 1210 peccatoram
1653 1154 1768 1194 saiorum
1796 1155 1837 1194 res

1043 1227 1159 1296 opiinus·
1170 1227 1344 1298 proprietatis
1367 1243 1419 1281 sae
1441 1228 1471 1282 iu
1494 1229 1626 1283 comitata
1654 1228 1835 1293 Tornotreasi,

1043 1314 1074 1367 ia
1090 1314 1156 1369 uitta
1169 1331 1230 1386 aaa
1243 1314 1347 1370 dieitur
1360 1314 1502 1381 italorum,
1519 1319 1546 1370 et
1569 1317 1599 1370 iu
1613 1317 1835 1386 circumiacenti-

1044 1402 1092 1457 bas
1107 1402 1181 1468 toris,
1196 1420 1259 1458 cum
1271 1404 1457 1470 uuuinitibus,
1473 1405 1571 1470 uineis,
1587 1407 1691 1477 sarapis
1705 1413 1732 1460 et
1750 1404 1837 1460 ‹iorni-

1044 1491 1101 1547 bas.

160 1604 366 1653 consummato
383 1596 514 1668 inartyrii
529 1613 617 1654 cursu
635 1596 725 1652 beate
743 1595 889 1668 passionis
905 1613 952 1652 co·
1006 1581 1032 1632 X
1047 1578 1190 1636 Kfllflssdbs
1214 1579 1395 1639 membris·
1416 1582 1513 1638 R⁰¹¹¹ffl
1538 1586 1567 1638 S·
1582 1581 1694 1639 &⁰1¹5ae
1714 1582 1838 1656 νῙΐῐὲῑῐῑῑθ

161 1700 263 1741 ronam
280 1685 408 1757 percepit
423 1702 440 1740 a
455 1683 592 1741 Domino.

1042 1673 1070 1724 et
1084 1669 1234 1742 martyris.
1255 1674 1338 1737 ltem,
1351 1669 1448 1727 llomae
1464 1672 1559 1727 sancti
1575 1671 1670 1728 Mauri
1685 1673 1834 1746 martyris.

197 1773 270 1831 Obiit
301 1773 465 1829 Wattberias
493 1774 632 1831 Senecam
666 1774 893 1845 arelsiepiscopus,
928 1779 991 1858 etp
1042 1756 1073 1813 1¹¹
1089 1757 1219 1815 Cfflsssslffl
1233 1758 1329 1819 flabile
1343 1763 1371 1814 S·
1388 1759 1509 1833 1⁴⁰¹¹ssl¹¹l
1526 1760 1629 1817 militis
1645 1762 1834 1835 eimardus,

161 1865 307 1920 Gratianus
320 1863 400 1918 abba.

126 1953 186 2008 XVl
201 1951 344 2009 Kalendas
360 1951 682 2026 Decembrisbugduno
697 1949 797 2007 Gallia
809 1950 946 2009 natales.

160 2042 293 2098 Eucherii
307 2040 485 2097 admirandae
502 2040 579 2109 fidei,
591 2041 654 2096 vitre
680 2046 709 2097 et
733 2040 869 2096 doetrinae
884 2039 967 2095 viri..

160 2137 191 2187 ln
207 2130 305 2186 At'rica
320 2131 372 2201 SS,
389 2130 482 2197 Nerei,
501 2130 593 2197 Pauli,
608 2129 741 2185 Adriani.

1042 1845 1091 1917 qui
1107 1845 1185 1902 latus
1200 1846 1317 1902 Domini
1333 1847 1433 1904 lancea
1447 1848 1615 1920 perforavit.

1077 1935 1149 1992 Obiit
1170 1936 1343 1992 Christianus
1365 1938 1578 2011 episcopusque
1599 1939 1674 1996 dem
1698 1941 1834 2010 [ratribus

1038 2024 1146 2080 Albaris
1168 2025 1265 2080 aritiam
1278 2024 1313 2080 od
1335 2027 1382 2081 sui
1403 2042 1565 2082 numeriam
1586 2027 1754 2099 facimrdam.
1774 2030 1834 2100 lpse

1037 2112 1083 2168 die
1096 2114 1165 2169 obiit
1181 2115 1309 2170 Clemens
1323 2117 1412 2171 omisis
1425 2117 1571 2186 sapientia
1585 2118 1645 2172 tuce
1659 2132 1815 2172 coruscans.

124 2220 171 2276 XV
188 2219 331 2277 Kalendas
351 2218 485 2275 Decemb.
505 2218 589 2290 Apud
612 2217 818 2274 Alexandriam
834 2221 865 2273 Β.
882 2218 949 2274 Dio·
1003 2203 1041 2255 ¹x
1064 2199 1310 2258 Kahoefflmbsis·
1339 2202 1441 2258 Nfltale
1464 2202 1497 2260 S·
1517 2202 1677 2260 Clementis
1703 2221 1785 2277 Pap&
1805 2210 1835 2261 02

159 2310 233 2382 npsii
249 2308 376 2381 episcopi
393 2324 504 2380 magnae
520 2306 684 2363 sanctitatis
697 2306 763 2363 viri.
776 2307 861 2379 Apud
871 2306 950 2362 Ponu

158 2405 222 2456 tum
230 2396 325 2453 natale
340 2395 417 2451 beati
434 2395 947 2468 GregoriiNecessariensisepiscopi
987 2417 990 2421 ·

159 2492 187 2543 et
200 2483 521 2559 martyrialiarelianis
535 2489 566 2540 S.
585 2483 689 2540 Anioni
701 2483 830 2557 episcopi
841 2489 869 2540 et
882 2501 948 2540 con-

157 2575 276 2631 tessoris
291 2574 377 2645 cujus
392 2576 515 2628 mortem
531 2572 560 2628 in
576 2577 733 2644 conspectu
758 2572 873 2628 Domini
891 2573 945 2628 mi-

158 2663 257 2720 racula
271 2662 372 2719 crebra
394 2665 552 2717 testantur.
574 2661 681 2717 Eodem
697 2661 743 2716 die
757 2659 898 2728 Cordule),
915 2661 944 2717 in

157 2753 305 2825 Hispaniis
319 2755 487 2808 sanctorum
503 2755 666 2823 martyrum
680 2749 786 2806 Aciseli
806 2755 835 2806 et
849 2749 944 2805 Victo-

156 2843 215 2910 ria,
240 2842 289 2898 ubi
313 2841 351 2897 ob
372 2839 655 2897 commendationem
680 2839 812 2912 pretiosae
840 2839 944 2895 mertis

1038 2290 1190 2364 martyris.
1210 2290 1319 2346 Eodem
1335 2292 1382 2347 die
1393 2291 1490 2348 natale
1505 2297 1535 2348 S.
1557 2292 1719 2349 Felicitatis
1730 2294 1833 2350 matris

1037 2384 1148 2451 septem
1165 2377 1293 2434 filiorum
1303 2384 1554 2453 martyrum‚quos
1562 2381 1731 2439 Antoninus
1739 2381 1831 2455 impc-

1037 2471 1115 2523 rator
1131 2467 1223 2539 jussit
1246 2468 1368 2524 diversis
1391 2469 1544 2542 suppliciis
1574 2470 1712 2538 intarirc;
1739 2476 1832 2529 mater

1035 2572 1102 2612 vero
1121 2573 1222 2612 eorum
1239 2555 1397 2613 novissime
1412 2557 1551 2616 decollata
1567 2564 1612 2615 est
1628 2576 1681 2632 pro
1696 2559 1824 2618 Christo.

1035 2649 1066 2700 ln
1081 2644 1165 2700 ltalia
1179 2644 1355 2700 monasterio
1372 2645 1460 2702 lichia
1476 2646 1572 2703 natale
1596 2649 1692 2703 sancti
1713 2646 1827 2704 Colum·

1034 2733 1119 2789 banis
1135 2732 1294 2789 abbatisln
1306 2749 1381 2805 pago
1395 2733 1522 2791 Asbunio
1538 2735 1633 2792 natale
1644 2737 1826 2793 &trudonis

1034 2821 1194 2894 presbyteri
1209 2826 1238 2878 et
1252 2822 1437 2879 contessoris.

156 2948 257 2988 eorum
272 2931 373 2987 eodem
385 2928 431 2985 die
442 2945 515 2985 rosia
525 2934 593 2984 ortas
604 2928 743 2984 divinitus
753 2927 942 3001 colliguntur.
999 2910 1065 2967 Vlll
1080 2909 1226 2968 Kalendis
1240 2910 1422 2968 Dss⁰⁰¹¹¹bli⁵³=
1436 2913 1534 2968 R⁰mffl
1548 2913 1644 2970 male
1658 2917 1826 2971 mmmmm

156 3019 282 3077 Turonis
305 3017 399 3077 sancti
424 3017 553 3090 Gregorii
581 3016 708 3090 episcopi
734 3015 942 3074 miraculorum

68 3130 71 3135 ·
155 3108 285 3166 sartoris.

191 3207 264 3264 Obiit
278 3207 341 3262 blilo
355 3207 501 3261 rationibus
513 3221 584 3277 puer
596 3213 622 3260 et
636 3206 786 3276 arcipibus,
802 3207 851 3277 pui
868 3205 941 3262 dedit

154 3298 287 3369 fratribus
301 3298 331 3351 ia
345 3296 466 3353 ‚tirnaio
480 3311 615 3368 arpennos
628 3297 772 3351 vinearum
781 3311 830 3351 xv.

121 3394 184 3452 KlV
199 3396 344 3452 Kalendas
360 3393 541 3451 Decembris.
561 3393 721 3450 Antiochiae
735 3392 832 3449 natale
844 3393 942 3449 slte-

153 3485 233 3539 mani
248 3482 384 3539 monaehi
400 3485 430 3538 et
444 3481 593 3555 martyris.
610 3481 718 3538 Eodem
732 3481 780 3536 die
794 3481 824 3536 in
839 3481 941 3537 eadem

152 3574 224 3631 urbe
238 3571 335 3628 natale
350 3573 382 3628 S.
402 3571 496 3645 Sychii
514 3571 662 3644 martyris.
680 3569 941 3626 Autissioderodc·

152 3661 259 3723 dicatio
274 3660 399 3717 basiliere
410 3665 440 3717 S.
461 3659 598 3716 Germani
613 3659 741 3731 episcopi
765 3676 832 3714 curn
856 3675 941 3733 supc-

152 3750 280 3806 rioribus
295 3749 419 3821 cruptis.
440 3749 547 3803 Eodem
573 3748 620 3802 die
646 3747 798 3803 translatio
813 3749 941 3821 corporis

151 3840 227 3897 beati
242 3834 485 3911 prothomartyris
500 3835 637 3907 Stephani
662 3853 679 3892 a
702 3835 891 3910 ierosolymis
911 3838 940 3894 in

153 3927 333 3985 Bizantium.

118 4015 183 4071 Klll
198 4014 343 4072 Kalendas
357 4014 537 4071 Decembris.
556 4015 653 4070 lienam
668 4015 714 4071 via
728 4015 821 4089 Appia
845 4017 941 4074 natale

151 4107 182 4159 S.
204 4101 321 4159 Maximi
334 4102 495 4175 presbyteri
509 4107 537 4159 et
552 4105 701 4178 martyris.

115 4193 200 4267 Apud
227 4191 370 4247 Viennam
405 4197 573 4249 sanctorum
607 4198 768 4268 martyrum
801 4198 939 4266 Severini,

151 4280 286 4354 Exuperii
302 4285 331 4337 et
347 4280 496 4338 Felicinni.
517 4281 622 4338 Eodem
638 4283 685 4339 die
696 4288 732 4340 8.·
747 4285 846 4343 Fausti
863 4305 938 4343 mar-

148 4370 234 4444 tyris.
254 4371 459 4444 Angustiduno
473 4370 569 4426 natale
581 4375 611 4427 S.
629 4372 758 4445 Simplici
775 4375 902 4449 episcopi
913 4382 941 4434 et

150 4459 299 4533 martyris.
320 4465 387 4532 lpea
401 4460 449 4515 die
464 4461 542 4516 beati
558 4461 682 4534 Crispini
703 4464 851 4536 martyris.
868 4470 938 4523 llam

151 4549 250 4604 Roma
264 4547 370 4604 Gelasii
381 4566 475 4622 papa.

186 4653 259 4709 Obiit
281 4655 441 4711 lantbertus
463 4658 613 4731 presbyter,
638 4659 687 4731 qui
713 4658 787 4715 dedit
808 4662 940 4734 [ratribus

149 4743 258 4799 ateium
273 4759 352 4798 saara
368 4745 397 4798 io
412 4746 555 4820 tattoque
573 4747 676 4804 dicitur
701 4748 831 4816 Stabulis,
846 4760 873 4808 et
887 4754 939 4809 ibi-

150 4833 210 4888 dem
245 4833 276 4886 ia
303 4833 560 4904 circumjacentibus
597 4837 671 4892 loeis.
712 4838 941 4912 lambantredus

147 4921 289 4995 presbyter
316 4923 393 4988 abiit,
422 4924 471 4994 qai
492 4924 565 4980 dedit
591 4927 725 4997 tratribus
740 4928 941 5000 patrimonium

147 5026 225 5066 saara
240 5012 271 5065 in
287 5012 354 5067 ailla
370 5012 506 5069 Gratiam.

114 5115 167 5172 Kll
182 5117 326 5175 Kalendas
341 5118 521 5178 Decembris.
549 5119 645 5176 Romen
670 5123 766 5180 natale
790 5128 820 5181 S.
846 5126 941 5184 Pontii

148 5212 266 5278 papeet
280 5211 428 5283 martyris.
445 5210 529 5284 Apud
544 5208 674 5266 Siciliam
685 5211 943 5273 civitateMessana

149 5299 319 5352 sanctorum
358 5298 480 5371 Ampelii
505 5303 532 5355 et
556 5298 631 5356 Gaii.
650 5300 733 5370 Apud
765 5301 941 5362 aaviltonem

150 5385 180 5440 S.
201 5384 330 5443 silvestri
347 5387 476 5461 episcopi
492 5393 521 5444 et
534 5386 720 5444 contessoris.

185 5489 258 5548 Obiit
282 5498 369 5553 lterus
387 5495 420 5552 de
439 5498 533 5563 Porta,
549 5497 598 5570 pai
614 5511 665 5569 pro
687 5495 833 5553 obtinersda
844 5513 939 5571 peeca-

155 5577 244 5638 torum
263 5598 377 5646 ruorum
400 5588 481 5644 uenia
501 5586 574 5646 dedit
600 5586 739 5647 caamicis
762 5585 791 5647 S.
806 5587 941 5666 Stephani

1033 3004 1194 3073 martyrum
1210 2999 1351 3072 Crpsogni
1366 3004 1395 3056 et
1418 3000 1624 3058 crescentiani.
1642 3001 1745 3060 Castro
1761 3001 1824 3058 lila-

1031 3088 1077 3145 via
1091 3093 1121 3145 S.
1153 3086 1276 3145 Romani
1291 3089 1452 3162 presbyteri
1476 3093 1505 3147 et
1528 3090 1718 3157 contessoris,
1740 3092 1825 3164 cnjus

1032 3177 1197 3234 sanctitatis
1213 3177 1391 3249 preconium
1407 3177 1616 3235 miraculorum
1628 3178 1724 3252 gloria
1735 3178 1826 3236 decla·

1031 3265 1214 3322 rat.Givitate
1224 3265 1359 3321 Corduba
1368 3270 1536 3323 sanctarum
1548 3267 1699 3340 virginum
1717 3268 1821 3325 Florae

1030 3359 1059 3410 et
1074 3353 1249 3426 Mariamque
1264 3360 1330 3428 post
1345 3353 1499 3412 diuturnos
1514 3371 1657 3426 carceres,
1675 3373 1729 3429 pro
1744 3357 1821 3413 Chri·

1031 3447 1076 3500 sto
1091 3442 1187 3517 gladio
1204 3443 1364 3499 interemta
1379 3447 1463 3500 sunt.

1066 3533 1139 3589 Obiit
1150 3533 1288 3589 llictarius
1304 3533 1382 3590 boare
1396 3535 1547 3600 memorie,
1563 3535 1611 3607 pai
1630 3533 1706 3590 dedit
1728 3535 1823 3607 fretm-

1031 3623 1080 3679 bas
1102 3624 1159 3678 sais
1179 3623 1209 3677 iu
1231 3622 1349 3678 circuita
1371 3623 1490 3678 ciuitatis
1513 3624 1607 3678 uineas
1629 3623 1823 3696 adquisitionis

1030 3728 1098 3770 sace.
1122 3711 1222 3768 liudem
1247 3710 1292 3766 die
1318 3712 1542 3767 ariaiaersariam
1560 3713 1669 3768 Attenia
1687 3714 1822 3781 canonici,

1030 3804 1079 3876 qui
1092 3801 1167 3858 dedit
1179 3798 1314 3872 fratribus
1329 3817 1382 3856 xxx
1398 3801 1494 3867 libras,
1518 3817 1606 3857 seruas
1632 3802 1721 3857 etiam
1736 3806 1763 3858 et
1776 3819 1823 3856 nu·

1030 3892 1120 3958 cittas,
1142 3905 1276 3963 arpennos
1299 3905 1404 3962 quoque
1427 3892 1572 3946 uinearum
1595 3894 1650 3945 tres
1669 3891 1702 3944 in
1716 3894 1822 3949 bicate-

1031 3987 1115 4048 tenso,
1137 3995 1241 4036 aaaron
1266 3995 1344 4035 areas
1358 3995 1418 4052 pase
1441 3988 1504 4036 sunt
1523 3979 1609 4052 juxta
1636 3980 1665 4035 S.
1692 3979 1824 4051 Stephani

1029 4072 1175 4145 capeliam,
1191 4074 1218 4125 et
1241 4085 1336 4125 aream
1359 4084 1445 4124 anam
1463 4073 1526 4125 unte
1548 4069 1658 4124 atomum
1671 4084 1824 4141 pauperum

1029 4164 1121 4218 sitam.
1137 4159 1276 4230 Profectus
1289 4162 1328 4214 est
1341 4158 1549 4231 aauotymam,
1565 4165 1591 4213 et
1605 4158 1635 4212 iu
1660 4173 1693 4212 eo
1717 4159 1822 4222 itinere,

1031 4251 1135 4319 Christo
1148 4249 1306 4313 miserante,
1322 4246 1474 4318 (defunctus.

994 4340 1045 4397 Vll
1066 4337 1186 4395 Kalend.
1213 4334 1349 4391 ltecemb.
1366 4334 1467 4391 Natale
1489 4338 1517 4392 S.
1543 4334 1621 4390 Petri
1634 4332 1824 4391 Alexandrini

1030 4427 1158 4503 episcopi
1173 4429 1202 4482 et
1215 4425 1363 4497 martyris,
1379 4422 1455 4480 inter
1466 4423 1629 4498 precipuos
1645 4422 1822 4497 egregii,cui

956 4529 978 4594 1)
1030 4524 1095 4593 post
1114 4512 1400 4573 diversacertamina
1414 4530 1466 4585 pro
1491 4514 1547 4570 tide
1570 4512 1822 4586 Christi,quadam

1030 4612 1114 4665 nocte
1126 4602 1268 4661 inhabita
1280 4603 1420 4658 Dominus
1432 4602 1568 4675 apparuit
1578 4599 1822 4659 indutuscolobio

1030 4699 1107 4754 linea
1122 4692 1247 4751 candido
1268 4691 1368 4759 nimis,
1380 4691 1529 4749 conscisso
1550 4707 1704 4748 asummo
1733 4704 1823 4762 usque

1030 4789 1178 4853 deorsum,
1194 4786 1223 4837 et
1238 4780 1384 4836 ambabus
1396 4781 1532 4836 manibus
1547 4779 1749 4852 conjungebat
1758 4794 1822 4834 earn

1030 4877 1107 4933 circa
1121 4876 1224 4946 pectus
1240 4869 1469 4942 suum,quodam
1486 4869 1571 4924 modo
1587 4867 1761 4940 cooperiens
1772 4884 1822 4921 nu-

1030 4966 1150 5024 ditatem
1165 4976 1261 5026 suam,
1278 4962 1306 5013 et
1330 4957 1403 5014 dixit
1426 4958 1462 5013 ad
1486 4974 1553 5014 eum
1571 4973 1578 5011 :
1595 4954 1672 5021 Quid
1697 4960 1753 5025 est,
1769 4955 1823 5011 Do·

1032 5054 1121 5119 mine,
1138 5049 1217 5122 quod
1232 5047 1315 5103 video
1330 5050 1439 5102 vestem
1465 5050 1544 5102 tuam
1569 5044 1720 5102 scissam?
1735 5045 1769 5100 Et
1783 5059 1822 5099 re·

1032 5138 1152 5216 spondit
1168 5135 1309 5194 Dominus
1322 5151 1328 5191 :
1340 5133 1442 5191 Arrius
1452 5135 1506 5192 hoc
1518 5134 1596 5203 iecit,
1613 5133 1665 5207 qui
1682 5132 1823 5206 separarit

1032 5251 1049 5289 a
1064 5247 1110 5286 nre
1124 5224 1264 5301 populum
1278 5229 1480 5297 comparatum
1491 5223 1635 5297 sanguina
1644 5220 1822 5280 meol’reci·

1031 5321 1079 5395 pio
1094 5319 1215 5374 nuncet
1230 5329 1335 5370 moneo
1359 5328 1396 5369 ne
1418 5313 1541 5386 recipias
1556 5329 1625 5370 eum
1642 5311 1674 5369 in
1694 5325 1820 5369 commu-

1032 5412 1128 5477 nione,
1144 5410 1203 5463 otc.
1225 5396 1306 5459 Pessi
1322 5405 1391 5459 sunt
1406 5406 1505 5458 autem
1520 5419 1590 5459 cum
1604 5418 1638 5459 eo
1654 5417 1690 5459 ex
1704 5400 1818 5475 Egypto

1031 5495 1161 5576 episcopi
1176 5495 1235 5553 iere
1250 5507 1317 5549 cum
1329 5489 1442 5550 clericis
1456 5495 1485 5551 et
1498 5490 1580 5549 laicis
1596 5488 1730 5550 sexcenti
1743 5503 1817 5548 saxa·

1032 5590 1127 5668 ginta.
