<?xml version="1.0" encoding="UTF-8"?>
<!DOCTYPE html PUBLIC "-//W3C//DTD XHTML 1.0 Transitional//EN"
    "http://www.w3.org/TR/xhtml1/DTD/xhtml1-transitional.dtd">
<html xmlns="http://www.w3.org/1999/xhtml" xml:lang="en" lang="en">
 <head>
  <title>
</title>
<meta http-equiv="Content-Type" content="text/html;charset=utf-8" />
  <meta name='ocr-system' content='tesseract 3.04.00' />
  <meta name='ocr-capabilities' content='ocr_page ocr_carea ocr_par ocr_line ocrx_word'/>
</head>
<body>
  <div class='ocr_page' id='page_1' title='image "./patrologiaecurs24unkngoog_0464.png"; bbox 0 0 3878 6098; ppageno 0'>
   <div class='ocr_carea' id='block_1_1' title="bbox 106 268 1817 345">
    <p class='ocr_par' dir='ltr' id='par_1_1' title="bbox 106 268 1817 345">
     <span class='ocr_line' id='line_1_1' title="bbox 106 268 1817 345; baseline -0.016 0"><span class='ocrx_word' id='word_1_1' title='bbox 106 281 167 345; x_wconf 75' lang='lat' dir='ltr'><strong>aar</strong></span> <span class='ocrx_word' id='word_1_2' title='bbox 779 271 899 336; x_wconf 76' lang='lat' dir='ltr'><strong>erosa</strong></span> <span class='ocrx_word' id='word_1_3' title='bbox 921 268 1150 333; x_wconf 77' lang='lat' dir='ltr'><strong>arsinoen.</strong></span> <span class='ocrx_word' id='word_1_4' title='bbox 1758 281 1817 344; x_wconf 68' lang='lat'><strong>922</strong></span> 
     </span>
    </p>
   </div>
   <div class='ocr_carea' id='block_1_2' title="bbox 107 402 1825 1739">
    <p class='ocr_par' dir='ltr' id='par_1_2' title="bbox 107 402 1817 576">
     <span class='ocr_line' id='line_1_2' title="bbox 108 402 1817 487; baseline -0.002 -12"><span class='ocrx_word' id='word_1_5' title='bbox 108 423 195 475; x_wconf 77' lang='lat' dir='ltr'><strong>nrum</strong></span> <span class='ocrx_word' id='word_1_6' title='bbox 210 419 266 483; x_wconf 87' lang='lat' dir='ltr'><strong>ost,</strong></span> <span class='ocrx_word' id='word_1_7' title='bbox 279 418 308 473; x_wconf 90' lang='lat' dir='ltr'><strong>et</strong></span> <span class='ocrx_word' id='word_1_8' title='bbox 321 429 373 487; x_wconf 89' lang='lat' dir='ltr'><strong>per</strong></span> <span class='ocrx_word' id='word_1_9' title='bbox 387 428 474 486; x_wconf 90' lang='lat' dir='ltr'><strong>quem</strong></span> <span class='ocrx_word' id='word_1_10' title='bbox 490 407 590 467; x_wconf 88' lang='lat' dir='ltr'><strong>omnia</strong></span> <span class='ocrx_word' id='word_1_11' title='bbox 603 406 695 465; x_wconf 76' lang='lat' dir='ltr'><strong>fecisti</strong></span> <span class='ocrx_word' id='word_1_12' title='bbox 710 407 873 465; x_wconf 89' lang='lat' dir='ltr'><strong>secundum</strong></span> <span class='ocrx_word' id='word_1_13' title='bbox 890 422 937 462; x_wconf 80' lang='grc' dir='ltr'><strong>νο·</strong></span> <span class='ocrx_word' id='word_1_14' title='bbox 953 407 980 473; x_wconf 74' lang='grc' dir='ltr'><strong>Α</strong></span> <span class='ocrx_word' id='word_1_15' title='bbox 995 403 1083 461; x_wconf 89' lang='lat' dir='ltr'><strong>nibus</strong></span> <span class='ocrx_word' id='word_1_16' title='bbox 1098 402 1221 477; x_wconf 88' lang='lat' dir='ltr'><strong>illisqui</strong></span> <span class='ocrx_word' id='word_1_17' title='bbox 1243 404 1327 462; x_wconf 88' lang='lat' dir='ltr'><strong>nobis</strong></span> <span class='ocrx_word' id='word_1_18' title='bbox 1351 404 1567 482; x_wconf 71' lang='lat' dir='ltr'><strong>eleemosynam</strong></span> <span class='ocrx_word' id='word_1_19' title='bbox 1595 412 1771 483; x_wconf 85' lang='lat' dir='ltr'><strong>tribuerunt,</strong></span> <span class='ocrx_word' id='word_1_20' title='bbox 1788 416 1817 475; x_wconf 92' lang='lat' dir='ltr'><strong>in</strong></span> 
     </span>
     <span class='ocr_line' id='line_1_3' title="bbox 107 492 1817 576; baseline 0.006 -25"><span class='ocrx_word' id='word_1_21' title='bbox 107 506 255 564; x_wconf 55' lang='lat' dir='ltr'><strong>lunesto„</strong></span> <span class='ocrx_word' id='word_1_22' title='bbox 268 509 361 560; x_wconf 74' lang='lat' dir='ltr'><strong>tuom,</strong></span> <span class='ocrx_word' id='word_1_23' title='bbox 994 493 1174 566; x_wconf 86' lang='lat' dir='ltr'><strong>sedejndicii</strong></span> <span class='ocrx_word' id='word_1_24' title='bbox 1186 493 1229 550; x_wconf 89' lang='lat' dir='ltr'><strong>tui</strong></span> <span class='ocrx_word' id='word_1_25' title='bbox 1241 492 1321 551; x_wconf 91' lang='lat' dir='ltr'><strong>mitis</strong></span> <span class='ocrx_word' id='word_1_26' title='bbox 1331 495 1372 552; x_wconf 87' lang='lat' dir='ltr'><strong>sis</strong></span> <span class='ocrx_word' id='word_1_27' title='bbox 1382 496 1817 576; x_wconf 83' lang='lat' dir='ltr'><strong>etplacidua.bibera,l)omino‚</strong></span> 
     </span>
    </p>

    <p class='ocr_par' dir='ltr' id='par_1_3' title="bbox 107 581 1825 1739">
     <span class='ocr_line' id='line_1_4' title="bbox 145 581 1819 658; baseline 0.001 -5"><span class='ocrx_word' id='word_1_28' title='bbox 145 598 283 653; x_wconf 85' lang='lat' dir='ltr'><strong>Diaconos</strong></span> <span class='ocrx_word' id='word_1_29' title='bbox 297 593 365 649; x_wconf 87' lang='lat' dir='ltr'><strong>dicit</strong></span> <span class='ocrx_word' id='word_1_30' title='bbox 380 610 389 647; x_wconf 93' lang='lat'><em>:</em></span> <span class='ocrx_word' id='word_1_31' title='bbox 405 591 458 647; x_wconf 88' lang='lat' dir='ltr'><strong>Per</strong></span> <span class='ocrx_word' id='word_1_32' title='bbox 476 590 595 646; x_wconf 89' lang='lat' dir='ltr'><strong>beatum</strong></span> <span class='ocrx_word' id='word_1_33' title='bbox 610 592 639 643; x_wconf 89' lang='lat' dir='ltr'><strong>et</strong></span> <span class='ocrx_word' id='word_1_34' title='bbox 653 591 787 643; x_wconf 85' lang='lat' dir='ltr'><strong>sanctum</strong></span> <span class='ocrx_word' id='word_1_35' title='bbox 815 584 938 658; x_wconf 84' lang='lat' dir='ltr'><strong>patriar·</strong></span> <span class='ocrx_word' id='word_1_36' title='bbox 994 583 1032 638; x_wconf 90' lang='lat' dir='ltr'><strong>ob</strong></span> <span class='ocrx_word' id='word_1_37' title='bbox 1046 581 1265 639; x_wconf 78' lang='lat' dir='ltr'><strong>multitudinem</strong></span> <span class='ocrx_word' id='word_1_38' title='bbox 1280 584 1488 644; x_wconf 80' lang='lat' dir='ltr'><strong>misericordie</strong></span> <span class='ocrx_word' id='word_1_39' title='bbox 1503 591 1570 658; x_wconf 83' lang='lat' dir='ltr'><strong>tue,</strong></span> <span class='ocrx_word' id='word_1_40' title='bbox 1586 606 1689 650; x_wconf 89' lang='lat' dir='ltr'><strong>omnes</strong></span> <span class='ocrx_word' id='word_1_41' title='bbox 1704 594 1819 654; x_wconf 87' lang='lat' dir='ltr'><strong>animas</strong></span> 
     </span>
     <span class='ocr_line' id='line_1_5' title="bbox 107 670 1820 756; baseline -0.001 -13"><span class='ocrx_word' id='word_1_42' title='bbox 107 685 197 743; x_wconf 60' lang='lat' dir='ltr'><strong>&amp;am</strong></span> <span class='ocrx_word' id='word_1_43' title='bbox 213 686 346 740; x_wconf 86' lang='lat' dir='ltr'><strong>nostrum</strong></span> <span class='ocrx_word' id='word_1_44' title='bbox 361 680 408 749; x_wconf 88' lang='lat' dir='ltr'><strong>N.‚</strong></span> <span class='ocrx_word' id='word_1_45' title='bbox 425 682 454 735; x_wconf 89' lang='lat' dir='ltr'><strong>et</strong></span> <span class='ocrx_word' id='word_1_46' title='bbox 475 695 527 751; x_wconf 91' lang='lat' dir='ltr'><strong>per</strong></span> <span class='ocrx_word' id='word_1_47' title='bbox 549 675 748 733; x_wconf 87' lang='lat' dir='ltr'><strong>venerandum</strong></span> <span class='ocrx_word' id='word_1_48' title='bbox 775 672 939 730; x_wconf 74' lang='lat' dir='ltr'><strong>antistitem</strong></span> <span class='ocrx_word' id='word_1_49' title='bbox 993 670 1096 744; x_wconf 91' lang='lat' dir='ltr'><strong>inopes</strong></span> <span class='ocrx_word' id='word_1_50' title='bbox 1117 676 1146 728; x_wconf 89' lang='lat' dir='ltr'><strong>et</strong></span> <span class='ocrx_word' id='word_1_51' title='bbox 1170 672 1304 741; x_wconf 84' lang='lat' dir='ltr'><strong>afflictas,</strong></span> <span class='ocrx_word' id='word_1_52' title='bbox 1316 680 1484 733; x_wconf 80' lang='lat' dir='ltr'><strong>carceratos</strong></span> <span class='ocrx_word' id='word_1_53' title='bbox 1498 691 1615 754; x_wconf 73' lang='lat' dir='ltr'><strong>quoqne</strong></span> <span class='ocrx_word' id='word_1_54' title='bbox 1637 684 1820 756; x_wconf 81' lang='lat' dir='ltr'><strong>acceptivas</strong></span> 
     </span>
     <span class='ocr_line' id='line_1_6' title="bbox 107 760 1821 842; baseline -0.001 -11"><span class='ocrx_word' id='word_1_55' title='bbox 107 777 246 831; x_wconf 86' lang='lat' dir='ltr'><strong>nastrum</strong></span> <span class='ocrx_word' id='word_1_56' title='bbox 266 771 314 837; x_wconf 83' lang='lat' dir='ltr'><strong>N.‚</strong></span> <span class='ocrx_word' id='word_1_57' title='bbox 331 768 462 842; x_wconf 88' lang='lat' dir='ltr'><strong>quisuis</strong></span> <span class='ocrx_word' id='word_1_58' title='bbox 487 763 668 823; x_wconf 86' lang='lat' dir='ltr'><strong>orationibus</strong></span> <span class='ocrx_word' id='word_1_59' title='bbox 684 768 713 821; x_wconf 86' lang='lat' dir='ltr'><strong>et</strong></span> <span class='ocrx_word' id='word_1_60' title='bbox 727 763 863 838; x_wconf 87' lang='lat' dir='ltr'><strong>precibus</strong></span> <span class='ocrx_word' id='word_1_61' title='bbox 875 761 939 818; x_wconf 91' lang='lat' dir='ltr'><strong>lau·</strong></span> <span class='ocrx_word' id='word_1_62' title='bbox 994 763 1024 817; x_wconf 87' lang='lat' dir='ltr'><strong>et</strong></span> <span class='ocrx_word' id='word_1_63' title='bbox 1037 760 1153 818; x_wconf 81' lang='lat' dir='ltr'><strong>exsules</strong></span> <span class='ocrx_word' id='word_1_64' title='bbox 1175 779 1209 818; x_wconf 88' lang='lat' dir='ltr'><strong>ao</strong></span> <span class='ocrx_word' id='word_1_65' title='bbox 1232 763 1261 819; x_wconf 92' lang='lat' dir='ltr'><strong>in</strong></span> <span class='ocrx_word' id='word_1_66' title='bbox 1286 766 1456 826; x_wconf 79' lang='lat' dir='ltr'><strong>seruitutem</strong></span> <span class='ocrx_word' id='word_1_67' title='bbox 1481 771 1611 842; x_wconf 86' lang='lat' dir='ltr'><strong>adactos,</strong></span> <span class='ocrx_word' id='word_1_68' title='bbox 1626 778 1656 830; x_wconf 91' lang='lat' dir='ltr'><strong>et</strong></span> <span class='ocrx_word' id='word_1_69' title='bbox 1668 771 1699 832; x_wconf 92' lang='lat' dir='ltr'><strong>in</strong></span> <span class='ocrx_word' id='word_1_70' title='bbox 1711 775 1821 836; x_wconf 78' lang='lat' dir='ltr'><strong>ameris</strong></span> 
     </span>
     <span class='ocr_line' id='line_1_7' title="bbox 110 848 1821 940; baseline 0.002 -20"><span class='ocrx_word' id='word_1_71' title='bbox 110 864 234 931; x_wconf 82' lang='lat' dir='ltr'><strong>dentie;</strong></span> <span class='ocrx_word' id='word_1_72' title='bbox 243 877 295 934; x_wconf 92' lang='lat' dir='ltr'><strong>per</strong></span> <span class='ocrx_word' id='word_1_73' title='bbox 304 857 486 931; x_wconf 87' lang='lat' dir='ltr'><strong>Stephanum</strong></span> <span class='ocrx_word' id='word_1_74' title='bbox 498 858 753 929; x_wconf 69' lang='lat' dir='ltr'><strong>protomartyrem,</strong></span> <span class='ocrx_word' id='word_1_75' title='bbox 770 851 940 909; x_wconf 74' lang='lat' dir='ltr'><strong>Zachariam</strong></span> <span class='ocrx_word' id='word_1_76' title='bbox 994 848 1145 907; x_wconf 79' lang='lat' dir='ltr'><strong>laboribus</strong></span> <span class='ocrx_word' id='word_1_77' title='bbox 1160 852 1303 910; x_wconf 88' lang='lat' dir='ltr'><strong>detentos.</strong></span> <span class='ocrx_word' id='word_1_78' title='bbox 1320 855 1626 930; x_wconf 82' lang='lat' dir='ltr'><strong>Recordare‚Domine</strong></span> <span class='ocrx_word' id='word_1_79' title='bbox 1638 871 1821 940; x_wconf 63' lang='lat' dir='ltr'><strong>nasteniesu</strong></span> 
     </span>
     <span class='ocr_line' id='line_1_8' title="bbox 109 938 1822 1034; baseline 0.004 -27"><span class='ocrx_word' id='word_1_80' title='bbox 109 951 304 1015; x_wconf 70' lang='lat' dir='ltr'><strong>sacerdotem,</strong></span> <span class='ocrx_word' id='word_1_81' title='bbox 319 948 463 1004; x_wconf 81' lang='lat' dir='ltr'><strong>ioannem</strong></span> <span class='ocrx_word' id='word_1_82' title='bbox 484 945 664 1016; x_wconf 89' lang='lat' dir='ltr'><strong>Baptistam;</strong></span> <span class='ocrx_word' id='word_1_83' title='bbox 681 958 733 1015; x_wconf 91' lang='lat' dir='ltr'><strong>per</strong></span> <span class='ocrx_word' id='word_1_84' title='bbox 753 957 856 998; x_wconf 90' lang='lat' dir='ltr'><strong>omnes</strong></span> <span class='ocrx_word' id='word_1_85' title='bbox 871 956 939 997; x_wconf 91' lang='lat' dir='ltr'><strong>san·</strong></span> <span class='ocrx_word' id='word_1_86' title='bbox 995 938 1120 1008; x_wconf 86' lang='lat' dir='ltr'><strong>Christe,</strong></span> <span class='ocrx_word' id='word_1_87' title='bbox 1137 940 1167 996; x_wconf 92' lang='lat' dir='ltr'><strong>in</strong></span> <span class='ocrx_word' id='word_1_88' title='bbox 1183 958 1272 1016; x_wconf 89' lang='lat' dir='ltr'><strong>regno</strong></span> <span class='ocrx_word' id='word_1_89' title='bbox 1287 944 1437 1016; x_wconf 73' lang='lat' dir='ltr'><strong>caelorum,</strong></span> <span class='ocrx_word' id='word_1_90' title='bbox 1453 953 1586 1011; x_wconf 90' lang='lat' dir='ltr'><strong>omniurn</strong></span> <span class='ocrx_word' id='word_1_91' title='bbox 1601 955 1719 1014; x_wconf 89' lang='lat' dir='ltr'><strong>illoram</strong></span> <span class='ocrx_word' id='word_1_92' title='bbox 1738 962 1822 1034; x_wconf 74' lang='lat' dir='ltr'><strong>qnia</strong></span> 
     </span>
     <span class='ocr_line' id='line_1_9' title="bbox 110 1026 1810 1110; baseline 0.001 -11"><span class='ocrx_word' id='word_1_93' title='bbox 110 1047 177 1099; x_wconf 86' lang='lat' dir='ltr'><strong>etos</strong></span> <span class='ocrx_word' id='word_1_94' title='bbox 191 1042 334 1110; x_wconf 79' lang='lat' dir='ltr'><strong>martyres</strong></span> <span class='ocrx_word' id='word_1_95' title='bbox 349 1035 398 1109; x_wconf 86' lang='lat' dir='ltr'><strong>qui</strong></span> <span class='ocrx_word' id='word_1_96' title='bbox 414 1033 444 1090; x_wconf 89' lang='lat' dir='ltr'><strong>in</strong></span> <span class='ocrx_word' id='word_1_97' title='bbox 460 1034 517 1090; x_wconf 88' lang='lat' dir='ltr'><strong>fido</strong></span> <span class='ocrx_word' id='word_1_98' title='bbox 531 1033 600 1089; x_wconf 87' lang='lat' dir='ltr'><strong>Jesu</strong></span> <span class='ocrx_word' id='word_1_99' title='bbox 623 1031 731 1088; x_wconf 82' lang='lat' dir='ltr'><strong>Christi</strong></span> <span class='ocrx_word' id='word_1_100' title='bbox 745 1030 939 1104; x_wconf 84' lang='lat' dir='ltr'><strong>quieverunt;</strong></span> <span class='ocrx_word' id='word_1_101' title='bbox 995 1026 1081 1084; x_wconf 90' lang='lat' dir='ltr'><strong>nobis</strong></span> <span class='ocrx_word' id='word_1_102' title='bbox 1096 1028 1241 1100; x_wconf 87' lang='lat' dir='ltr'><strong>petierunt</strong></span> <span class='ocrx_word' id='word_1_103' title='bbox 1256 1038 1288 1089; x_wconf 90' lang='lat' dir='ltr'><strong>ut</strong></span> <span class='ocrx_word' id='word_1_104' title='bbox 1303 1036 1523 1098; x_wconf 81' lang='lat' dir='ltr'><strong>recordaremur</strong></span> <span class='ocrx_word' id='word_1_105' title='bbox 1538 1047 1810 1110; x_wconf 62' lang='lat' dir='ltr'><strong>commonemini,</strong></span> 
     </span>
     <span class='ocr_line' id='line_1_10' title="bbox 111 1093 1822 1210; baseline -0.002 -23"><span class='ocrx_word' id='word_1_106' title='bbox 111 1147 165 1205; x_wconf 83' lang='lat' dir='ltr'><strong>per</strong></span> <span class='ocrx_word' id='word_1_107' title='bbox 180 1101 360 1194; x_wconf 58' lang='lat' dir='ltr'><strong>Mittheum,</strong></span> <span class='ocrx_word' id='word_1_108' title='bbox 373 1128 512 1192; x_wconf 85' lang='lat' dir='ltr'><strong>hiarcam,</strong></span> <span class='ocrx_word' id='word_1_109' title='bbox 530 1124 649 1188; x_wconf 85' lang='lat' dir='ltr'><strong>Lucam,</strong></span> <span class='ocrx_word' id='word_1_110' title='bbox 659 1124 688 1178; x_wconf 89' lang='lat' dir='ltr'><strong>et</strong></span> <span class='ocrx_word' id='word_1_111' title='bbox 699 1121 842 1178; x_wconf 79' lang='lat' dir='ltr'><strong>ioannem</strong></span> <span class='ocrx_word' id='word_1_112' title='bbox 857 1134 942 1177; x_wconf 84' lang='lat' dir='ltr'><strong>evan·</strong></span> <span class='ocrx_word' id='word_1_113' title='bbox 995 1115 1089 1179; x_wconf 87' lang='lat' dir='ltr'><strong>libera</strong></span> <span class='ocrx_word' id='word_1_114' title='bbox 1100 1119 1243 1193; x_wconf 91' lang='lat' dir='ltr'><strong>populum</strong></span> <span class='ocrx_word' id='word_1_115' title='bbox 1258 1125 1343 1179; x_wconf 89' lang='lat' dir='ltr'><strong>tuum</strong></span> <span class='ocrx_word' id='word_1_116' title='bbox 1358 1130 1386 1182; x_wconf 88' lang='lat' dir='ltr'><strong>et</strong></span> <span class='ocrx_word' id='word_1_117' title='bbox 1400 1128 1522 1188; x_wconf 83' lang='lat' dir='ltr'><strong>benedic</strong></span> <span class='ocrx_word' id='word_1_118' title='bbox 1537 1132 1699 1199; x_wconf 65' lang='lat' dir='ltr'><strong>hereditati</strong></span> <span class='ocrx_word' id='word_1_119' title='bbox 1710 1143 1777 1210; x_wconf 55' lang='lat' dir='ltr'><strong>tun,</strong></span> <span class='ocrx_word' id='word_1_120' title='bbox 1787 1093 1822 1203; x_wconf 52' lang='lat' dir='ltr'><strong>gg</strong></span> 
     </span>
     <span class='ocr_line' id='line_1_11' title="bbox 111 1206 1822 1294; baseline 0.005 -20"><span class='ocrx_word' id='word_1_121' title='bbox 111 1219 249 1294; x_wconf 67' lang='lat' dir='ltr'><strong>galiciam</strong></span> <span class='ocrx_word' id='word_1_122' title='bbox 262 1214 443 1289; x_wconf 81' lang='lat' dir='ltr'><strong>paritoriam</strong></span> <span class='ocrx_word' id='word_1_123' title='bbox 456 1212 507 1268; x_wconf 92' lang='lat' dir='ltr'><strong>Dei</strong></span> <span class='ocrx_word' id='word_1_124' title='bbox 522 1211 710 1285; x_wconf 65' lang='lat' dir='ltr'><strong>genitricem</strong></span> <span class='ocrx_word' id='word_1_125' title='bbox 723 1226 776 1283; x_wconf 89' lang='lat' dir='ltr'><strong>per</strong></span> <span class='ocrx_word' id='word_1_126' title='bbox 789 1209 940 1266; x_wconf 85' lang='lat' dir='ltr'><strong>Simonem</strong></span> <span class='ocrx_word' id='word_1_127' title='bbox 997 1206 1075 1263; x_wconf 89' lang='lat' dir='ltr'><strong>nutri</strong></span> <span class='ocrx_word' id='word_1_128' title='bbox 1090 1224 1158 1265; x_wconf 92' lang='lat' dir='ltr'><strong>eum</strong></span> <span class='ocrx_word' id='word_1_129' title='bbox 1173 1213 1204 1265; x_wconf 90' lang='lat' dir='ltr'><strong>et</strong></span> <span class='ocrx_word' id='word_1_130' title='bbox 1217 1210 1312 1269; x_wconf 80' lang='lat' dir='ltr'><strong>exalta</strong></span> <span class='ocrx_word' id='word_1_131' title='bbox 1327 1231 1421 1288; x_wconf 87' lang='lat' dir='ltr'><strong>usque</strong></span> <span class='ocrx_word' id='word_1_132' title='bbox 1436 1218 1467 1273; x_wconf 92' lang='lat' dir='ltr'><strong>in</strong></span> <span class='ocrx_word' id='word_1_133' title='bbox 1482 1222 1633 1282; x_wconf 81' lang='lat' dir='ltr'><strong>seculum.</strong></span> <span class='ocrx_word' id='word_1_134' title='bbox 1645 1229 1762 1289; x_wconf 85' lang='lat' dir='ltr'><strong>Custodi</strong></span> <span class='ocrx_word' id='word_1_135' title='bbox 1771 1246 1822 1291; x_wconf 84' lang='lat' dir='ltr'><strong>eos</strong></span> 
     </span>
     <span class='ocr_line' id='line_1_12' title="bbox 112 1295 1822 1387; baseline -0.003 -22"><span class='ocrx_word' id='word_1_136' title='bbox 112 1309 242 1372; x_wconf 84' lang='lat' dir='ltr'><strong>Petrum,</strong></span> <span class='ocrx_word' id='word_1_137' title='bbox 252 1305 408 1369; x_wconf 73' lang='lat' dir='ltr'><strong>andream,</strong></span> <span class='ocrx_word' id='word_1_138' title='bbox 424 1306 441 1357; x_wconf 86' lang='lat' dir='ltr'>J</span> <span class='ocrx_word' id='word_1_139' title='bbox 445 1302 580 1369; x_wconf 78' lang='lat' dir='ltr'><strong>arabum,</strong></span> <span class='ocrx_word' id='word_1_140' title='bbox 596 1300 752 1365; x_wconf 90' lang='lat' dir='ltr'><strong>ioannem,</strong></span> <span class='ocrx_word' id='word_1_141' title='bbox 763 1297 940 1370; x_wconf 77' lang='lat' dir='ltr'><strong>Philippum,</strong></span> <span class='ocrx_word' id='word_1_142' title='bbox 996 1295 1027 1353; x_wconf 91' lang='lat' dir='ltr'><strong>in</strong></span> <span class='ocrx_word' id='word_1_143' title='bbox 1040 1299 1119 1353; x_wconf 87' lang='lat' dir='ltr'><strong>recte</strong></span> <span class='ocrx_word' id='word_1_144' title='bbox 1134 1297 1191 1354; x_wconf 88' lang='lat' dir='ltr'><strong>Dde</strong></span> <span class='ocrx_word' id='word_1_145' title='bbox 1206 1304 1235 1355; x_wconf 91' lang='lat' dir='ltr'><strong>et</strong></span> <span class='ocrx_word' id='word_1_146' title='bbox 1250 1300 1280 1355; x_wconf 91' lang='lat' dir='ltr'><strong>ia</strong></span> <span class='ocrx_word' id='word_1_147' title='bbox 1294 1300 1398 1376; x_wconf 89' lang='lat' dir='ltr'><strong>gloria,</strong></span> <span class='ocrx_word' id='word_1_148' title='bbox 1415 1308 1496 1364; x_wconf 91' lang='lat' dir='ltr'><strong>omni</strong></span> <span class='ocrx_word' id='word_1_149' title='bbox 1521 1314 1661 1387; x_wconf 71' lang='lat' dir='ltr'><strong>tempos-o,</strong></span> <span class='ocrx_word' id='word_1_150' title='bbox 1676 1321 1706 1374; x_wconf 70' lang='lat' dir='ltr'><strong>ot</strong></span> <span class='ocrx_word' id='word_1_151' title='bbox 1728 1318 1774 1375; x_wconf 59' lang='lat' dir='ltr'><strong>fac</strong></span> <span class='ocrx_word' id='word_1_152' title='bbox 1789 1325 1822 1380; x_wconf 64' lang='lat' dir='ltr'><strong>„y</strong></span> 
     </span>
     <span class='ocr_line' id='line_1_13' title="bbox 113 1384 1823 1483; baseline 0.003 -28"><span class='ocrx_word' id='word_1_153' title='bbox 113 1394 372 1460; x_wconf 77' lang='lat' dir='ltr'><strong>bartholomeum,</strong></span> <span class='ocrx_word' id='word_1_154' title='bbox 388 1391 544 1458; x_wconf 78' lang='lat' dir='ltr'><strong>Thomam,</strong></span> <span class='ocrx_word' id='word_1_155' title='bbox 560 1388 749 1455; x_wconf 77' lang='lat' dir='ltr'><strong>Matthaeum,</strong></span> <span class='ocrx_word' id='word_1_156' title='bbox 769 1386 940 1452; x_wconf 78' lang='lat' dir='ltr'><strong>Thadnum,</strong></span> <span class='ocrx_word' id='word_1_157' title='bbox 997 1384 1126 1442; x_wconf 74' lang='lat' dir='ltr'><strong>teneant</strong></span> <span class='ocrx_word' id='word_1_158' title='bbox 1150 1385 1290 1445; x_wconf 79' lang='lat' dir='ltr'><strong>ineffabili</strong></span> <span class='ocrx_word' id='word_1_159' title='bbox 1316 1396 1344 1446; x_wconf 85' lang='lat' dir='ltr'><strong>et</strong></span> <span class='ocrx_word' id='word_1_160' title='bbox 1365 1392 1579 1470; x_wconf 83' lang='lat' dir='ltr'><strong>inexcogitabili</strong></span> <span class='ocrx_word' id='word_1_161' title='bbox 1601 1402 1754 1474; x_wconf 88' lang='lat' dir='ltr'><strong>charitats,</strong></span> <span class='ocrx_word' id='word_1_162' title='bbox 1769 1426 1823 1483; x_wconf 72' lang='lat' dir='ltr'><strong>por</strong></span> 
     </span>
     <span class='ocr_line' id='line_1_14' title="bbox 112 1475 1822 1559; baseline -0.002 -15"><span class='ocrx_word' id='word_1_163' title='bbox 112 1482 286 1553; x_wconf 85' lang='lat' dir='ltr'><strong>Nathanasl,</strong></span> <span class='ocrx_word' id='word_1_164' title='bbox 297 1482 440 1540; x_wconf 85' lang='lat' dir='ltr'><strong>iacobum</strong></span> <span class='ocrx_word' id='word_1_165' title='bbox 455 1477 558 1553; x_wconf 81' lang='lat' dir='ltr'><strong>Alphei</strong></span> <span class='ocrx_word' id='word_1_166' title='bbox 571 1480 656 1547; x_wconf 62' lang='lat' dir='ltr'><strong>ittet</strong></span> <span class='ocrx_word' id='word_1_167' title='bbox 666 1475 819 1535; x_wconf 83' lang='lat' dir='ltr'><strong>Matthiam</strong></span> <span class='ocrx_word' id='word_1_168' title='bbox 830 1477 943 1549; x_wconf 76' lang='lat' dir='ltr'><strong>aposto</strong></span> <span class='ocrx_word' id='word_1_169' title='bbox 996 1490 1098 1546; x_wconf 85' lang='lat' dir='ltr'><strong>preces</strong></span> <span class='ocrx_word' id='word_1_170' title='bbox 1112 1490 1147 1530; x_wconf 86' lang='lat' dir='ltr'><strong>ao</strong></span> <span class='ocrx_word' id='word_1_171' title='bbox 1162 1475 1399 1537; x_wconf 78' lang='lat' dir='ltr'><strong>intercessionem</strong></span> <span class='ocrx_word' id='word_1_172' title='bbox 1415 1499 1505 1556; x_wconf 88' lang='lat' dir='ltr'><strong>quam</strong></span> <span class='ocrx_word' id='word_1_173' title='bbox 1520 1503 1572 1559; x_wconf 90' lang='lat' dir='ltr'><strong>pro</strong></span> <span class='ocrx_word' id='word_1_174' title='bbox 1586 1490 1671 1548; x_wconf 90' lang='lat' dir='ltr'><strong>nobis</strong></span> <span class='ocrx_word' id='word_1_175' title='bbox 1684 1494 1754 1556; x_wconf 82' lang='lat' dir='ltr'><strong>facit</strong></span> <span class='ocrx_word' id='word_1_176' title='bbox 1765 1496 1822 1557; x_wconf 90' lang='lat' dir='ltr'><strong>Do.</strong></span> 
     </span>
     <span class='ocr_line' id='line_1_15' title="bbox 112 1561 1824 1657; baseline 0.001 -28"><span class='ocrx_word' id='word_1_177' title='bbox 112 1576 157 1634; x_wconf 87' lang='lat' dir='ltr'><strong>los</strong></span> <span class='ocrx_word' id='word_1_178' title='bbox 166 1593 175 1643; x_wconf 84' lang='lat'>3</span> <span class='ocrx_word' id='word_1_179' title='bbox 185 1572 388 1649; x_wconf 80' lang='lat' dir='ltr'><strong>periseobum</strong></span> <span class='ocrx_word' id='word_1_180' title='bbox 399 1568 565 1642; x_wconf 85' lang='lat' dir='ltr'><strong>apostolam</strong></span> <span class='ocrx_word' id='word_1_181' title='bbox 577 1569 697 1625; x_wconf 83' lang='lat' dir='ltr'><strong>fratrem</strong></span> <span class='ocrx_word' id='word_1_182' title='bbox 706 1565 823 1624; x_wconf 86' lang='lat' dir='ltr'><strong>Domini</strong></span> <span class='ocrx_word' id='word_1_183' title='bbox 837 1563 941 1635; x_wconf 88' lang='lat' dir='ltr'><strong>nostri,</strong></span> <span class='ocrx_word' id='word_1_184' title='bbox 997 1561 1520 1631; x_wconf 84' lang='lat' dir='ltr'><strong>minanostresanotaetimmaculata</strong></span> <span class='ocrx_word' id='word_1_185' title='bbox 1530 1575 1611 1651; x_wconf 84' lang='lat' dir='ltr'><strong>uirgo</strong></span> <span class='ocrx_word' id='word_1_186' title='bbox 1621 1579 1725 1651; x_wconf 59' lang='lat' dir='ltr'><strong>Marem</strong></span> <span class='ocrx_word' id='word_1_187' title='bbox 1734 1588 1763 1640; x_wconf 79' lang='lat' dir='ltr'><strong>ot</strong></span> <span class='ocrx_word' id='word_1_188' title='bbox 1772 1601 1824 1657; x_wconf 65' lang='lat' dir='ltr'><strong>por</strong></span> 
     </span>
     <span class='ocr_line' id='line_1_16' title="bbox 112 1651 1825 1739; baseline 0.002 -19"><span class='ocrx_word' id='word_1_189' title='bbox 112 1664 287 1739; x_wconf 84' lang='lat' dir='ltr'><strong>episcopum</strong></span> <span class='ocrx_word' id='word_1_190' title='bbox 300 1659 465 1719; x_wconf 62' lang='lat' dir='ltr'><strong>moelem</strong></span> <span class='ocrx_word' id='word_1_191' title='bbox 483 1662 610 1724; x_wconf 59' lang='lat' dir='ltr'><strong>sanctam</strong></span> <span class='ocrx_word' id='word_1_192' title='bbox 626 1655 826 1730; x_wconf 76' lang='lat' dir='ltr'><strong>perpaulum,</strong></span> <span class='ocrx_word' id='word_1_193' title='bbox 842 1655 942 1712; x_wconf 81' lang='lat' dir='ltr'><strong>&#39;limo-</strong></span> <span class='ocrx_word' id='word_1_194' title='bbox 997 1667 1097 1724; x_wconf 87' lang='lat' dir='ltr'><strong>preces</strong></span> <span class='ocrx_word' id='word_1_195' title='bbox 1112 1655 1258 1727; x_wconf 72' lang='lat' dir='ltr'><strong>majorum</strong></span> <span class='ocrx_word' id='word_1_196' title='bbox 1271 1651 1444 1731; x_wconf 81' lang='lat' dir='ltr'><strong>angelorum</strong></span> <span class='ocrx_word' id='word_1_197' title='bbox 1460 1661 1825 1739; x_wconf 64' lang='lat' dir='ltr'><strong>splendentiumbiichee-</strong></span> 
     </span>
    </p>
   </div>
   <div class='ocr_carea' id='block_1_3' title="bbox 112 1739 1931 1832">
    <p class='ocr_par' dir='ltr' id='par_1_4' title="bbox 112 1739 1931 1832">
     <span class='ocr_line' id='line_1_17' title="bbox 112 1739 1931 1832; baseline -0.003 -22"><span class='ocrx_word' id='word_1_198' title='bbox 112 1754 236 1820; x_wconf 68' lang='lat' dir='ltr'><strong>theam</strong></span> <span class='ocrx_word' id='word_1_199' title='bbox 271 1749 376 1817; x_wconf 79' lang='lat' dir='ltr'><strong>Silam,</strong></span> <span class='ocrx_word' id='word_1_200' title='bbox 414 1747 588 1813; x_wconf 82' lang='lat' dir='ltr'><strong>Samsbam,</strong></span> <span class='ocrx_word' id='word_1_201' title='bbox 617 1745 727 1811; x_wconf 75' lang='lat' dir='ltr'><strong>Titum,</strong></span> <span class='ocrx_word' id='word_1_202' title='bbox 760 1741 942 1806; x_wconf 86' lang='lat' dir='ltr'><strong>Philemona,</strong></span> <span class='ocrx_word' id='word_1_203' title='bbox 996 1739 1826 1832; x_wconf 65' lang='lat' dir='ltr'><strong>lis,ctGobrielis,eoDaphnelis,etUrieliemtquetoomj.</strong></span> <span class='ocrx_word' id='word_1_204' title='bbox 1927 1811 1931 1824; x_wconf 44' lang='grc'>,</span> 
     </span>
    </p>
   </div>
   <div class='ocr_carea' id='block_1_4' title="bbox 113 1828 1830 5475">
    <p class='ocr_par' dir='ltr' id='par_1_5' title="bbox 113 1828 1830 5475">
     <span class='ocr_line' id='line_1_18' title="bbox 113 1828 1825 1917; baseline 0.002 -17"><span class='ocrx_word' id='word_1_205' title='bbox 113 1842 306 1907; x_wconf 85' lang='lat' dir='ltr'><strong>Clementem,</strong></span> <span class='ocrx_word' id='word_1_206' title='bbox 322 1841 352 1893; x_wconf 90' lang='lat' dir='ltr'><strong>et</strong></span> <span class='ocrx_word' id='word_1_207' title='bbox 364 1853 416 1910; x_wconf 93' lang='lat' dir='ltr'><strong>per</strong></span> <span class='ocrx_word' id='word_1_208' title='bbox 430 1836 616 1910; x_wconf 77' lang='lat' dir='ltr'><strong>septuaginta</strong></span> <span class='ocrx_word' id='word_1_209' title='bbox 637 1836 712 1890; x_wconf 89' lang='lat' dir='ltr'><strong>duos</strong></span> <span class='ocrx_word' id='word_1_210' title='bbox 726 1831 897 1905; x_wconf 83' lang='lat' dir='ltr'><strong>discipulos,</strong></span> <span class='ocrx_word' id='word_1_211' title='bbox 914 1833 943 1887; x_wconf 86' lang='lat' dir='ltr'><strong>et</strong></span> <span class='ocrx_word' id='word_1_212' title='bbox 997 1828 1121 1889; x_wconf 87' lang='lat' dir='ltr'><strong>melium</strong></span> <span class='ocrx_word' id='word_1_213' title='bbox 1140 1831 1205 1889; x_wconf 88' lang='lat' dir='ltr'><strong>sins</strong></span> <span class='ocrx_word' id='word_1_214' title='bbox 1223 1850 1320 1904; x_wconf 85' lang='lat' dir='ltr'><strong>carno,</strong></span> <span class='ocrx_word' id='word_1_215' title='bbox 1337 1841 1366 1894; x_wconf 90' lang='lat' dir='ltr'><strong>et</strong></span> <span class='ocrx_word' id='word_1_216' title='bbox 1388 1838 1491 1915; x_wconf 86' lang='lat' dir='ltr'><strong>viginti</strong></span> <span class='ocrx_word' id='word_1_217' title='bbox 1520 1849 1647 1917; x_wconf 83' lang='lat' dir='ltr'><strong>quatuor</strong></span> <span class='ocrx_word' id='word_1_218' title='bbox 1673 1851 1825 1911; x_wconf 87' lang='lat' dir='ltr'><strong>seniorum</strong></span> 
     </span>
     <span class='ocr_line' id='line_1_19' title="bbox 115 1918 1824 2010; baseline -0.002 -23"><span class='ocrx_word' id='word_1_219' title='bbox 115 1931 296 2005; x_wconf 72' lang='lat' dir='ltr'><strong>quingentos</strong></span> <span class='ocrx_word' id='word_1_220' title='bbox 311 1927 406 1983; x_wconf 88' lang='lat' dir='ltr'><strong>socias</strong></span> <span class='ocrx_word' id='word_1_221' title='bbox 421 1940 533 1991; x_wconf 86' lang='lat' dir='ltr'><strong>eorum,</strong></span> <span class='ocrx_word' id='word_1_222' title='bbox 549 1940 584 1980; x_wconf 91' lang='lat' dir='ltr'><strong>ao</strong></span> <span class='ocrx_word' id='word_1_223' title='bbox 598 1941 650 1996; x_wconf 91' lang='lat' dir='ltr'><strong>per</strong></span> <span class='ocrx_word' id='word_1_224' title='bbox 672 1926 818 1979; x_wconf 90' lang='lat' dir='ltr'><strong>trecentos</strong></span> <span class='ocrx_word' id='word_1_225' title='bbox 842 1920 941 1976; x_wconf 82' lang='lat' dir='ltr'><strong>dorem</strong></span> <span class='ocrx_word' id='word_1_226' title='bbox 996 1918 1060 1976; x_wconf 87' lang='lat' dir='ltr'><strong>coeli</strong></span> <span class='ocrx_word' id='word_1_227' title='bbox 1076 1939 1083 1989; x_wconf 84' lang='lat'><em>3</em></span> <span class='ocrx_word' id='word_1_228' title='bbox 1100 1925 1129 1978; x_wconf 87' lang='lat' dir='ltr'><strong>et</strong></span> <span class='ocrx_word' id='word_1_229' title='bbox 1143 1921 1263 1980; x_wconf 90' lang='lat' dir='ltr'><strong>Petrum</strong></span> <span class='ocrx_word' id='word_1_230' title='bbox 1279 1928 1445 1985; x_wconf 89' lang='lat' dir='ltr'><strong>nostrorum</strong></span> <span class='ocrx_word' id='word_1_231' title='bbox 1461 1936 1630 1993; x_wconf 81' lang='lat' dir='ltr'><strong>sanctorum</strong></span> <span class='ocrx_word' id='word_1_232' title='bbox 1644 1938 1824 2010; x_wconf 55' lang='lat' dir='ltr'><strong>poem-0110.</strong></span> 
     </span>
     <span class='ocr_line' id='line_1_20' title="bbox 114 2009 1825 2100; baseline 0.001 -27"><span class='ocrx_word' id='word_1_233' title='bbox 114 2023 225 2077; x_wconf 82' lang='lat' dir='ltr'><strong>stocto</strong></span> <span class='ocrx_word' id='word_1_234' title='bbox 249 2019 332 2074; x_wconf 78' lang='lat' dir='ltr'><strong>recta</strong></span> <span class='ocrx_word' id='word_1_235' title='bbox 359 2015 427 2071; x_wconf 87' lang='lat' dir='ltr'><strong>tidei</strong></span> <span class='ocrx_word' id='word_1_236' title='bbox 455 2015 566 2084; x_wconf 88' lang='lat' dir='ltr'><strong>Patres,</strong></span> <span class='ocrx_word' id='word_1_237' title='bbox 583 2013 670 2068; x_wconf 78' lang='lat' dir='ltr'><strong>uisite</strong></span> <span class='ocrx_word' id='word_1_238' title='bbox 697 2028 751 2068; x_wconf 84' lang='lat' dir='ltr'><strong>nos</strong></span> <span class='ocrx_word' id='word_1_239' title='bbox 773 2014 804 2066; x_wconf 89' lang='lat' dir='ltr'><strong>et</strong></span> <span class='ocrx_word' id='word_1_240' title='bbox 825 2010 871 2066; x_wconf 86' lang='lat' dir='ltr'><strong>lac</strong></span> <span class='ocrx_word' id='word_1_241' title='bbox 888 2023 943 2064; x_wconf 88' lang='lat' dir='ltr'><strong>nos</strong></span> <span class='ocrx_word' id='word_1_242' title='bbox 997 2009 1249 2081; x_wconf 80' lang='lat' dir='ltr'><strong>rum,llbraham,</strong></span> <span class='ocrx_word' id='word_1_243' title='bbox 1266 2011 1357 2082; x_wconf 89' lang='lat' dir='ltr'><strong>lsaao,</strong></span> <span class='ocrx_word' id='word_1_244' title='bbox 1373 2016 1707 2093; x_wconf 73' lang='lat' dir='ltr'><strong>etJacab,etomnium</strong></span> <span class='ocrx_word' id='word_1_245' title='bbox 1720 2028 1825 2100; x_wconf 78' lang='lat' dir='ltr'><strong>probo.</strong></span> 
     </span>
     <span class='ocr_line' id='line_1_21' title="bbox 114 2099 1824 2185; baseline 0.005 -20"><span class='ocrx_word' id='word_1_246' title='bbox 114 2107 277 2185; x_wconf 88' lang='lat' dir='ltr'><strong>participes</strong></span> <span class='ocrx_word' id='word_1_247' title='bbox 305 2103 470 2162; x_wconf 86' lang='lat' dir='ltr'><strong>orationum</strong></span> <span class='ocrx_word' id='word_1_248' title='bbox 499 2119 602 2160; x_wconf 90' lang='lat' dir='ltr'><strong>eorum</strong></span> <span class='ocrx_word' id='word_1_249' title='bbox 628 2100 761 2159; x_wconf 89' lang='lat' dir='ltr'><strong>omnium</strong></span> <span class='ocrx_word' id='word_1_250' title='bbox 778 2116 784 2154; x_wconf 94' lang='lat'><strong>:</strong></span> <span class='ocrx_word' id='word_1_251' title='bbox 804 2102 832 2156; x_wconf 93' lang='lat' dir='ltr'><strong>et</strong></span> <span class='ocrx_word' id='word_1_252' title='bbox 855 2114 944 2170; x_wconf 87' lang='lat' dir='ltr'><strong>super</strong></span> <span class='ocrx_word' id='word_1_253' title='bbox 997 2114 1063 2159; x_wconf 83' lang='lat' dir='ltr'><strong>rum</strong></span> <span class='ocrx_word' id='word_1_254' title='bbox 1078 2099 1197 2155; x_wconf 86' lang='lat' dir='ltr'><strong>Petrum</strong></span> <span class='ocrx_word' id='word_1_255' title='bbox 1208 2100 1350 2174; x_wconf 88' lang='lat' dir='ltr'><strong>priorum,</strong></span> <span class='ocrx_word' id='word_1_256' title='bbox 1361 2120 1394 2161; x_wconf 86' lang='lat' dir='ltr'><strong>ac</strong></span> <span class='ocrx_word' id='word_1_257' title='bbox 1404 2105 1571 2178; x_wconf 84' lang='lat' dir='ltr'><strong>quindecim</strong></span> <span class='ocrx_word' id='word_1_258' title='bbox 1581 2111 1701 2179; x_wconf 71' lang='lat' dir='ltr'><strong>Patrem</strong></span> <span class='ocrx_word' id='word_1_259' title='bbox 1710 2119 1824 2177; x_wconf 67' lang='lat' dir='ltr'><strong>nostro·⁴</strong></span> 
     </span>
     <span class='ocr_line' id='line_1_22' title="bbox 113 2186 1825 2283; baseline 0 -28"><span class='ocrx_word' id='word_1_260' title='bbox 113 2198 217 2257; x_wconf 89' lang='lat' dir='ltr'><strong>omnia</strong></span> <span class='ocrx_word' id='word_1_261' title='bbox 238 2195 390 2252; x_wconf 78' lang='lat' dir='ltr'><strong>recordare</strong></span> <span class='ocrx_word' id='word_1_262' title='bbox 413 2191 563 2251; x_wconf 79' lang='lat' dir='ltr'><strong>catholice</strong></span> <span class='ocrx_word' id='word_1_263' title='bbox 577 2196 606 2248; x_wconf 90' lang='lat' dir='ltr'><strong>et</strong></span> <span class='ocrx_word' id='word_1_264' title='bbox 621 2188 787 2263; x_wconf 81' lang='lat' dir='ltr'><strong>apostolice</strong></span> <span class='ocrx_word' id='word_1_265' title='bbox 810 2186 943 2244; x_wconf 75' lang='lat' dir='ltr'><strong>Ecclesia</strong></span> <span class='ocrx_word' id='word_1_266' title='bbox 997 2204 1064 2243; x_wconf 91' lang='lat' dir='ltr'><strong>rum</strong></span> <span class='ocrx_word' id='word_1_267' title='bbox 1079 2187 1299 2261; x_wconf 87' lang='lat' dir='ltr'><strong>prophetarum,</strong></span> <span class='ocrx_word' id='word_1_268' title='bbox 1315 2209 1348 2250; x_wconf 87' lang='lat' dir='ltr'><strong>oc</strong></span> <span class='ocrx_word' id='word_1_269' title='bbox 1371 2196 1465 2252; x_wconf 82' lang='lat' dir='ltr'><strong>sancti</strong></span> <span class='ocrx_word' id='word_1_270' title='bbox 1486 2196 1617 2283; x_wconf 61' lang='lat' dir='ltr'><strong>Jossnnis¹</strong></span> <span class='ocrx_word' id='word_1_271' title='bbox 1632 2201 1779 2276; x_wconf 68' lang='lat' dir='ltr'><strong>baptiste,</strong></span> <span class='ocrx_word' id='word_1_272' title='bbox 1795 2210 1825 2267; x_wconf 68' lang='lat' dir='ltr'><strong>oe</strong></span> 
     </span>
     <span class='ocr_line' id='line_1_23' title="bbox 114 2276 1825 2361; baseline 0.004 -17"><span class='ocrx_word' id='word_1_273' title='bbox 114 2289 145 2345; x_wconf 93' lang='lat' dir='ltr'><strong>in</strong></span> <span class='ocrx_word' id='word_1_274' title='bbox 162 2303 246 2361; x_wconf 85' lang='lat' dir='ltr'><strong>pecc,</strong></span> <span class='ocrx_word' id='word_1_275' title='bbox 259 2285 386 2358; x_wconf 71' lang='lat' dir='ltr'><strong>pretioso</strong></span> <span class='ocrx_word' id='word_1_276' title='bbox 400 2283 544 2355; x_wconf 85' lang='lat' dir='ltr'><strong>sanguine</strong></span> <span class='ocrx_word' id='word_1_277' title='bbox 560 2298 611 2353; x_wconf 90' lang='lat' dir='ltr'><strong>per</strong></span> <span class='ocrx_word' id='word_1_278' title='bbox 622 2279 771 2337; x_wconf 88' lang='lat' dir='ltr'><strong>Christum</strong></span> <span class='ocrx_word' id='word_1_279' title='bbox 784 2276 942 2334; x_wconf 78' lang='lat' dir='ltr'><strong>adificatas.</strong></span> <span class='ocrx_word' id='word_1_280' title='bbox 998 2277 1219 2348; x_wconf 89' lang='lat' dir='ltr'><strong>quatuordecim</strong></span> <span class='ocrx_word' id='word_1_281' title='bbox 1232 2279 1359 2337; x_wconf 90' lang='lat' dir='ltr'><strong>millium</strong></span> <span class='ocrx_word' id='word_1_282' title='bbox 1375 2299 1533 2357; x_wconf 91' lang='lat' dir='ltr'><strong>puerorum</strong></span> <span class='ocrx_word' id='word_1_283' title='bbox 1545 2288 1724 2361; x_wconf 77' lang='lat' dir='ltr'><strong>bethlehem,</strong></span> <span class='ocrx_word' id='word_1_284' title='bbox 1735 2297 1765 2352; x_wconf 88' lang='lat' dir='ltr'><strong>et</strong></span> <span class='ocrx_word' id='word_1_285' title='bbox 1774 2294 1825 2351; x_wconf 89' lang='lat' dir='ltr'><strong>Pa·</strong></span> 
     </span>
     <span class='ocr_line' id='line_1_24' title="bbox 114 2364 1824 2454; baseline 0.005 -19"><span class='ocrx_word' id='word_1_286' title='bbox 114 2375 280 2435; x_wconf 70' lang='lat' dir='ltr'><strong>semrom</strong></span> <span class='ocrx_word' id='word_1_287' title='bbox 293 2373 383 2430; x_wconf 88' lang='lat' dir='ltr'><strong>etiam</strong></span> <span class='ocrx_word' id='word_1_288' title='bbox 400 2371 534 2428; x_wconf 91' lang='lat' dir='ltr'><strong>omnium</strong></span> <span class='ocrx_word' id='word_1_289' title='bbox 548 2368 783 2444; x_wconf 88' lang='lat' dir='ltr'><strong>patriarcharum</strong></span> <span class='ocrx_word' id='word_1_290' title='bbox 803 2364 945 2438; x_wconf 88' lang='lat' dir='ltr'><strong>archiepi·</strong></span> <span class='ocrx_word' id='word_1_291' title='bbox 998 2369 1077 2423; x_wconf 90' lang='lat' dir='ltr'><strong>trum</strong></span> <span class='ocrx_word' id='word_1_292' title='bbox 1089 2369 1258 2424; x_wconf 89' lang='lat' dir='ltr'><strong>nostrarum</strong></span> <span class='ocrx_word' id='word_1_293' title='bbox 1269 2369 1423 2428; x_wconf 89' lang='lat' dir='ltr'><strong>duodecim</strong></span> <span class='ocrx_word' id='word_1_294' title='bbox 1434 2375 1602 2450; x_wconf 89' lang='lat' dir='ltr'><strong>principum</strong></span> <span class='ocrx_word' id='word_1_295' title='bbox 1612 2380 1824 2454; x_wconf 82' lang='lat' dir='ltr'><strong>apostolorum,</strong></span> 
     </span>
     <span class='ocr_line' id='line_1_25' title="bbox 113 2456 1827 2544; baseline -0.002 -24"><span class='ocrx_word' id='word_1_296' title='bbox 113 2456 942 2537; x_wconf 71' lang='lat' dir='ltr'><strong>scoporamepisooporumeacerdotum,etdiacanorum,</strong></span> <span class='ocrx_word' id='word_1_297' title='bbox 998 2458 1027 2510; x_wconf 88' lang='lat' dir='ltr'><strong>et</strong></span> <span class='ocrx_word' id='word_1_298' title='bbox 1042 2456 1229 2530; x_wconf 85' lang='lat' dir='ltr'><strong>septuaginta</strong></span> <span class='ocrx_word' id='word_1_299' title='bbox 1245 2458 1368 2516; x_wconf 89' lang='lat' dir='ltr'><strong>duorum</strong></span> <span class='ocrx_word' id='word_1_300' title='bbox 1385 2461 1643 2538; x_wconf 84' lang='lat' dir='ltr'><strong>discipulornm,.et</strong></span> <span class='ocrx_word' id='word_1_301' title='bbox 1654 2469 1827 2544; x_wconf 76' lang='lat' dir='ltr'><strong>quingonlo.</strong></span> 
     </span>
     <span class='ocr_line' id='line_1_26' title="bbox 113 2544 1824 2629; baseline 0.005 -19"><span class='ocrx_word' id='word_1_302' title='bbox 113 2554 168 2629; x_wconf 89' lang='lat' dir='ltr'><strong>qui</strong></span> <span class='ocrx_word' id='word_1_303' title='bbox 185 2552 317 2625; x_wconf 87' lang='lat' dir='ltr'><strong>dirigunt</strong></span> <span class='ocrx_word' id='word_1_304' title='bbox 331 2551 407 2607; x_wconf 86' lang='lat' dir='ltr'><strong>viam</strong></span> <span class='ocrx_word' id='word_1_305' title='bbox 420 2549 510 2618; x_wconf 85' lang='lat' dir='ltr'><strong>uerbi,</strong></span> <span class='ocrx_word' id='word_1_306' title='bbox 526 2549 604 2622; x_wconf 90' lang='lat' dir='ltr'><strong>quod</strong></span> <span class='ocrx_word' id='word_1_307' title='bbox 620 2551 666 2604; x_wconf 86' lang='lat' dir='ltr'><strong>est</strong></span> <span class='ocrx_word' id='word_1_308' title='bbox 680 2548 709 2603; x_wconf 93' lang='lat' dir='ltr'><strong>in</strong></span> <span class='ocrx_word' id='word_1_309' title='bbox 723 2544 854 2602; x_wconf 89' lang='lat' dir='ltr'><strong>veritate.</strong></span> <span class='ocrx_word' id='word_1_310' title='bbox 999 2560 1065 2599; x_wconf 89' lang='lat' dir='ltr'><strong>rum</strong></span> <span class='ocrx_word' id='word_1_311' title='bbox 1081 2544 1226 2605; x_wconf 89' lang='lat' dir='ltr'><strong>sociorum</strong></span> <span class='ocrx_word' id='word_1_312' title='bbox 1242 2563 1359 2618; x_wconf 90' lang='lat' dir='ltr'><strong>eorum;</strong></span> <span class='ocrx_word' id='word_1_313' title='bbox 1372 2566 1404 2606; x_wconf 91' lang='lat' dir='ltr'><strong>ac</strong></span> <span class='ocrx_word' id='word_1_314' title='bbox 1418 2550 1508 2609; x_wconf 90' lang='lat' dir='ltr'><strong>trium</strong></span> <span class='ocrx_word' id='word_1_315' title='bbox 1520 2558 1824 2629; x_wconf 67' lang='lat' dir='ltr'><strong>puerorumttnonin,</strong></span> 
     </span>
     <span class='ocr_line' id='line_1_27' title="bbox 151 2633 1828 2722; baseline 0.005 -23"><span class='ocrx_word' id='word_1_316' title='bbox 151 2642 228 2700; x_wconf 85' lang='lat' dir='ltr'><strong>Dicit</strong></span> <span class='ocrx_word' id='word_1_317' title='bbox 238 2642 356 2715; x_wconf 77' lang='lat' dir='ltr'><strong>popolus</strong></span> <span class='ocrx_word' id='word_1_318' title='bbox 372 2656 379 2695; x_wconf 91' lang='lat'>:</span> <span class='ocrx_word' id='word_1_319' title='bbox 396 2639 542 2704; x_wconf 85' lang='lat' dir='ltr'><strong>Miserere,</strong></span> <span class='ocrx_word' id='word_1_320' title='bbox 554 2636 686 2704; x_wconf 89' lang='lat' dir='ltr'><strong>Domine,</strong></span> <span class='ocrx_word' id='word_1_321' title='bbox 702 2634 869 2691; x_wconf 88' lang='lat' dir='ltr'><strong>animarum</strong></span> <span class='ocrx_word' id='word_1_322' title='bbox 883 2647 946 2689; x_wconf 87' lang='lat' dir='ltr'><strong>ser·</strong></span> <span class='ocrx_word' id='word_1_323' title='bbox 998 2633 1116 2702; x_wconf 68' lang='lat' dir='ltr'><strong>marie,</strong></span> <span class='ocrx_word' id='word_1_324' title='bbox 1132 2639 1161 2691; x_wconf 91' lang='lat' dir='ltr'><strong>ct</strong></span> <span class='ocrx_word' id='word_1_325' title='bbox 1174 2635 1296 2706; x_wconf 88' lang='lat' dir='ltr'><strong>ltlisael;</strong></span> <span class='ocrx_word' id='word_1_326' title='bbox 1312 2655 1348 2695; x_wconf 87' lang='lat' dir='ltr'><strong>aa</strong></span> <span class='ocrx_word' id='word_1_327' title='bbox 1366 2641 1459 2696; x_wconf 91' lang='lat' dir='ltr'><strong>sancti</strong></span> <span class='ocrx_word' id='word_1_328' title='bbox 1484 2640 1573 2701; x_wconf 85' lang='lat' dir='ltr'><strong>biarci</strong></span> <span class='ocrx_word' id='word_1_329' title='bbox 1597 2645 1783 2722; x_wconf 69' lang='lat' dir='ltr'><strong>evangeliste</strong></span> <span class='ocrx_word' id='word_1_330' title='bbox 1799 2653 1828 2707; x_wconf 89' lang='lat' dir='ltr'><strong>et</strong></span> 
     </span>
     <span class='ocr_line' id='line_1_28' title="bbox 114 2722 1827 2808; baseline 0.002 -18"><span class='ocrx_word' id='word_1_331' title='bbox 114 2747 223 2790; x_wconf 85' lang='lat' dir='ltr'><strong>vorum</strong></span> <span class='ocrx_word' id='word_1_332' title='bbox 242 2723 357 2787; x_wconf 89' lang='lat' dir='ltr'><strong>tuorum</strong></span> <span class='ocrx_word' id='word_1_333' title='bbox 374 2732 403 2785; x_wconf 89' lang='lat' dir='ltr'><strong>et</strong></span> <span class='ocrx_word' id='word_1_334' title='bbox 417 2727 590 2785; x_wconf 90' lang='lat' dir='ltr'><strong>ancillarum</strong></span> <span class='ocrx_word' id='word_1_335' title='bbox 613 2729 741 2794; x_wconf 89' lang='lat' dir='ltr'><strong>tuarum,</strong></span> <span class='ocrx_word' id='word_1_336' title='bbox 757 2723 808 2796; x_wconf 90' lang='lat' dir='ltr'><strong>qui</strong></span> <span class='ocrx_word' id='word_1_337' title='bbox 822 2722 945 2778; x_wconf 87' lang='lat' dir='ltr'><strong>mnndu-</strong></span> <span class='ocrx_word' id='word_1_338' title='bbox 1000 2722 1147 2796; x_wconf 84' lang='lat' dir='ltr'><strong>martyris,</strong></span> <span class='ocrx_word' id='word_1_339' title='bbox 1159 2728 1187 2781; x_wconf 91' lang='lat' dir='ltr'><strong>et</strong></span> <span class='ocrx_word' id='word_1_340' title='bbox 1197 2725 1292 2787; x_wconf 88' lang='lat' dir='ltr'><strong>saneti</strong></span> <span class='ocrx_word' id='word_1_341' title='bbox 1302 2727 1442 2805; x_wconf 76' lang='lat' dir='ltr'><strong>Stephani</strong></span> <span class='ocrx_word' id='word_1_342' title='bbox 1453 2730 1827 2808; x_wconf 70' lang='lat' dir='ltr'><strong>archidiaconiprotomar</strong></span> 
     </span>
     <span class='ocr_line' id='line_1_29' title="bbox 115 2811 1827 2895; baseline 0.001 -16"><span class='ocrx_word' id='word_1_343' title='bbox 115 2824 355 2879; x_wconf 76' lang='lat' dir='ltr'><strong>cas-unicornem</strong></span> <span class='ocrx_word' id='word_1_344' title='bbox 369 2820 493 2874; x_wconf 89' lang='lat' dir='ltr'><strong>tuamet</strong></span> <span class='ocrx_word' id='word_1_345' title='bbox 508 2816 645 2875; x_wconf 89' lang='lat' dir='ltr'><strong>biberunt</strong></span> <span class='ocrx_word' id='word_1_346' title='bbox 658 2811 946 2886; x_wconf 71' lang='lat' dir='ltr'><strong>tuummnguinom,</strong></span> <span class='ocrx_word' id='word_1_347' title='bbox 999 2812 1082 2895; x_wconf 66' lang='lat' dir='ltr'><strong>tyris,</strong></span> <span class='ocrx_word' id='word_1_348' title='bbox 1098 2817 1127 2869; x_wconf 92' lang='lat' dir='ltr'><strong>et</strong></span> <span class='ocrx_word' id='word_1_349' title='bbox 1142 2814 1235 2870; x_wconf 86' lang='lat' dir='ltr'><strong>sancti</strong></span> <span class='ocrx_word' id='word_1_350' title='bbox 1260 2816 1375 2893; x_wconf 89' lang='lat' dir='ltr'><strong>Georgii</strong></span> <span class='ocrx_word' id='word_1_351' title='bbox 1404 2817 1494 2879; x_wconf 81' lang='lat' dir='ltr'><strong>stelle</strong></span> <span class='ocrx_word' id='word_1_352' title='bbox 1523 2820 1655 2891; x_wconf 85' lang='lat' dir='ltr'><strong>honoris,</strong></span> <span class='ocrx_word' id='word_1_353' title='bbox 1670 2823 1827 2894; x_wconf 80' lang='lat' dir='ltr'><strong>Theodori,</strong></span> 
     </span>
     <span class='ocr_line' id='line_1_30' title="bbox 118 2894 1828 2989; baseline 0.005 -23"><span class='ocrx_word' id='word_1_354' title='bbox 118 2915 150 2981; x_wconf 85' lang='lat' dir='ltr'><strong>et</strong></span> <span class='ocrx_word' id='word_1_355' title='bbox 165 2910 196 2968; x_wconf 94' lang='lat' dir='ltr'><strong>in</strong></span> <span class='ocrx_word' id='word_1_356' title='bbox 211 2909 268 2966; x_wconf 86' lang='lat' dir='ltr'><strong>ilde</strong></span> <span class='ocrx_word' id='word_1_357' title='bbox 282 2912 334 2965; x_wconf 85' lang='lat' dir='ltr'><strong>tue</strong></span> <span class='ocrx_word' id='word_1_358' title='bbox 347 2907 529 2981; x_wconf 79' lang='lat' dir='ltr'><strong>quieverunt.</strong></span> <span class='ocrx_word' id='word_1_359' title='bbox 902 2894 909 2905; x_wconf 82' lang='lat'><strong><em>‘</em></strong></span> <span class='ocrx_word' id='word_1_360' title='bbox 1000 2900 1143 2974; x_wconf 86' lang='lat' dir='ltr'><strong>Baaadlii,</strong></span> <span class='ocrx_word' id='word_1_361' title='bbox 1158 2902 1282 2974; x_wconf 88' lang='lat' dir='ltr'><strong>Claudii,</strong></span> <span class='ocrx_word' id='word_1_362' title='bbox 1298 2905 1394 2963; x_wconf 86' lang='lat' dir='ltr'><strong>Minas</strong></span> <span class='ocrx_word' id='word_1_363' title='bbox 1409 2906 1502 2976; x_wconf 86' lang='lat' dir='ltr'><strong>electi,</strong></span> <span class='ocrx_word' id='word_1_364' title='bbox 1515 2911 1624 2968; x_wconf 84' lang='lat' dir='ltr'><strong>cosme</strong></span> <span class='ocrx_word' id='word_1_365' title='bbox 1639 2916 1669 2969; x_wconf 93' lang='lat' dir='ltr'><strong>et</strong></span> <span class='ocrx_word' id='word_1_366' title='bbox 1680 2912 1828 2989; x_wconf 85' lang='lat' dir='ltr'><strong>Damiani,</strong></span> 
     </span>
     <span class='ocr_line' id='line_1_31' title="bbox 377 2991 1829 3076; baseline -0.006 -22"><span class='ocrx_word' id='word_1_367' title='bbox 377 2997 473 3054; x_wconf 79' lang='lat' dir='ltr'><strong>Oratio</strong></span> <span class='ocrx_word' id='word_1_368' title='bbox 487 2995 693 3053; x_wconf 82' lang='lat' dir='ltr'><strong>benedictionis.</strong></span> <span class='ocrx_word' id='word_1_369' title='bbox 1000 2994 1030 3051; x_wconf 87' lang='lat' dir='ltr'><strong>et</strong></span> <span class='ocrx_word' id='word_1_370' title='bbox 1044 2991 1163 3050; x_wconf 87' lang='lat' dir='ltr'><strong>Petrum</strong></span> <span class='ocrx_word' id='word_1_371' title='bbox 1178 2998 1356 3065; x_wconf 89' lang='lat' dir='ltr'><strong>nostrorum,</strong></span> <span class='ocrx_word' id='word_1_372' title='bbox 1372 2997 1539 3071; x_wconf 80' lang='lat' dir='ltr'><strong>principum</strong></span> <span class='ocrx_word' id='word_1_373' title='bbox 1552 3001 1760 3076; x_wconf 63' lang='lat' dir='ltr'><strong>episcoporum</strong></span> <span class='ocrx_word' id='word_1_374' title='bbox 1774 3007 1829 3063; x_wconf 62' lang='lat' dir='ltr'><strong>ue.</strong></span> 
     </span>
     <span class='ocr_line' id='line_1_32' title="bbox 155 3079 1829 3165; baseline 0.003 -21"><span class='ocrx_word' id='word_1_375' title='bbox 155 3086 288 3145; x_wconf 84' lang='lat' dir='ltr'><strong>Sacerdos</strong></span> <span class='ocrx_word' id='word_1_376' title='bbox 302 3085 391 3143; x_wconf 81' lang='lat' dir='ltr'><strong>dicit:</strong></span> <span class='ocrx_word' id='word_1_377' title='bbox 407 3085 430 3142; x_wconf 88' lang='lat'>0</span> <span class='ocrx_word' id='word_1_378' title='bbox 454 3088 555 3141; x_wconf 84' lang='lat' dir='ltr'><strong>sancte</strong></span> <span class='ocrx_word' id='word_1_379' title='bbox 579 3083 719 3151; x_wconf 74' lang='lat' dir='ltr'><strong>Trinitas,</strong></span> <span class='ocrx_word' id='word_1_380' title='bbox 736 3083 830 3150; x_wconf 87' lang='lat' dir='ltr'><strong>Pater,</strong></span> <span class='ocrx_word' id='word_1_381' title='bbox 846 3079 898 3138; x_wconf 80' lang='lat' dir='ltr'><strong>lili</strong></span> <span class='ocrx_word' id='word_1_382' title='bbox 917 3081 948 3136; x_wconf 89' lang='lat' dir='ltr'><strong>ct</strong></span> <span class='ocrx_word' id='word_1_383' title='bbox 1001 3084 1154 3138; x_wconf 88' lang='lat' dir='ltr'><strong>centorum</strong></span> <span class='ocrx_word' id='word_1_384' title='bbox 1169 3083 1270 3141; x_wconf 88' lang='lat' dir='ltr'><strong>decem</strong></span> <span class='ocrx_word' id='word_1_385' title='bbox 1285 3087 1314 3141; x_wconf 91' lang='lat' dir='ltr'><strong>et</strong></span> <span class='ocrx_word' id='word_1_386' title='bbox 1329 3089 1392 3147; x_wconf 90' lang='lat' dir='ltr'><strong>octo</strong></span> <span class='ocrx_word' id='word_1_387' title='bbox 1407 3088 1458 3161; x_wconf 88' lang='lat' dir='ltr'><strong>qui</strong></span> <span class='ocrx_word' id='word_1_388' title='bbox 1472 3088 1593 3155; x_wconf 84' lang='lat' dir='ltr'><strong>luerunt</strong></span> <span class='ocrx_word' id='word_1_389' title='bbox 1604 3090 1708 3165; x_wconf 77' lang='lat' dir='ltr'><strong>Nicea,</strong></span> <span class='ocrx_word' id='word_1_390' title='bbox 1719 3095 1748 3153; x_wconf 88' lang='lat' dir='ltr'><strong>et</strong></span> <span class='ocrx_word' id='word_1_391' title='bbox 1758 3108 1829 3153; x_wconf 90' lang='lat' dir='ltr'><strong>oen-</strong></span> 
     </span>
     <span class='ocr_line' id='line_1_33' title="bbox 118 3152 1830 3255; baseline 0.005 -21"><span class='ocrx_word' id='word_1_392' title='bbox 118 3176 249 3252; x_wconf 82' lang='lat' dir='ltr'><strong>Spiritus</strong></span> <span class='ocrx_word' id='word_1_393' title='bbox 262 3179 373 3244; x_wconf 75' lang='lat' dir='ltr'><strong>sande,</strong></span> <span class='ocrx_word' id='word_1_394' title='bbox 384 3174 507 3232; x_wconf 86' lang='lat' dir='ltr'><strong>benedic</strong></span> <span class='ocrx_word' id='word_1_395' title='bbox 518 3171 759 3247; x_wconf 88' lang='lat' dir='ltr'><strong>superpopnlum</strong></span> <span class='ocrx_word' id='word_1_396' title='bbox 769 3175 853 3228; x_wconf 92' lang='lat' dir='ltr'><strong>tuum</strong></span> <span class='ocrx_word' id='word_1_397' title='bbox 861 3168 946 3228; x_wconf 89' lang='lat' dir='ltr'><strong>Chri·</strong></span> <span class='ocrx_word' id='word_1_398' title='bbox 961 3152 986 3221; x_wconf 71' lang='lat' dir='ltr'><strong>(i</strong></span> <span class='ocrx_word' id='word_1_399' title='bbox 1003 3173 1068 3226; x_wconf 88' lang='lat' dir='ltr'><strong>tam</strong></span> <span class='ocrx_word' id='word_1_400' title='bbox 1082 3171 1298 3247; x_wconf 85' lang='lat' dir='ltr'><strong>quinquaginta</strong></span> <span class='ocrx_word' id='word_1_401' title='bbox 1312 3174 1362 3247; x_wconf 85' lang='lat' dir='ltr'><strong>qui</strong></span> <span class='ocrx_word' id='word_1_402' title='bbox 1387 3176 1506 3235; x_wconf 88' lang='lat' dir='ltr'><strong>luerunt</strong></span> <span class='ocrx_word' id='word_1_403' title='bbox 1521 3178 1784 3255; x_wconf 76' lang='lat' dir='ltr'><strong>Constantinopoli,</strong></span> <span class='ocrx_word' id='word_1_404' title='bbox 1800 3184 1830 3241; x_wconf 86' lang='lat' dir='ltr'><strong>ot</strong></span> 
     </span>
     <span class='ocr_line' id='line_1_34' title="bbox 118 3258 1827 3340; baseline 0.004 -17"><span class='ocrx_word' id='word_1_405' title='bbox 118 3266 252 3324; x_wconf 61' lang='lat' dir='ltr'><strong>manum</strong></span> <span class='ocrx_word' id='word_1_406' title='bbox 279 3264 404 3322; x_wconf 87' lang='lat' dir='ltr'><strong>electum</strong></span> <span class='ocrx_word' id='word_1_407' title='bbox 433 3263 634 3323; x_wconf 86' lang='lat' dir='ltr'><strong>benedictione</strong></span> <span class='ocrx_word' id='word_1_408' title='bbox 661 3260 781 3330; x_wconf 62' lang='grc' dir='ltr'>οοιῑοιὶί,</span> <span class='ocrx_word' id='word_1_409' title='bbox 808 3264 838 3318; x_wconf 90' lang='lat' dir='ltr'><strong>et</strong></span> <span class='ocrx_word' id='word_1_410' title='bbox 863 3259 947 3316; x_wconf 88' lang='lat' dir='ltr'><strong>mitte</strong></span> <span class='ocrx_word' id='word_1_411' title='bbox 1001 3258 1195 3318; x_wconf 89' lang='lat' dir='ltr'><strong>ducentorum</strong></span> <span class='ocrx_word' id='word_1_412' title='bbox 1210 3261 1261 3336; x_wconf 91' lang='lat' dir='ltr'><strong>qui</strong></span> <span class='ocrx_word' id='word_1_413' title='bbox 1276 3264 1396 3325; x_wconf 87' lang='lat' dir='ltr'><strong>luerunt</strong></span> <span class='ocrx_word' id='word_1_414' title='bbox 1409 3266 1668 3340; x_wconf 61' lang='lat' dir='ltr'><strong>sphaeristerio</strong></span> <span class='ocrx_word' id='word_1_415' title='bbox 1676 3269 1827 3338; x_wconf 74' lang='lat' dir='ltr'><strong>Abnnnor,</strong></span> 
     </span>
     <span class='ocr_line' id='line_1_35' title="bbox 119 3350 1828 3430; baseline 0.004 -17"><span class='ocrx_word' id='word_1_416' title='bbox 119 3370 213 3430; x_wconf 85' lang='lat' dir='ltr'><strong>super</strong></span> <span class='ocrx_word' id='word_1_417' title='bbox 227 3371 281 3412; x_wconf 92' lang='lat' dir='ltr'><strong>nos</strong></span> <span class='ocrx_word' id='word_1_418' title='bbox 294 3355 421 3429; x_wconf 87' lang='lat' dir='ltr'><strong>gratiam</strong></span> <span class='ocrx_word' id='word_1_419' title='bbox 436 3352 562 3427; x_wconf 82' lang='lat' dir='ltr'><strong>Spiritus</strong></span> <span class='ocrx_word' id='word_1_420' title='bbox 577 3352 681 3410; x_wconf 84' lang='lat' dir='ltr'><strong>sancti.</strong></span> <span class='ocrx_word' id='word_1_421' title='bbox 701 3351 787 3425; x_wconf 78' lang='lat' dir='ltr'><strong>Aperi</strong></span> <span class='ocrx_word' id='word_1_422' title='bbox 803 3351 889 3408; x_wconf 90' lang='lat' dir='ltr'><strong>nobis</strong></span> <span class='ocrx_word' id='word_1_423' title='bbox 903 3350 946 3407; x_wconf 86' lang='lat' dir='ltr'><strong>io·</strong></span> <span class='ocrx_word' id='word_1_424' title='bbox 1001 3366 1127 3423; x_wconf 91' lang='lat' dir='ltr'><strong>quornm</strong></span> <span class='ocrx_word' id='word_1_425' title='bbox 1152 3352 1300 3409; x_wconf 88' lang='lat' dir='ltr'><strong>orationes</strong></span> <span class='ocrx_word' id='word_1_426' title='bbox 1319 3357 1347 3410; x_wconf 87' lang='lat' dir='ltr'><strong>ot</strong></span> <span class='ocrx_word' id='word_1_427' title='bbox 1362 3354 1578 3412; x_wconf 89' lang='lat' dir='ltr'><strong>benedictiones</strong></span> <span class='ocrx_word' id='word_1_428' title='bbox 1594 3359 1623 3413; x_wconf 90' lang='lat' dir='ltr'><strong>ot</strong></span> <span class='ocrx_word' id='word_1_429' title='bbox 1637 3354 1779 3418; x_wconf 84' lang='lat' dir='ltr'><strong>auxilinm</strong></span> <span class='ocrx_word' id='word_1_430' title='bbox 1794 3374 1828 3421; x_wconf 84' lang='lat' dir='ltr'><strong>eo</strong></span> 
     </span>
     <span class='ocr_line' id='line_1_36' title="bbox 118 3439 1827 3515; baseline -0.001 -13"><span class='ocrx_word' id='word_1_431' title='bbox 118 3460 169 3503; x_wconf 86' lang='lat' dir='ltr'><strong>res</strong></span> <span class='ocrx_word' id='word_1_432' title='bbox 191 3442 326 3501; x_wconf 74' lang='lat' dir='ltr'><strong>Scelesta</strong></span> <span class='ocrx_word' id='word_1_433' title='bbox 355 3447 412 3500; x_wconf 79' lang='lat' dir='ltr'><strong>ture</strong></span> <span class='ocrx_word' id='word_1_434' title='bbox 441 3447 557 3511; x_wconf 81' lang='lat' dir='ltr'><strong>sanotae,</strong></span> <span class='ocrx_word' id='word_1_435' title='bbox 574 3446 693 3515; x_wconf 87' lang='lat' dir='ltr'><strong>propter</strong></span> <span class='ocrx_word' id='word_1_436' title='bbox 716 3439 946 3498; x_wconf 87' lang='lat' dir='ltr'><strong>misericordiam</strong></span> <span class='ocrx_word' id='word_1_437' title='bbox 1001 3439 1096 3512; x_wconf 84' lang='lat' dir='ltr'><strong>gretia</strong></span> <span class='ocrx_word' id='word_1_438' title='bbox 1110 3440 1150 3496; x_wconf 90' lang='lat' dir='ltr'><strong>sit</strong></span> <span class='ocrx_word' id='word_1_439' title='bbox 1165 3439 1319 3498; x_wconf 91' lang='lat' dir='ltr'><strong>nobiscum</strong></span> <span class='ocrx_word' id='word_1_440' title='bbox 1338 3441 1368 3498; x_wconf 91' lang='lat' dir='ltr'><strong>in</strong></span> <span class='ocrx_word' id='word_1_441' title='bbox 1393 3442 1501 3505; x_wconf 87' lang='lat' dir='ltr'><strong>secale</strong></span> <span class='ocrx_word' id='word_1_442' title='bbox 1524 3441 1708 3507; x_wconf 85' lang='lat' dir='ltr'><strong>seculorum.</strong></span> <span class='ocrx_word' id='word_1_443' title='bbox 1722 3445 1827 3511; x_wconf 82' lang='lat' dir='ltr'><strong>Amen.</strong></span> 
     </span>
     <span class='ocr_line' id='line_1_37' title="bbox 118 3527 1829 3605; baseline 0 -15"><span class='ocrx_word' id='word_1_444' title='bbox 118 3537 243 3593; x_wconf 73' lang='lat' dir='ltr'><strong>tuamet</strong></span> <span class='ocrx_word' id='word_1_445' title='bbox 253 3533 341 3590; x_wconf 83' lang='lat' dir='ltr'><strong>iidem</strong></span> <span class='ocrx_word' id='word_1_446' title='bbox 357 3538 499 3590; x_wconf 86' lang='lat' dir='ltr'><strong>nostram.</strong></span> <span class='ocrx_word' id='word_1_447' title='bbox 511 3531 619 3588; x_wconf 80' lang='lat' dir='ltr'><strong>Perfice</strong></span> <span class='ocrx_word' id='word_1_448' title='bbox 633 3531 663 3586; x_wconf 93' lang='lat' dir='ltr'><strong>in</strong></span> <span class='ocrx_word' id='word_1_449' title='bbox 680 3529 764 3587; x_wconf 92' lang='lat' dir='ltr'><strong>nobis</strong></span> <span class='ocrx_word' id='word_1_450' title='bbox 778 3531 867 3588; x_wconf 85' lang='lat' dir='ltr'><strong>iidem</strong></span> <span class='ocrx_word' id='word_1_451' title='bbox 880 3528 946 3586; x_wconf 77' lang='lat' dir='ltr'><strong>&#39;lhi-</strong></span> <span class='ocrx_word' id='word_1_452' title='bbox 1002 3528 1127 3584; x_wconf 90' lang='lat' dir='ltr'><strong>istorum</strong></span> <span class='ocrx_word' id='word_1_453' title='bbox 1142 3533 1171 3584; x_wconf 90' lang='lat' dir='ltr'><strong>et</strong></span> <span class='ocrx_word' id='word_1_454' title='bbox 1184 3527 1301 3588; x_wconf 91' lang='lat' dir='ltr'><strong>illorum</strong></span> <span class='ocrx_word' id='word_1_455' title='bbox 1317 3529 1449 3587; x_wconf 90' lang='lat' dir='ltr'><strong>omniurn</strong></span> <span class='ocrx_word' id='word_1_456' title='bbox 1464 3531 1621 3595; x_wconf 87' lang='lat' dir='ltr'><strong>animabus</strong></span> <span class='ocrx_word' id='word_1_457' title='bbox 1633 3531 1764 3605; x_wconf 61' lang='lat' dir='ltr'><strong>monem</strong></span> <span class='ocrx_word' id='word_1_458' title='bbox 1779 3533 1829 3593; x_wconf 90' lang='lat' dir='ltr'><strong>tri-</strong></span> 
     </span>
     <span class='ocr_line' id='line_1_38' title="bbox 118 3618 1829 3696; baseline 0 -15"><span class='ocrx_word' id='word_1_459' title='bbox 118 3621 225 3681; x_wconf 86' lang='lat' dir='ltr'><strong>nitatis</strong></span> <span class='ocrx_word' id='word_1_460' title='bbox 250 3639 344 3696; x_wconf 86' lang='lat' dir='ltr'><strong>naque</strong></span> <span class='ocrx_word' id='word_1_461' title='bbox 363 3623 401 3681; x_wconf 89' lang='lat' dir='ltr'><strong>ad</strong></span> <span class='ocrx_word' id='word_1_462' title='bbox 421 3627 585 3678; x_wconf 81' lang='lat' dir='ltr'><strong>extremum</strong></span> <span class='ocrx_word' id='word_1_463' title='bbox 614 3619 762 3693; x_wconf 89' lang='lat' dir='ltr'><strong>spiritum,</strong></span> <span class='ocrx_word' id='word_1_464' title='bbox 778 3636 795 3676; x_wconf 94' lang='grc' dir='ltr'>ο</span> <span class='ocrx_word' id='word_1_465' title='bbox 810 3619 946 3693; x_wconf 90' lang='lat' dir='ltr'><strong>princeps</strong></span> <span class='ocrx_word' id='word_1_466' title='bbox 1000 3618 1424 3688; x_wconf 88' lang='lat' dir='ltr'><strong>bue,etmiserereeorum,ob</strong></span> <span class='ocrx_word' id='word_1_467' title='bbox 1436 3620 1464 3676; x_wconf 92' lang='lat' dir='ltr'><strong>id</strong></span> <span class='ocrx_word' id='word_1_468' title='bbox 1476 3619 1555 3683; x_wconf 90' lang='lat' dir='ltr'><strong>enim</strong></span> <span class='ocrx_word' id='word_1_469' title='bbox 1566 3619 1829 3684; x_wconf 78' lang='lat' dir='ltr'><strong>misistieomloh&#39;i-</strong></span> 
     </span>
     <span class='ocr_line' id='line_1_39' title="bbox 118 3705 1505 3783; baseline -0.004 -14"><span class='ocrx_word' id='word_1_470' title='bbox 118 3716 232 3782; x_wconf 88' lang='lat' dir='ltr'><strong>noster,</strong></span> <span class='ocrx_word' id='word_1_471' title='bbox 261 3711 330 3768; x_wconf 82' lang='lat' dir='ltr'><strong>iesu</strong></span> <span class='ocrx_word' id='word_1_472' title='bbox 360 3711 483 3777; x_wconf 88' lang='lat' dir='ltr'><strong>Christe,</strong></span> <span class='ocrx_word' id='word_1_473' title='bbox 512 3711 597 3766; x_wconf 86' lang='lat' dir='ltr'><strong>visita</strong></span> <span class='ocrx_word' id='word_1_474' title='bbox 623 3709 776 3766; x_wconf 79' lang='lat' dir='ltr'><strong>infirmum</strong></span> <span class='ocrx_word' id='word_1_475' title='bbox 804 3708 946 3782; x_wconf 92' lang='lat' dir='ltr'><strong>populum</strong></span> <span class='ocrx_word' id='word_1_476' title='bbox 1000 3705 1073 3763; x_wconf 91' lang='lat' dir='ltr'><strong>lium</strong></span> <span class='ocrx_word' id='word_1_477' title='bbox 1088 3712 1173 3763; x_wconf 91' lang='lat' dir='ltr'><strong>tuum</strong></span> <span class='ocrx_word' id='word_1_478' title='bbox 1189 3707 1218 3763; x_wconf 92' lang='lat' dir='ltr'><strong>in</strong></span> <span class='ocrx_word' id='word_1_479' title='bbox 1236 3712 1352 3765; x_wconf 86' lang='lat' dir='ltr'><strong>uterum</strong></span> <span class='ocrx_word' id='word_1_480' title='bbox 1365 3707 1505 3783; x_wconf 88' lang='lat' dir='ltr'><strong>Virginis.</strong></span> 
     </span>
     <span class='ocr_line' id='line_1_40' title="bbox 118 3796 1623 3873; baseline -0.003 -15"><span class='ocrx_word' id='word_1_481' title='bbox 118 3805 218 3870; x_wconf 76' lang='lat' dir='ltr'><strong>mam,</strong></span> <span class='ocrx_word' id='word_1_482' title='bbox 229 3806 259 3858; x_wconf 89' lang='lat' dir='ltr'><strong>et</strong></span> <span class='ocrx_word' id='word_1_483' title='bbox 270 3816 343 3858; x_wconf 82' lang='lat' dir='ltr'><strong>sana</strong></span> <span class='ocrx_word' id='word_1_484' title='bbox 356 3816 435 3857; x_wconf 84' lang='lat' dir='ltr'><strong>eum.</strong></span> <span class='ocrx_word' id='word_1_485' title='bbox 448 3798 653 3873; x_wconf 84' lang='lat' dir='ltr'><strong>Dirigepatres</strong></span> <span class='ocrx_word' id='word_1_486' title='bbox 669 3802 784 3855; x_wconf 90' lang='lat' dir='ltr'><strong>nostros</strong></span> <span class='ocrx_word' id='word_1_487' title='bbox 798 3802 828 3855; x_wconf 92' lang='lat' dir='ltr'><strong>et</strong></span> <span class='ocrx_word' id='word_1_488' title='bbox 842 3798 947 3854; x_wconf 86' lang='lat' dir='ltr'><strong>iratres</strong></span> <span class='ocrx_word' id='word_1_489' title='bbox 1037 3799 1176 3853; x_wconf 84' lang='lat' dir='ltr'><strong>Diaconos</strong></span> <span class='ocrx_word' id='word_1_490' title='bbox 1189 3796 1256 3853; x_wconf 86' lang='lat' dir='ltr'><strong>dicit</strong></span> <span class='ocrx_word' id='word_1_491' title='bbox 1271 3815 1280 3852; x_wconf 91' lang='lat'><strong>.·</strong></span> <span class='ocrx_word' id='word_1_492' title='bbox 1296 3796 1350 3864; x_wconf 84' lang='lat' dir='ltr'><strong>oni</strong></span> <span class='ocrx_word' id='word_1_493' title='bbox 1366 3798 1484 3867; x_wconf 88' lang='lat' dir='ltr'><strong>sedetis,</strong></span> <span class='ocrx_word' id='word_1_494' title='bbox 1502 3798 1623 3872; x_wconf 90' lang='lat' dir='ltr'><strong>surgite.</strong></span> 
     </span>
     <span class='ocr_line' id='line_1_41' title="bbox 119 3886 1827 3963; baseline 0 -15"><span class='ocrx_word' id='word_1_495' title='bbox 119 3895 243 3948; x_wconf 74' lang='lat' dir='ltr'><strong>nemros</strong></span> <span class='ocrx_word' id='word_1_496' title='bbox 257 3890 486 3963; x_wconf 87' lang='lat' dir='ltr'><strong>peregrinantes,</strong></span> <span class='ocrx_word' id='word_1_497' title='bbox 504 3888 593 3945; x_wconf 87' lang='lat' dir='ltr'><strong>reduc</strong></span> <span class='ocrx_word' id='word_1_498' title='bbox 620 3904 671 3944; x_wconf 90' lang='lat' dir='ltr'><strong>eos</strong></span> <span class='ocrx_word' id='word_1_499' title='bbox 694 3888 731 3943; x_wconf 88' lang='lat' dir='ltr'><strong>nd</strong></span> <span class='ocrx_word' id='word_1_500' title='bbox 760 3886 836 3944; x_wconf 89' lang='lat' dir='ltr'><strong>lares</strong></span> <span class='ocrx_word' id='word_1_501' title='bbox 864 3903 946 3954; x_wconf 91' lang='lat' dir='ltr'><strong>suos,</strong></span> <span class='ocrx_word' id='word_1_502' title='bbox 1037 3886 1166 3943; x_wconf 81' lang='lat' dir='ltr'><strong>Sacerdos</strong></span> <span class='ocrx_word' id='word_1_503' title='bbox 1181 3887 1248 3943; x_wconf 85' lang='lat' dir='ltr'><strong>dicit</strong></span> <span class='ocrx_word' id='word_1_504' title='bbox 1263 3907 1271 3943; x_wconf 91' lang='lat'><em>:</em></span> <span class='ocrx_word' id='word_1_505' title='bbox 1286 3887 1318 3943; x_wconf 92' lang='lat' dir='ltr'><strong>la</strong></span> <span class='ocrx_word' id='word_1_506' title='bbox 1342 3905 1401 3961; x_wconf 87' lang='lat' dir='ltr'><strong>quo</strong></span> <span class='ocrx_word' id='word_1_507' title='bbox 1422 3891 1566 3962; x_wconf 86' lang='lat' dir='ltr'><strong>portatas,</strong></span> <span class='ocrx_word' id='word_1_508' title='bbox 1580 3904 1647 3949; x_wconf 84' lang='lat' dir='ltr'><strong>caro</strong></span> <span class='ocrx_word' id='word_1_509' title='bbox 1663 3890 1757 3947; x_wconf 83' lang='lat' dir='ltr'><strong>sactus</strong></span> <span class='ocrx_word' id='word_1_510' title='bbox 1772 3895 1827 3961; x_wconf 88' lang='lat' dir='ltr'><strong>est,</strong></span> 
     </span>
     <span class='ocr_line' id='line_1_42' title="bbox 119 3966 1808 4053; baseline 0 -16"><span class='ocrx_word' id='word_1_511' title='bbox 119 3995 190 4038; x_wconf 83' lang='lat' dir='ltr'><strong>cnm</strong></span> <span class='ocrx_word' id='word_1_512' title='bbox 202 3980 299 4036; x_wconf 84' lang='lat' dir='ltr'><strong>salute</strong></span> <span class='ocrx_word' id='word_1_513' title='bbox 311 3983 340 4036; x_wconf 87' lang='lat' dir='ltr'><strong>et</strong></span> <span class='ocrx_word' id='word_1_514' title='bbox 354 3995 439 4052; x_wconf 80' lang='lat' dir='ltr'><strong>paoe3</strong></span> <span class='ocrx_word' id='word_1_515' title='bbox 451 3979 573 4035; x_wconf 91' lang='lat' dir='ltr'><strong>benedic</strong></span> <span class='ocrx_word' id='word_1_516' title='bbox 584 3981 685 4035; x_wconf 84' lang='lat' dir='ltr'><strong>ventos</strong></span> <span class='ocrx_word' id='word_1_517' title='bbox 700 3977 812 4046; x_wconf 65' lang='lat' dir='ltr'><strong>enitet</strong></span> <span class='ocrx_word' id='word_1_518' title='bbox 821 3975 945 4051; x_wconf 81' lang='lat' dir='ltr'><strong>pluvias,</strong></span> <span class='ocrx_word' id='word_1_519' title='bbox 1001 3977 1031 4031; x_wconf 87' lang='lat' dir='ltr'><strong>et</strong></span> <span class='ocrx_word' id='word_1_520' title='bbox 1046 3977 1134 4031; x_wconf 89' lang='lat' dir='ltr'><strong>notus</strong></span> <span class='ocrx_word' id='word_1_521' title='bbox 1148 3991 1201 4049; x_wconf 91' lang='lat' dir='ltr'><strong>per</strong></span> <span class='ocrx_word' id='word_1_522' title='bbox 1215 3976 1357 4048; x_wconf 90' lang='lat' dir='ltr'><strong>Spiritum</strong></span> <span class='ocrx_word' id='word_1_523' title='bbox 1373 3981 1508 4040; x_wconf 85' lang='lat' dir='ltr'><strong>sanctum</strong></span> <span class='ocrx_word' id='word_1_524' title='bbox 1524 3977 1554 4034; x_wconf 92' lang='lat' dir='ltr'><strong>ia</strong></span> <span class='ocrx_word' id='word_1_525' title='bbox 1569 3978 1634 4053; x_wconf 89' lang='lat' dir='ltr'><strong>ejus</strong></span> <span class='ocrx_word' id='word_1_526' title='bbox 1648 3966 1808 4037; x_wconf 84' lang='lat' dir='ltr'><strong>nativitate.</strong></span> 
     </span>
     <span class='ocr_line' id='line_1_43' title="bbox 119 4065 1596 4141; baseline -0.002 -16"><span class='ocrx_word' id='word_1_527' title='bbox 119 4085 155 4127; x_wconf 80' lang='lat' dir='ltr'><strong>sc</strong></span> <span class='ocrx_word' id='word_1_528' title='bbox 168 4069 284 4125; x_wconf 79' lang='lat' dir='ltr'><strong>tructus</strong></span> <span class='ocrx_word' id='word_1_529' title='bbox 297 4074 381 4125; x_wconf 83' lang='lat' dir='ltr'><strong>torre</strong></span> <span class='ocrx_word' id='word_1_530' title='bbox 403 4067 554 4141; x_wconf 81' lang='lat' dir='ltr'><strong>presentis</strong></span> <span class='ocrx_word' id='word_1_531' title='bbox 579 4068 649 4123; x_wconf 89' lang='lat' dir='ltr'><strong>anni</strong></span> <span class='ocrx_word' id='word_1_532' title='bbox 676 4083 729 4140; x_wconf 93' lang='lat' dir='ltr'><strong>pro</strong></span> <span class='ocrx_word' id='word_1_533' title='bbox 754 4066 849 4141; x_wconf 88' lang='lat' dir='ltr'><strong>gratia</strong></span> <span class='ocrx_word' id='word_1_534' title='bbox 875 4069 945 4136; x_wconf 85' lang='lat' dir='ltr'><strong>tne;</strong></span> <span class='ocrx_word' id='word_1_535' title='bbox 1036 4065 1172 4121; x_wconf 80' lang='lat' dir='ltr'><strong>Diaconos</strong></span> <span class='ocrx_word' id='word_1_536' title='bbox 1187 4065 1255 4121; x_wconf 84' lang='lat' dir='ltr'><strong>dicit</strong></span> <span class='ocrx_word' id='word_1_537' title='bbox 1269 4083 1279 4122; x_wconf 89' lang='lat'><strong>.·</strong></span> <span class='ocrx_word' id='word_1_538' title='bbox 1294 4065 1423 4140; x_wconf 80' lang='lat' dir='ltr'><strong>Aspicite</strong></span> <span class='ocrx_word' id='word_1_539' title='bbox 1438 4065 1475 4126; x_wconf 84' lang='lat' dir='ltr'><strong>od</strong></span> <span class='ocrx_word' id='word_1_540' title='bbox 1488 4070 1596 4127; x_wconf 90' lang='lat' dir='ltr'><strong>ortum.</strong></span> 
     </span>
     <span class='ocr_line' id='line_1_44' title="bbox 118 4150 1830 4233; baseline 0.001 -19"><span class='ocrx_word' id='word_1_541' title='bbox 118 4157 220 4233; x_wconf 80' lang='lat' dir='ltr'><strong>prebe</strong></span> <span class='ocrx_word' id='word_1_542' title='bbox 242 4174 358 4230; x_wconf 84' lang='lat' dir='ltr'><strong>semper</strong></span> <span class='ocrx_word' id='word_1_543' title='bbox 382 4158 523 4232; x_wconf 90' lang='lat' dir='ltr'><strong>gaudium</strong></span> <span class='ocrx_word' id='word_1_544' title='bbox 539 4162 568 4214; x_wconf 86' lang='lat' dir='ltr'><strong>et</strong></span> <span class='ocrx_word' id='word_1_545' title='bbox 588 4156 708 4213; x_wconf 88' lang='lat' dir='ltr'><strong>delicies</strong></span> <span class='ocrx_word' id='word_1_546' title='bbox 732 4172 821 4229; x_wconf 91' lang='lat' dir='ltr'><strong>super</strong></span> <span class='ocrx_word' id='word_1_547' title='bbox 843 4156 948 4212; x_wconf 81' lang='lat' dir='ltr'><strong>taciem</strong></span> <span class='ocrx_word' id='word_1_548' title='bbox 1037 4154 1167 4212; x_wconf 81' lang='lat' dir='ltr'><strong>Sacerdos</strong></span> <span class='ocrx_word' id='word_1_549' title='bbox 1181 4153 1392 4213; x_wconf 77' lang='lat' dir='ltr'><strong>dicitrCoram</strong></span> <span class='ocrx_word' id='word_1_550' title='bbox 1414 4159 1443 4212; x_wconf 91' lang='lat' dir='ltr'><strong>te</strong></span> <span class='ocrx_word' id='word_1_551' title='bbox 1466 4156 1609 4219; x_wconf 83' lang='lat' dir='ltr'><strong>assistant</strong></span> <span class='ocrx_word' id='word_1_552' title='bbox 1635 4150 1730 4217; x_wconf 86' lang='lat' dir='ltr'><strong>millia</strong></span> <span class='ocrx_word' id='word_1_553' title='bbox 1758 4159 1830 4216; x_wconf 89' lang='lat' dir='ltr'><strong>mil·</strong></span> 
     </span>
     <span class='ocr_line' id='line_1_45' title="bbox 118 4234 1827 4323; baseline 0.001 -19"><span class='ocrx_word' id='word_1_554' title='bbox 118 4249 260 4316; x_wconf 63' lang='lat' dir='ltr'><strong>tetemet</strong></span> <span class='ocrx_word' id='word_1_555' title='bbox 280 4246 436 4303; x_wconf 83' lang='lat' dir='ltr'><strong>corrobora</strong></span> <span class='ocrx_word' id='word_1_556' title='bbox 461 4260 618 4319; x_wconf 88' lang='lat' dir='ltr'><strong>supernos</strong></span> <span class='ocrx_word' id='word_1_557' title='bbox 633 4260 734 4317; x_wconf 86' lang='lat' dir='ltr'><strong>paoem</strong></span> <span class='ocrx_word' id='word_1_558' title='bbox 750 4242 948 4301; x_wconf 82' lang='lat' dir='ltr'><strong>tuamlnduc</strong></span> <span class='ocrx_word' id='word_1_559' title='bbox 1002 4243 1076 4300; x_wconf 90' lang='lat' dir='ltr'><strong>lium</strong></span> <span class='ocrx_word' id='word_1_560' title='bbox 1105 4234 1275 4301; x_wconf 82' lang='lat' dir='ltr'><strong>sanctorum</strong></span> <span class='ocrx_word' id='word_1_561' title='bbox 1311 4243 1494 4321; x_wconf 89' lang='lat' dir='ltr'><strong>angelorum,</strong></span> <span class='ocrx_word' id='word_1_562' title='bbox 1523 4249 1552 4302; x_wconf 88' lang='lat' dir='ltr'><strong>et</strong></span> <span class='ocrx_word' id='word_1_563' title='bbox 1579 4246 1746 4323; x_wconf 89' lang='lat' dir='ltr'><strong>principum</strong></span> <span class='ocrx_word' id='word_1_564' title='bbox 1781 4265 1827 4305; x_wconf 92' lang='lat' dir='ltr'><strong>eo-</strong></span> 
     </span>
     <span class='ocr_line' id='line_1_46' title="bbox 120 4330 1080 4410; baseline -0.003 -18"><span class='ocrx_word' id='word_1_565' title='bbox 120 4334 211 4392; x_wconf 84' lang='lat' dir='ltr'><strong>corda</strong></span> <span class='ocrx_word' id='word_1_566' title='bbox 233 4350 336 4410; x_wconf 86' lang='lat' dir='ltr'><strong>rogum</strong></span> <span class='ocrx_word' id='word_1_567' title='bbox 360 4335 518 4409; x_wconf 89' lang='lat' dir='ltr'><strong>proborum</strong></span> <span class='ocrx_word' id='word_1_568' title='bbox 533 4334 569 4390; x_wconf 89' lang='lat' dir='ltr'><strong>ad</strong></span> <span class='ocrx_word' id='word_1_569' title='bbox 585 4330 826 4390; x_wconf 76' lang='lat' dir='ltr'><strong>benefaciendum</strong></span> <span class='ocrx_word' id='word_1_570' title='bbox 851 4333 946 4403; x_wconf 86' lang='lat' dir='ltr'><strong>nobis,</strong></span> <span class='ocrx_word' id='word_1_571' title='bbox 1003 4351 1080 4391; x_wconf 92' lang='lat' dir='ltr'><strong>rum.</strong></span> 
     </span>
     <span class='ocr_line' id='line_1_47' title="bbox 121 4422 1490 4498; baseline -0.002 -16"><span class='ocrx_word' id='word_1_572' title='bbox 121 4425 159 4482; x_wconf 82' lang='lat' dir='ltr'><strong>da</strong></span> <span class='ocrx_word' id='word_1_573' title='bbox 173 4423 302 4498; x_wconf 83' lang='lat' dir='ltr'><strong>gratiose</strong></span> <span class='ocrx_word' id='word_1_574' title='bbox 316 4425 458 4481; x_wconf 89' lang='lat' dir='ltr'><strong>honoram</strong></span> <span class='ocrx_word' id='word_1_575' title='bbox 480 4423 663 4496; x_wconf 90' lang='lat' dir='ltr'><strong>principibus</strong></span> <span class='ocrx_word' id='word_1_576' title='bbox 677 4422 813 4481; x_wconf 79' lang='lat' dir='ltr'><strong>Ecclesiae</strong></span> <span class='ocrx_word' id='word_1_577' title='bbox 828 4429 946 4494; x_wconf 80' lang='lat' dir='ltr'><strong>sancte,</strong></span> <span class='ocrx_word' id='word_1_578' title='bbox 1038 4426 1175 4481; x_wconf 82' lang='lat' dir='ltr'><strong>Diaconos</strong></span> <span class='ocrx_word' id='word_1_579' title='bbox 1189 4424 1257 4480; x_wconf 87' lang='lat' dir='ltr'><strong>dicit</strong></span> <span class='ocrx_word' id='word_1_580' title='bbox 1271 4443 1280 4479; x_wconf 90' lang='lat'><strong>.·</strong></span> <span class='ocrx_word' id='word_1_581' title='bbox 1295 4423 1490 4497; x_wconf 83' lang='lat' dir='ltr'><strong>Aspiciamus.</strong></span> 
     </span>
     <span class='ocr_line' id='line_1_48' title="bbox 120 4511 1829 4593; baseline 0 -23"><span class='ocrx_word' id='word_1_582' title='bbox 120 4513 251 4588; x_wconf 88' lang='lat' dir='ltr'><strong>singulis</strong></span> <span class='ocrx_word' id='word_1_583' title='bbox 265 4530 368 4571; x_wconf 91' lang='lat' dir='ltr'><strong>eorum</strong></span> <span class='ocrx_word' id='word_1_584' title='bbox 383 4515 470 4586; x_wconf 83' lang='lat' dir='ltr'><strong>juxta</strong></span> <span class='ocrx_word' id='word_1_585' title='bbox 484 4520 722 4581; x_wconf 86' lang='lat' dir='ltr'><strong>aaram&#39;aomon,</strong></span> <span class='ocrx_word' id='word_1_586' title='bbox 739 4512 769 4568; x_wconf 91' lang='lat' dir='ltr'><strong>in</strong></span> <span class='ocrx_word' id='word_1_587' title='bbox 790 4518 947 4587; x_wconf 73' lang='lat' dir='ltr'><strong>conspectu</strong></span> <span class='ocrx_word' id='word_1_588' title='bbox 963 4526 990 4593; x_wconf 77' lang='lat'><strong>1)</strong></span> <span class='ocrx_word' id='word_1_589' title='bbox 1037 4513 1168 4571; x_wconf 82' lang='lat' dir='ltr'><strong>Sacerdos</strong></span> <span class='ocrx_word' id='word_1_590' title='bbox 1183 4513 1254 4569; x_wconf 85' lang='lat' dir='ltr'><strong>dicit</strong></span> <span class='ocrx_word' id='word_1_591' title='bbox 1269 4531 1278 4567; x_wconf 74' lang='lat' dir='ltr'><strong>s</strong></span> <span class='ocrx_word' id='word_1_592' title='bbox 1296 4513 1443 4568; x_wconf 87' lang='lat' dir='ltr'><strong>Honorata</strong></span> <span class='ocrx_word' id='word_1_593' title='bbox 1473 4527 1590 4584; x_wconf 87' lang='lat' dir='ltr'><strong>quoque</strong></span> <span class='ocrx_word' id='word_1_594' title='bbox 1611 4511 1762 4580; x_wconf 87' lang='lat' dir='ltr'><strong>animalia,</strong></span> <span class='ocrx_word' id='word_1_595' title='bbox 1779 4527 1829 4570; x_wconf 85' lang='lat' dir='ltr'><strong>sex</strong></span> 
     </span>
     <span class='ocr_line' id='line_1_49' title="bbox 119 4599 1829 4677; baseline 0.002 -18"><span class='ocrx_word' id='word_1_596' title='bbox 119 4617 225 4677; x_wconf 76' lang='lat' dir='ltr'><strong>tagram</strong></span> <span class='ocrx_word' id='word_1_597' title='bbox 240 4603 404 4677; x_wconf 83' lang='lat' dir='ltr'><strong>potantium</strong></span> <span class='ocrx_word' id='word_1_598' title='bbox 421 4604 525 4659; x_wconf 85' lang='lat' dir='ltr'><strong>iaceas</strong></span> <span class='ocrx_word' id='word_1_599' title='bbox 539 4605 646 4676; x_wconf 87' lang='lat' dir='ltr'><strong>gratos.</strong></span> <span class='ocrx_word' id='word_1_600' title='bbox 664 4603 688 4658; x_wconf 88' lang='lat'>0</span> <span class='ocrx_word' id='word_1_601' title='bbox 703 4602 835 4672; x_wconf 88' lang='lat' dir='ltr'><strong>Domine,</strong></span> <span class='ocrx_word' id='word_1_602' title='bbox 852 4604 949 4677; x_wconf 74' lang='lat' dir='ltr'><strong>praebe</strong></span> <span class='ocrx_word' id='word_1_603' title='bbox 1003 4602 1065 4659; x_wconf 88' lang='lat' dir='ltr'><strong>aias</strong></span> <span class='ocrx_word' id='word_1_604' title='bbox 1080 4602 1228 4669; x_wconf 88' lang='lat' dir='ltr'><strong>habentia,</strong></span> <span class='ocrx_word' id='word_1_605' title='bbox 1241 4600 1394 4673; x_wconf 85' lang='lat' dir='ltr'><strong>Seraphim</strong></span> <span class='ocrx_word' id='word_1_606' title='bbox 1405 4604 1434 4658; x_wconf 90' lang='lat' dir='ltr'><strong>et</strong></span> <span class='ocrx_word' id='word_1_607' title='bbox 1448 4599 1606 4662; x_wconf 87' lang='lat' dir='ltr'><strong>Cherubim</strong></span> <span class='ocrx_word' id='word_1_608' title='bbox 1617 4601 1668 4675; x_wconf 86' lang='lat' dir='ltr'><strong>qui</strong></span> <span class='ocrx_word' id='word_1_609' title='bbox 1680 4618 1748 4659; x_wconf 90' lang='lat' dir='ltr'><strong>cum</strong></span> <span class='ocrx_word' id='word_1_610' title='bbox 1759 4602 1829 4664; x_wconf 83' lang='lat' dir='ltr'><strong>due·</strong></span> 
     </span>
     <span class='ocr_line' id='line_1_50' title="bbox 120 4688 1829 4767; baseline -0.001 -18"><span class='ocrx_word' id='word_1_611' title='bbox 120 4693 256 4766; x_wconf 82' lang='lat' dir='ltr'><strong>reqaiam</strong></span> <span class='ocrx_word' id='word_1_612' title='bbox 281 4693 438 4749; x_wconf 85' lang='lat' dir='ltr'><strong>animabus</strong></span> <span class='ocrx_word' id='word_1_613' title='bbox 453 4696 570 4764; x_wconf 85' lang='lat' dir='ltr'><strong>petrum</strong></span> <span class='ocrx_word' id='word_1_614' title='bbox 585 4696 614 4749; x_wconf 88' lang='lat' dir='ltr'><strong>et</strong></span> <span class='ocrx_word' id='word_1_615' title='bbox 629 4693 752 4748; x_wconf 80' lang='lat' dir='ltr'><strong>fratrom</strong></span> <span class='ocrx_word' id='word_1_616' title='bbox 767 4695 947 4761; x_wconf 88' lang='lat' dir='ltr'><strong>nostrorum,</strong></span> <span class='ocrx_word' id='word_1_617' title='bbox 1004 4693 1059 4748; x_wconf 90' lang='lat' dir='ltr'><strong>bus</strong></span> <span class='ocrx_word' id='word_1_618' title='bbox 1076 4691 1131 4748; x_wconf 90' lang='lat' dir='ltr'><strong>alis</strong></span> <span class='ocrx_word' id='word_1_619' title='bbox 1147 4691 1209 4748; x_wconf 87' lang='lat' dir='ltr'><strong>suis</strong></span> <span class='ocrx_word' id='word_1_620' title='bbox 1226 4688 1329 4746; x_wconf 89' lang='lat' dir='ltr'><strong>laciem</strong></span> <span class='ocrx_word' id='word_1_621' title='bbox 1345 4705 1442 4761; x_wconf 87' lang='lat' dir='ltr'><strong>suam,</strong></span> <span class='ocrx_word' id='word_1_622' title='bbox 1458 4693 1487 4747; x_wconf 85' lang='lat' dir='ltr'><strong>at</strong></span> <span class='ocrx_word' id='word_1_623' title='bbox 1511 4706 1578 4747; x_wconf 90' lang='lat' dir='ltr'><strong>cum</strong></span> <span class='ocrx_word' id='word_1_624' title='bbox 1600 4691 1717 4751; x_wconf 92' lang='lat' dir='ltr'><strong>duabus</strong></span> <span class='ocrx_word' id='word_1_625' title='bbox 1741 4692 1829 4767; x_wconf 88' lang='lat' dir='ltr'><strong>pedes</strong></span> 
     </span>
     <span class='ocr_line' id='line_1_51' title="bbox 121 4777 1829 4855; baseline 0 -19"><span class='ocrx_word' id='word_1_626' title='bbox 121 4781 171 4855; x_wconf 88' lang='lat' dir='ltr'><strong>qui</strong></span> <span class='ocrx_word' id='word_1_627' title='bbox 187 4781 219 4836; x_wconf 92' lang='lat' dir='ltr'><strong>in</strong></span> <span class='ocrx_word' id='word_1_628' title='bbox 235 4784 315 4837; x_wconf 87' lang='lat' dir='ltr'><strong>reeta</strong></span> <span class='ocrx_word' id='word_1_629' title='bbox 330 4781 386 4837; x_wconf 86' lang='lat' dir='ltr'><strong>ilde</strong></span> <span class='ocrx_word' id='word_1_630' title='bbox 400 4779 551 4836; x_wconf 90' lang='lat' dir='ltr'><strong>dormiunt</strong></span> <span class='ocrx_word' id='word_1_631' title='bbox 561 4783 590 4835; x_wconf 90' lang='lat' dir='ltr'><strong>et</strong></span> <span class='ocrx_word' id='word_1_632' title='bbox 601 4778 768 4852; x_wconf 87' lang='lat' dir='ltr'><strong>quieseant,</strong></span> <span class='ocrx_word' id='word_1_633' title='bbox 784 4782 813 4834; x_wconf 88' lang='lat' dir='ltr'><strong>et</strong></span> <span class='ocrx_word' id='word_1_634' title='bbox 826 4779 950 4835; x_wconf 89' lang='lat' dir='ltr'><strong>benedic</strong></span> <span class='ocrx_word' id='word_1_635' title='bbox 1002 4798 1073 4838; x_wconf 89' lang='lat' dir='ltr'><strong>snos</strong></span> <span class='ocrx_word' id='word_1_636' title='bbox 1088 4784 1205 4855; x_wconf 86' lang='lat' dir='ltr'><strong>togunt;</strong></span> <span class='ocrx_word' id='word_1_637' title='bbox 1215 4794 1282 4835; x_wconf 90' lang='lat' dir='ltr'><strong>cum</strong></span> <span class='ocrx_word' id='word_1_638' title='bbox 1299 4777 1416 4837; x_wconf 87' lang='lat' dir='ltr'><strong>duabus</strong></span> <span class='ocrx_word' id='word_1_639' title='bbox 1429 4794 1496 4835; x_wconf 80' lang='lat' dir='ltr'><strong>vero</strong></span> <span class='ocrx_word' id='word_1_640' title='bbox 1510 4777 1639 4837; x_wconf 87' lang='lat' dir='ltr'><strong>volante</strong></span> <span class='ocrx_word' id='word_1_641' title='bbox 1653 4780 1711 4836; x_wconf 92' lang='lat' dir='ltr'><strong>llae</strong></span> <span class='ocrx_word' id='word_1_642' title='bbox 1726 4779 1829 4836; x_wconf 91' lang='lat' dir='ltr'><strong>mundi</strong></span> 
     </span>
     <span class='ocr_line' id='line_1_52' title="bbox 119 4864 1828 4943; baseline -0.002 -16"><span class='ocrx_word' id='word_1_643' title='bbox 119 4869 168 4927; x_wconf 86' lang='lat' dir='ltr'><strong>his</strong></span> <span class='ocrx_word' id='word_1_644' title='bbox 181 4867 235 4943; x_wconf 87' lang='lat' dir='ltr'><strong>qui</strong></span> <span class='ocrx_word' id='word_1_645' title='bbox 249 4868 386 4928; x_wconf 84' lang='lat' dir='ltr'><strong>laborant</strong></span> <span class='ocrx_word' id='word_1_646' title='bbox 399 4869 477 4925; x_wconf 87' lang='lat' dir='ltr'><strong>circa</strong></span> <span class='ocrx_word' id='word_1_647' title='bbox 499 4868 596 4936; x_wconf 85' lang='lat' dir='ltr'><strong>thura,</strong></span> <span class='ocrx_word' id='word_1_648' title='bbox 614 4868 690 4924; x_wconf 87' lang='lat' dir='ltr'><strong>eirca</strong></span> <span class='ocrx_word' id='word_1_649' title='bbox 704 4867 855 4933; x_wconf 82' lang='lat' dir='ltr'><strong>sacrificia,</strong></span> <span class='ocrx_word' id='word_1_650' title='bbox 873 4868 949 4923; x_wconf 89' lang='lat' dir='ltr'><strong>circa</strong></span> <span class='ocrx_word' id='word_1_651' title='bbox 1003 4869 1040 4926; x_wconf 88' lang='lat' dir='ltr'><strong>ad</strong></span> <span class='ocrx_word' id='word_1_652' title='bbox 1056 4869 1143 4924; x_wconf 92' lang='lat' dir='ltr'><strong>ssnem</strong></span> <span class='ocrx_word' id='word_1_653' title='bbox 1157 4886 1165 4933; x_wconf 74' lang='grc' dir='ltr'><strong>ς</strong></span> <span class='ocrx_word' id='word_1_654' title='bbox 1179 4864 1256 4924; x_wconf 86' lang='lat' dir='ltr'><strong>sicut</strong></span> <span class='ocrx_word' id='word_1_655' title='bbox 1271 4883 1388 4942; x_wconf 88' lang='lat' dir='ltr'><strong>semper</strong></span> <span class='ocrx_word' id='word_1_656' title='bbox 1400 4871 1428 4925; x_wconf 89' lang='lat' dir='ltr'><strong>te</strong></span> <span class='ocrx_word' id='word_1_657' title='bbox 1443 4867 1628 4925; x_wconf 88' lang='lat' dir='ltr'><strong>sanctilloant</strong></span> <span class='ocrx_word' id='word_1_658' title='bbox 1646 4872 1675 4928; x_wconf 87' lang='lat' dir='ltr'><strong>et</strong></span> <span class='ocrx_word' id='word_1_659' title='bbox 1695 4867 1828 4935; x_wconf 88' lang='lat' dir='ltr'><strong>laudant,</strong></span> 
     </span>
     <span class='ocr_line' id='line_1_53' title="bbox 119 4955 1829 5032; baseline -0.004 -15"><span class='ocrx_word' id='word_1_660' title='bbox 119 4958 234 5024; x_wconf 69' lang='grc' dir='ltr'>οἱιοω,</span> <span class='ocrx_word' id='word_1_661' title='bbox 250 4958 328 5014; x_wconf 88' lang='lat' dir='ltr'><strong>cirea</strong></span> <span class='ocrx_word' id='word_1_662' title='bbox 340 4958 449 5028; x_wconf 85' lang='lat' dir='ltr'><strong>eleum,</strong></span> <span class='ocrx_word' id='word_1_663' title='bbox 464 4973 499 5015; x_wconf 89' lang='lat' dir='ltr'><strong>ac</strong></span> <span class='ocrx_word' id='word_1_664' title='bbox 512 4959 663 5032; x_wconf 88' lang='lat' dir='ltr'><strong>butyrum,</strong></span> <span class='ocrx_word' id='word_1_665' title='bbox 678 4961 708 5017; x_wconf 90' lang='lat' dir='ltr'><strong>et</strong></span> <span class='ocrx_word' id='word_1_666' title='bbox 719 4958 796 5013; x_wconf 89' lang='lat' dir='ltr'><strong>circa</strong></span> <span class='ocrx_word' id='word_1_667' title='bbox 809 4956 947 5026; x_wconf 89' lang='lat' dir='ltr'><strong>cortinas,</strong></span> <span class='ocrx_word' id='word_1_668' title='bbox 1003 4958 1045 5014; x_wconf 89' lang='lat' dir='ltr'><strong>sic</strong></span> <span class='ocrx_word' id='word_1_669' title='bbox 1061 4974 1077 5014; x_wconf 89' lang='lat' dir='ltr'><strong>a</strong></span> <span class='ocrx_word' id='word_1_670' title='bbox 1093 4955 1178 5017; x_wconf 88' lang='lat' dir='ltr'><strong>nobis</strong></span> <span class='ocrx_word' id='word_1_671' title='bbox 1193 4955 1456 5013; x_wconf 83' lang='lat' dir='ltr'><strong>sanctificationem</strong></span> <span class='ocrx_word' id='word_1_672' title='bbox 1481 4960 1614 5015; x_wconf 88' lang='lat' dir='ltr'><strong>nostram</strong></span> <span class='ocrx_word' id='word_1_673' title='bbox 1629 4955 1763 5031; x_wconf 87' lang='lat' dir='ltr'><strong>recipias,</strong></span> <span class='ocrx_word' id='word_1_674' title='bbox 1778 4955 1829 5030; x_wconf 90' lang='lat' dir='ltr'><strong>qui</strong></span> 
     </span>
     <span class='ocr_line' id='line_1_54' title="bbox 120 5044 1437 5116; baseline -0.002 -11"><span class='ocrx_word' id='word_1_675' title='bbox 120 5052 150 5105; x_wconf 87' lang='lat' dir='ltr'><strong>et</strong></span> <span class='ocrx_word' id='word_1_676' title='bbox 161 5047 244 5104; x_wconf 89' lang='lat' dir='ltr'><strong>eirca</strong></span> <span class='ocrx_word' id='word_1_677' title='bbox 257 5046 345 5103; x_wconf 91' lang='lat' dir='ltr'><strong>etiam</strong></span> <span class='ocrx_word' id='word_1_678' title='bbox 359 5047 461 5116; x_wconf 91' lang='lat' dir='ltr'><strong>libros,</strong></span> <span class='ocrx_word' id='word_1_679' title='bbox 477 5052 506 5104; x_wconf 89' lang='lat' dir='ltr'><strong>et</strong></span> <span class='ocrx_word' id='word_1_680' title='bbox 521 5046 685 5114; x_wconf 90' lang='lat' dir='ltr'><strong>cathedras,</strong></span> <span class='ocrx_word' id='word_1_681' title='bbox 697 5047 772 5106; x_wconf 86' lang='lat' dir='ltr'><strong>circa</strong></span> <span class='ocrx_word' id='word_1_682' title='bbox 787 5062 833 5103; x_wconf 88' lang='lat' dir='ltr'><strong>res</strong></span> <span class='ocrx_word' id='word_1_683' title='bbox 846 5062 949 5106; x_wconf 87' lang='lat' dir='ltr'><strong>amnes</strong></span> <span class='ocrx_word' id='word_1_684' title='bbox 1003 5047 1130 5103; x_wconf 92' lang='lat' dir='ltr'><strong>dicimus</strong></span> <span class='ocrx_word' id='word_1_685' title='bbox 1142 5044 1262 5103; x_wconf 88' lang='lat' dir='ltr'><strong>assidue</strong></span> <span class='ocrx_word' id='word_1_686' title='bbox 1277 5062 1284 5102; x_wconf 76' lang='grc' dir='ltr'><strong><em>ε</em></strong></span> <span class='ocrx_word' id='word_1_687' title='bbox 1301 5047 1437 5103; x_wconf 83' lang='lat' dir='ltr'><strong>Sanctus.</strong></span> 
     </span>
     <span class='ocr_line' id='line_1_55' title="bbox 120 5133 1401 5204; baseline -0.004 -9"><span class='ocrx_word' id='word_1_688' title='bbox 120 5141 231 5195; x_wconf 73' lang='lat' dir='ltr'><strong>sancte</strong></span> <span class='ocrx_word' id='word_1_689' title='bbox 250 5135 394 5204; x_wconf 78' lang='lat' dir='ltr'><strong>Scelesta,</strong></span> <span class='ocrx_word' id='word_1_690' title='bbox 409 5140 444 5193; x_wconf 91' lang='lat' dir='ltr'><strong>ut</strong></span> <span class='ocrx_word' id='word_1_691' title='bbox 471 5137 558 5193; x_wconf 80' lang='lat' dir='ltr'><strong>iesus</strong></span> <span class='ocrx_word' id='word_1_692' title='bbox 584 5135 720 5193; x_wconf 84' lang='lat' dir='ltr'><strong>Christus</strong></span> <span class='ocrx_word' id='word_1_693' title='bbox 746 5136 823 5192; x_wconf 88' lang='lat' dir='ltr'><strong>Deus</strong></span> <span class='ocrx_word' id='word_1_694' title='bbox 852 5140 951 5192; x_wconf 89' lang='lat' dir='ltr'><strong>noster</strong></span> <span class='ocrx_word' id='word_1_695' title='bbox 1037 5136 1173 5192; x_wconf 83' lang='lat' dir='ltr'><strong>Diaconos</strong></span> <span class='ocrx_word' id='word_1_696' title='bbox 1187 5135 1259 5192; x_wconf 82' lang='lat' dir='ltr'><strong>dicit</strong></span> <span class='ocrx_word' id='word_1_697' title='bbox 1274 5153 1283 5190; x_wconf 91' lang='grc'><strong>.·</strong></span> <span class='ocrx_word' id='word_1_698' title='bbox 1298 5133 1401 5191; x_wconf 87' lang='lat' dir='ltr'><strong>Dicite.</strong></span> 
     </span>
     <span class='ocr_line' id='line_1_56' title="bbox 122 5221 1828 5298; baseline -0.003 -16"><span class='ocrx_word' id='word_1_699' title='bbox 122 5230 326 5283; x_wconf 84' lang='lat' dir='ltr'><strong>remuneretur</strong></span> <span class='ocrx_word' id='word_1_700' title='bbox 352 5242 405 5285; x_wconf 87' lang='lat' dir='ltr'><strong>ees</strong></span> <span class='ocrx_word' id='word_1_701' title='bbox 429 5226 459 5282; x_wconf 91' lang='lat' dir='ltr'><strong>ia</strong></span> <span class='ocrx_word' id='word_1_702' title='bbox 487 5225 597 5282; x_wconf 68' lang='lat' dir='ltr'><strong>caelesti</strong></span> <span class='ocrx_word' id='word_1_703' title='bbox 623 5223 799 5282; x_wconf 82' lang='lat' dir='ltr'><strong>ierusalem.</strong></span> <span class='ocrx_word' id='word_1_704' title='bbox 813 5223 950 5281; x_wconf 84' lang='lat' dir='ltr'><strong>Miserere</strong></span> <span class='ocrx_word' id='word_1_705' title='bbox 1039 5224 1162 5298; x_wconf 82' lang='lat' dir='ltr'><strong>Popaies</strong></span> <span class='ocrx_word' id='word_1_706' title='bbox 1176 5222 1267 5280; x_wconf 84' lang='lat' dir='ltr'><strong>dicit:</strong></span> <span class='ocrx_word' id='word_1_707' title='bbox 1283 5223 1419 5291; x_wconf 87' lang='lat' dir='ltr'><strong>Sanetus,</strong></span> <span class='ocrx_word' id='word_1_708' title='bbox 1435 5226 1565 5290; x_wconf 87' lang='lat' dir='ltr'><strong>sanctas,</strong></span> <span class='ocrx_word' id='word_1_709' title='bbox 1582 5225 1712 5290; x_wconf 88' lang='lat' dir='ltr'><strong>sanetus,</strong></span> <span class='ocrx_word' id='word_1_710' title='bbox 1729 5221 1828 5278; x_wconf 91' lang='lat' dir='ltr'><strong>Domi·</strong></span> 
     </span>
     <span class='ocr_line' id='line_1_57' title="bbox 121 5309 1828 5388; baseline -0.002 -17"><span class='ocrx_word' id='word_1_711' title='bbox 121 5314 257 5372; x_wconf 88' lang='lat' dir='ltr'><strong>omniurn</strong></span> <span class='ocrx_word' id='word_1_712' title='bbox 273 5313 324 5387; x_wconf 88' lang='lat' dir='ltr'><strong>qul</strong></span> <span class='ocrx_word' id='word_1_713' title='bbox 340 5314 495 5372; x_wconf 91' lang='lat' dir='ltr'><strong>noblsoum</strong></span> <span class='ocrx_word' id='word_1_714' title='bbox 512 5314 678 5388; x_wconf 88' lang='lat' dir='ltr'><strong>congregati</strong></span> <span class='ocrx_word' id='word_1_715' title='bbox 694 5316 810 5371; x_wconf 91' lang='lat' dir='ltr'><strong>suntad</strong></span> <span class='ocrx_word' id='word_1_716' title='bbox 822 5330 951 5387; x_wconf 82' lang='lat' dir='ltr'><strong>quaren—</strong></span> <span class='ocrx_word' id='word_1_717' title='bbox 1004 5330 1060 5369; x_wconf 91' lang='lat' dir='ltr'><strong>nus</strong></span> <span class='ocrx_word' id='word_1_718' title='bbox 1075 5312 1215 5370; x_wconf 88' lang='lat' dir='ltr'><strong>Sabaoth.</strong></span> <span class='ocrx_word' id='word_1_719' title='bbox 1228 5312 1356 5370; x_wconf 77' lang='lat' dir='ltr'><strong>Perfecto</strong></span> <span class='ocrx_word' id='word_1_720' title='bbox 1370 5311 1448 5385; x_wconf 90' lang='lat' dir='ltr'><strong>pleni</strong></span> <span class='ocrx_word' id='word_1_721' title='bbox 1465 5315 1535 5369; x_wconf 88' lang='lat' dir='ltr'><strong>sunt</strong></span> <span class='ocrx_word' id='word_1_722' title='bbox 1549 5309 1614 5368; x_wconf 82' lang='lat' dir='ltr'><strong>ooeli</strong></span> <span class='ocrx_word' id='word_1_723' title='bbox 1624 5315 1654 5367; x_wconf 90' lang='lat' dir='ltr'><strong>et</strong></span> <span class='ocrx_word' id='word_1_724' title='bbox 1667 5314 1746 5368; x_wconf 86' lang='lat' dir='ltr'><strong>terra</strong></span> <span class='ocrx_word' id='word_1_725' title='bbox 1760 5327 1828 5368; x_wconf 88' lang='lat' dir='ltr'><strong>san·</strong></span> 
     </span>
     <span class='ocr_line' id='line_1_58' title="bbox 121 5401 1298 5475; baseline -0.003 -15"><span class='ocrx_word' id='word_1_726' title='bbox 121 5403 189 5460; x_wconf 86' lang='lat' dir='ltr'><strong>dam</strong></span> <span class='ocrx_word' id='word_1_727' title='bbox 205 5403 439 5462; x_wconf 83' lang='lat' dir='ltr'><strong>misericordiam</strong></span> <span class='ocrx_word' id='word_1_728' title='bbox 454 5403 504 5460; x_wconf 91' lang='lat' dir='ltr'><strong>Dei</strong></span> <span class='ocrx_word' id='word_1_729' title='bbox 521 5404 613 5460; x_wconf 92' lang='lat' dir='ltr'><strong>nostri</strong></span> <span class='ocrx_word' id='word_1_730' title='bbox 627 5405 698 5461; x_wconf 79' lang='lat' dir='ltr'><strong>iesu</strong></span> <span class='ocrx_word' id='word_1_731' title='bbox 714 5403 832 5473; x_wconf 90' lang='lat' dir='ltr'><strong>Christi,</strong></span> <span class='ocrx_word' id='word_1_732' title='bbox 843 5408 873 5460; x_wconf 87' lang='lat' dir='ltr'><strong>et</strong></span> <span class='ocrx_word' id='word_1_733' title='bbox 886 5420 949 5460; x_wconf 92' lang='lat' dir='ltr'><strong>om·</strong></span> <span class='ocrx_word' id='word_1_734' title='bbox 1004 5402 1103 5458; x_wconf 88' lang='lat' dir='ltr'><strong>etitate</strong></span> <span class='ocrx_word' id='word_1_735' title='bbox 1117 5401 1217 5475; x_wconf 75' lang='lat' dir='ltr'><strong>glorias</strong></span> <span class='ocrx_word' id='word_1_736' title='bbox 1231 5404 1298 5457; x_wconf 85' lang='lat' dir='ltr'><strong>tuae.</strong></span> 
     </span>
    </p>
   </div>
   <div class='ocr_carea' id='block_1_5' title="bbox 155 5576 1793 5657">
    <p class='ocr_par' dir='ltr' id='par_1_6' title="bbox 155 5576 1793 5657">
     <span class='ocr_line' id='line_1_59' title="bbox 155 5576 1793 5657; baseline -0.004 -13"><span class='ocrx_word' id='word_1_737' title='bbox 155 5576 1793 5657; x_wconf 66' lang='lat' dir='ltr'><strong>&lt;vnxbtineotlethioposinheatiturgiaoacobomnlpheiapostolorumaliumsaisseaJacobofretrebomini.</strong></span> 
     </span>
    </p>
   </div>
   <div class='ocr_carea' id='block_1_6' title="bbox 0 0 1959 6098">
    <p class='ocr_par' dir='ltr' id='par_1_7' title="bbox 0 0 1959 6098">
     <span class='ocr_line' id='line_1_60' title="bbox 0 0 1959 6098; baseline 0 0"><span class='ocrx_word' id='word_1_738' title='bbox 0 0 1959 6098; x_wconf 95' lang='lat' dir='ltr'><strong> </strong></span> 
     </span>
    </p>
   </div>
  </div>
 </body>
</html>
