3878 6098
122 334 125 338 ’
140 305 219 367 1030

533 303 699 365 APPEND.
723 302 773 363 AD
795 301 889 363 SAEC.
913 300 949 361 X.
967 335 1003 344 —
1019 298 1269 361 Meuuuuura
1294 302 1448 363 Ll'lUltG.

1773 298 1853 361 10ιο

221 454 295 492 oano
314 455 348 492 ιι)
368 453 590 492 asusnrcaaoun
610 452 749 490 peccesne·
767 451 885 489 srunuu.
982 435 1006 500 Α
1024 432 1145 505 gnitutis
1161 432 1308 489 adificatas
1324 431 1525 506 principaliter
1539 430 1665 486 ecclesia
1682 435 1738 485 ture
1754 435 1854 504 portas

139 527 193 602 (Ex
208 526 272 582 eod.
289 542 357 596 ms,
373 522 446 581 bibl.
476 525 579 582 Caesar.
606 525 730 581 Vindob.
757 540 822 580 sac.
838 540 857 578 x
870 521 913 578 vel
928 539 966 593 ιι,

405 613 436 652 ιι.
452 597 515 664 359,
538 594 608 652 οιιιιι
623 594 698 667 351.)

175 702 314 776 Imprimis
332 701 435 759 dicitur
458 702 573 760 iaetaaio
593 705 687 773 pastea
703 702 744 757 Vl.
756 692 858 774 psalmi
871 701 967 757 reaia-

107 788 129 825 ⁰
140 795 188 862 irs,
205 791 342 848 Miserere
357 790 414 847 mei
431 795 508 846 Dens
522 789 696 846 secuudum.
711 794 787 846 Deus
801 789 832 845 in
848 789 967 847 nomine

140 885 202 947 tuo.
227 879 363 937 Miserere
384 877 441 935 mei
456 881 532 934 Deus
550 878 770 934 misereremei.
788 881 863 933 Dens
879 877 966 933 mise-

141 973 240 1027 reatur
255 967 357 1024 nostri.
378 971 452 1022 Deus
468 966 497 1021 in
512 965 692 1038 adjutorium
716 983 815 1022 meum
838 966 966 1022 intende.

140 1054 251 1121 inclina
266 1053 386 1112 Domine
401 1071 503 1111 aurem
518 1059 610 1111 tuam.

291 1195 506 1238 asmuomarro
524 1196 648 1237 vrocirn
666 1195 815 1259 sconsam.

183 1270 236 1338 (Ex
250 1269 315 1327 eod.
330 1268 455 1328 Vindob.
472 1268 562 1326 theol.
578 1270 641 1337 277,
657 1285 723 1325 sac.
739 1286 779 1325 ιιι
793 1268 838 1326 vel
854 1272 927 1336 xrrr.)

179 1376 312 1433 frisatas
338 1376 432 1432 veriat
456 1377 595 1446 episeopus
619 1379 685 1430 ante
717 1376 804 1446 irruam
827 1376 968 1431 ecclesiam

141 1480 204 1521 cum
217 1465 290 1520 ciero
305 1467 332 1519 et
344 1464 444 1535 pqnalo
459 1463 586 1536 dicatque
599 1464 670 1518 hanc
680 1464 841 1518 orationem.

177 1553 369 1624 Omnipotens
385 1556 414 1607 et
430 1551 596 1607 misericors
612 1555 697 1618 Deus,
705 1551 755 1623 qul
767 1551 968 1608 sacerdotibus

142 1646 197 1698 etc.
208 1643 280 1698 Atia.
301 1640 390 1696 Auler
403 1657 420 1696 a
434 1641 530 1709 nobis,
542 1645 596 1696 etc.
615 1643 688 1696 Tunc
700 1643 785 1696 intret
797 1643 924 1713 postifera
937 1642 968 1696 ia

143 1730 283 1787 amusium
296 1745 356 1785 cum
371 1730 444 1785 clero
454 1733 479 1784 et
495 1730 615 1784 letaniis.
630 1731 680 1785 ais
692 1731 811 1800 peractis
826 1730 892 1785 dicit
902 1729 969 1786 Ore·

1022 521 1129 577 inferni
1157 538 1321 594 numquam
1359 519 1561 594 praevalituras
1589 537 1652 575 esse
1677 518 1854 591 promisisti,

1022 612 1143 684 cunctos
1159 610 1196 664 ab
1211 610 1313 666 eadem
1324 625 1442 667 remove
1452 609 1585 683 placatus
1595 625 1720 675 errores,
1731 612 1766 664 ιιι
1776 606 1854 681 quod

1023 699 1163 754 adversus
1179 715 1243 755 eam
1260 697 1429 772 praesumtio
1445 697 1583 755 salsitatis
1597 695 1855 770 extollit,Spiritus

1021 786 1152 847 veritatis
1166 787 1290 842 evincat.
1308 784 1405 859 Dirige
1430 801 1603 859 quaesumus
1618 800 1683 840 eam
1700 783 1855 859 dispensa·
1878 826 1884 831 -

1023 873 1101 931 tione
1114 873 1234 942 calesti,
1247 880 1279 930 ut
1291 892 1355 949 qua
1366 879 1433 932 ante
1443 874 1546 930 mundi
1562 873 1742 948 principium
1757 874 1788 929 in
1804 877 1855 931 tue

1023 979 1139 1036 semper
1154 968 1199 1019 est
1213 963 1368 1035 prasentia
1382 967 1554 1037 preparata,
1571 979 1665 1035 usque
1680 963 1717 1019 ad
1729 961 1856 1036 plenitu-

1022 1051 1121 1108 dinem
1132 1050 1314 1125 gloriamque
1324 1052 1501 1125 promissam
1512 1056 1540 1108 te
1554 1052 1725 1110 moderante
1739 1068 1854 1125 perma-
1893 1115 1896 1120 ,

1022 1144 1099 1208 neat,
1111 1144 1140 1197 et
1151 1140 1181 1195 in
1191 1144 1308 1196 tuorum
1321 1141 1458 1197 cordibus
1469 1138 1601 1197 ildelium
1612 1143 1785 1213 perpetuam
1800 1140 1854 1197 tibi

1022 1232 1159 1285 construe
1175 1229 1370 1298 prensionem,
1387 1233 1419 1285 ut
1434 1228 1517 1302 plebs
1534 1228 1595 1285 baec
1611 1244 1675 1301 qua
1691 1229 1804 1300 dejecte
1821 1229 1852 1286 in

1021 1320 1130 1373 terram
1154 1316 1236 1373 vultu
1267 1317 1479 1373 benedictionis
1502 1322 1559 1372 tua
1574 1316 1705 1389 postulat
1728 1319 1853 1374 domum

1022 1411 1163 1462 aeternum
1171 1423 1188 1461 a
1196 1410 1223 1463 te
1234 1406 1375 1479 percipiat
1384 1405 1547 1480 premium.
1559 1404 1668 1462 Praesta
1677 1422 1851 1479 quaesumus

1022 1494 1154 1563 Domine,
1166 1499 1199 1550 ut
1211 1495 1271 1551 hac
1284 1494 1415 1564 basilica,
1427 1496 1512 1567 cujus
1524 1493 1609 1550 bodie
1619 1495 1798 1551 nunciamus
1807 1494 1854 1551 in·
1871 1503 1876 1515 '

1021 1585 1114 1649 cenin,
1133 1572 1194 1657 qua
1209 1589 1261 1638 tua
1276 1584 1457 1641 dedicatione
1480 1583 1616 1641 subsistit
1630 1583 1783 1652 solemnis,
1801 1589 1855 1641 tna

1021 1690 1137 1746 semper
1152 1673 1202 1729 fiat
1216 1672 1396 1729 habitatione
1411 1671 1558 1745 praeclara.
1575 1672 1638 1728 Per.

143 1833 220 1874 mus.
237 1819 270 1874 Et
283 1817 414 1874 ιιιαιοηιιι
428 1836 437 1872 :
453 1816 618 1874 Flotamus
634 1818 809 1890 genual'mt
821 1819 969 1889 paululum
983 1803 1007 1869 Β
1023 1795 1186 1835 mmmm
1201 1795 1215 1834 ⁸
1229 1867 1346 1907 HONOR,
1364 1852 1372 1922 [
1387 1821 1461 1923 (2’03)
1477 1853 1519 1907 p,
1533 1849 1647 1922 παρη]

143 1907 257 1964 berete.
271 1907 366 1963 Oratio
381 1925 391 1962 .·
406 1910 482 1962 Deus
497 1906 548 1978 qui
565 1905 675 1978 peccati
688 1906 792 1962 veteris
805 1910 860 1963 etc.
876 1908 910 1962 rt
924 1908 969 1963 be-

142 1995 249 2053 nedicat
261 2011 362 2067 aquam
376 2000 403 2050 et
417 1995 502 2050 solorra
516 2011 578 2050 curn
593 1996 656 2049 ur'ao
671 1999 697 2050 et
711 1997 970 2062 circumiectarum

142 2085 291 2140 circumeat
307 2084 394 2139 tribus
407 2084 512 2139 aicibaa
537 2084 701 2139 intrinsecus
726 2085 866 2140 ccclceiara
888 2102 969 2157 apar-

142 2173 228 2242 pcado
243 2177 269 2228 et
284 2173 418 2229 ura-tando
433 2174 540 2244 antiph.
551 2174 695 2245 Asperges
711 2189 757 2228 me
772 2173 903 2229 Domine.
920 2181 967 2230 Pe.

143 2260 280 2317 Miserere
297 2261 353 2317 mei
371 2263 455 2317 liene.
473 2262 588 2317 locanda
602 2278 634 2317 ac
645 2262 818 2333 purificando
833 2263 890 2319 loca
904 2280 968 2318 coa·

144 2350 280 2405 inminuto
294 2353 321 2404 et
335 2349 408 2404 diem
423 2350 494 2404 iare
508 2350 714 2422 Prasatiorrem.
735 2351 824 2405 Deum
840 2349 969 2408 indulto-

142 2453 204 2492 rem
217 2435 370 2492 eriminem
387 2440 441 2493 etc.
458 2438 644 2494 consecratio:
662 2439 737 2494 Deus
752 2440 837 2511 cujus
852 2439 969 2495 bonitas

142 2530 197 2580 etc.
212 2527 346 2599 Sequitur
359 2526 466 2597 antiph.
483 2525 632 2581 Confirma
647 2525 701 2582 hoc
715 2531 799 2583 Deus.
815 2535 861 2584 Pe.
879 2528 968 2583 Exur-

124 2659 128 2668 .
141 2618 190 2686 gat
207 2614 282 2670 Deus
292 2617 321 2669 et
334 2613 438 2687 dissip,
447 2615 478 2669 Et
486 2620 634 2687 antequam
648 2617 827 2672 recludantur
840 2618 969 2688 reliquias

139 2702 207 2759 dicit
230 2704 382 2775 pratitas:
407 2702 540 2759 Oramus.
571 2707 604 2759 at·
631 2703 761 2776 diaconas
776 2723 786 2760 .·
802 2704 968 2761 Flectamue

139 2807 246 2864 genna.
263 2792 376 2847 berete.
393 2791 524 2865 Sequitur
537 2793 640 2848 oratio:
653 2794 728 2848 Deus
742 2794 791 2866 qni
809 2794 888 2850 omui
904 2792 968 2850 loco

141 2885 194 2936 ete.
212 2882 285 2936 Tuae
303 2882 429 2952 reliquie
443 2885 622 2952 reponantur.
634 2882 751 2954 Requirc
765 2887 866 2940 caetera
880 2884 910 2937 in
924 2883 969 2939 da·

141 2967 370 3026 diasceuastae.
389 2971 426 3024 ιι
439 2973 559 3025 cantent.
578 2974 645 3025 Ant.
663 2972 810 3026 Confirma
822 2971 876 3027 hoc
893 2973 968 3028 Deus

141 3072 205 3112 carn
218 3073 299 3113 uersu
317 3057 446 3113 Narrabo
470 3074 587 3115 nomen.
603 3060 637 3113 Ει
652 3057 750 3115 Gloria
766 3059 852 3115 Patri.
868 3062 967 3133 Sequi-

142 3149 190 3202 tur
203 3149 279 3203 Deue
295 3146 346 3218 qui
362 3144 514 3202 ecclesiam
530 3150 610 3203 tuam
626 3152 680 3203 etc.

339 3266 505 3309 sanamque
525 3269 660 3309 nccmsrre
679 3269 770 3310 uera.

284 3342 337 3416 (lix
350 3341 449 3398 codice
463 3341 627 3398 Vindobon.
644 3341 732 3399 theol.
748 3343 824 3413 277.)

164 3427 254 3506 Deus
269 3447 320 3522 qui
339 3465 428 3522 super
446 3448 599 3522 mysticam
615 3452 727 3522 petrem
743 3449 907 3521 apostolica
923 3449 967 3505 di·

1061 1940 1135 1995 Deus
1147 1939 1232 2011 cnjus
1243 1939 1328 1995 verbo
1339 1940 1505 2013 etpotentia
1516 1939 1592 1995 lacta
1607 1943 1678 1995 sunt
1692 1939 1794 1997 omnia
1803 1957 1854 1999 cu-

1019 2029 1071 2098 jus
1082 2030 1157 2084 dono
1173 2026 1367 2100 percepimus,
1380 2044 1444 2100 qnae
1459 2028 1496 2084 ed
1511 2027 1574 2084 vita
1586 2028 1750 2084 remedium
1763 2029 1857 2102 poesi-

1024 2117 1138 2182 demus,
1155 2120 1183 2172 te
1198 2114 1346 2189 supplices
1361 2116 1476 2174 obnixis
1492 2117 1626 2190 precibus
1642 2134 1810 2186 exoramus,
1823 2123 1857 2177 ut

1023 2205 1059 2260 de
1069 2205 1137 2261 sede
1149 2205 1312 2276 majestatis
1326 2209 1381 2261 tuce
1397 2205 1466 2262 huic
1481 2204 1621 2262 oblationi
1636 2203 1769 2262 fidelium
1785 2223 1854 2263 san·

1023 2293 1165 2349 ctilieater
1180 2293 1312 2362 accedas,
1320 2294 1437 2367 suscipe
1450 2295 1485 2350 de
1500 2311 1589 2350 manu
1601 2292 1781 2351 luricularum
1793 2300 1856 2353 tuo·

1023 2400 1088 2438 rum
1104 2399 1213 2438 munus
1228 2381 1454 2454 oblatumqrod
1468 2399 1486 2436 a
1499 2385 1551 2439 tua
1564 2380 1720 2439 clementia
1735 2382 1854 2443 benedi·

1022 2476 1102 2526 ctum
1110 2471 1139 2527 in
1147 2471 1331 2543 usumhujus
1340 2470 1499 2527 sanctuarii
1511 2475 1627 2528 maneat
1635 2477 1852 2529 consecratum.

1023 2559 1087 2616 Sint
1102 2559 1162 2615 hec
1185 2561 1214 2614 iu
1239 2564 1397 2632 conspectu
1422 2564 1472 2615 tuo
1490 2558 1613 2616 libenter
1630 2564 1758 2634 accepta,
1775 2561 1853 2618 sicut

1022 2651 1171 2723 quondam
1182 2649 1252 2705 abel
1263 2649 1376 2706 alumni
1387 2649 1441 2715 tui,
1450 2649 1494 2706 rel
1507 2649 1718 2707 Melchisedech
1729 2667 1852 2707 munera

1023 2739 1074 2794 tibi
1086 2737 1260 2811 placuerunt
1271 2737 1377 2808 oblata,
1389 2742 1417 2795 et
1428 2738 1497 2811 quia
1512 2737 1548 2794 ed
1564 2738 1705 2795 honorem
1715 2738 1759 2797 tui
1771 2756 1851 2796 smo-

1022 2828 1063 2884 ris
1073 2826 1226 2884 ecclesiam
1237 2833 1319 2883 tuam
1330 2827 1455 2882 summis
1466 2826 1602 2883 nituntur
1613 2826 1750 2885 decorare
1765 2827 1850 2885 obse·

1022 2916 1112 2988 qulis,
1122 2920 1154 2972 tu
1165 2915 1207 2973 eis
1220 2916 1340 2972 Domine
1351 2932 1458 2988 aragne
1473 2933 1524 2988 pro
1541 2915 1637 2988 parvis
1648 2931 1850 2990 recompensa,

1022 3008 1055 3059 ut
1065 3004 1246 3060 devotionem
1259 3020 1359 3060 eorum
1371 3002 1528 3076 accipiens,
1541 3003 1597 3059 fide
1607 3019 1657 3060 eos
1668 3002 1794 3076 repleas,
1811 3004 1851 3059 in-

1022 3091 1172 3165 dulgentia
1187 3092 1293 3160 loreas,
1306 3090 1507 3149 misericordia
1517 3096 1664 3167 protegas,
1676 3093 1852 3151 adversarie·

982 3169 1003 3236 C
1022 3186 1130 3251 struas,
1147 3197 1287 3255 prospera
1310 3182 1464 3249 concedas,
1480 3180 1608 3238 habeant
1623 3181 1653 3236 iu
1669 3181 1725 3238 boe
1747 3181 1850 3241 asculo

1022 3270 1104 3326 bona
1120 3269 1243 3326 aetionis
1258 3268 1618 3338 documentum,caritatis
1634 3270 1850 3341 erudiamur-

1022 3359 1060 3414 cti
1071 3359 1180 3417 ameris
1190 3359 1336 3425 ellectum,
1349 3362 1377 3414 et
1388 3358 1417 3414 in
1429 3359 1527 3415 tuturo
1537 3374 1604 3414 oum
1616 3359 1728 3416 sanetis
1738 3357 1848 3434 angelis

1022 3449 1224 3522 adipiscentur
1236 3451 1411 3521 perpetuum
1427 3464 1560 3521 reguum.
1577 3445 1682 3504 Amen.

581 3853 931 3947 annnornrro
960 3856 1113 3946 sauls
1140 3857 1214 3944 ar
1241 3856 1413 3972 aena

276 4219 456 4290 SEQUITUR
475 4219 701 4278 EXORCISMUS
722 4222 831 4280 sauls.
920 4212 923 4216 ’
1296 4237 1463 4278 assemano
1482 4236 1571 4276 sams.

176 4309 312 4367 Exoreizo
327 4314 355 4366 le
371 4315 506 4366 creatura
529 4308 599 4365 salis
619 4326 670 4381 per
687 4315 776 4367 tuum
792 4312 900 4380 vivum,
917 4329 968 4386 per
1056 4311 1180 4368 Virtutis
1200 4315 1257 4366 turs
1282 4308 1483 4366 tortitudinem
1508 4308 1712 4380 deprecantes,
1730 4306 1845 4364 Domim

139 4403 232 4456 Deum
247 4403 394 4464 sanctum,
408 4415 460 4471 per
475 4396 629 4455 Dominum
647 4399 736 4456 totius
751 4405 899 4468 creatura,
916 4396 967 4474 qni
1022 4405 1122 4456 sancte
1133 4400 1217 4456 Pater
1227 4399 1413 4471 omnipotens
1423 4400 1627 4474 aterne'Dsus,
1638 4395 1690 4469 qui
1701 4393 1846 4473 intorem·

139 4475 237 4543 diuina
251 4504 319 4544 voce
334 4487 393 4543 oris
408 4487 454 4544 sui
467 4487 583 4544 locutus
597 4491 652 4554 est,
670 4488 706 4543 ad
722 4488 883 4561 discipulos
896 4506 966 4545 suos
1020 4489 1071 4544 nia
1080 4489 1244 4546 necessaria
1253 4504 1317 4560 qua
1326 4486 1449 4559 perlhm
1460 4485 1533 4558 Xpm
1546 4485 1705 4540 Dominum
1716 4487 1844 4541 nostrum

137 4576 239 4632 dicens
255 4593 261 4632 :
278 4579 337 4632 Vos
352 4576 423 4632 estis
439 4575 481 4632 sal
499 4581 592 4642 terra,
608 4575 703 4648 etqui
728 4592 781 4648 per
799 4576 966 4649 apostolum
982 4552 1005 4617 Ῑ)
1021 4578 1165 4651 procreari
1178 4576 1307 4649 jussisti,
1324 4593 1382 4632 non
1399 4575 1553 4631 minimam
1576 4573 1704 4647 gratiam
1719 4572 1845 4630 oonhrrs

138 4680 226 4721 suum
240 4664 363 4719 Paulum
379 4664 517 4737 dignatus
533 4669 577 4721 cst
591 4664 697 4731 dicere,
705 4665 749 4721 Sit
763 4682 859 4721 sermo
872 4670 967 4722 vester
1020 4666 1160 4739 dignatus
1175 4683 1205 4722 es
1222 4664 1368 4735 aeliotes
1378 4664 1427 4720 illo
1444 4662 1559 4736 possint
1573 4662 1712 4719 universe
1725 4659 1842 4729 condiri,

138 4752 287 4827 sapientiae
298 4750 358 4809 sale
369 4752 554 4818 conditus,ut
563 4753 699 4810 alliciaris
710 4754 752 4809 sal
760 4755 964 4822 exorcizatum,
1021 4770 1084 4826 quae
1100 4753 1271 4811 hominibus
1280 4754 1315 4809 ad
1324 4769 1421 4809 escam
1430 4769 1483 4824 per
1492 4751 1631 4808 eumdem
1646 4746 1754 4807 Filium
1764 4755 1843 4806 tuam

138 4842 174 4897 ad
186 4842 385 4898 evacuandum
402 4844 430 4896 et
445 4841 648 4912 expellendum
659 4843 695 4899 ab
713 4842 766 4898 hoc
781 4842 910 4899 ecclesia
925 4843 965 4899 si·
1021 4843 1176 4899 Dominum
1192 4847 1325 4899 nostrum
1348 4840 1517 4915 procreasti.
1529 4841 1570 4896 Te
1584 4838 1737 4912 supplices
1750 4855 1843 4897 exora·

137 4946 196 5005 gno
210 4930 374 4994 inimicum,
386 4945 563 5002 omnemque
572 4930 709 4987 virtutem
725 4932 889 5003 putredinis
901 4933 964 5004 ejus
1020 4948 1096 4998 mus,
1113 4936 1146 4987 ιιι
1160 4931 1214 4988 hoc
1229 4931 1273 4987 sal
1288 4931 1418 5004 digneris
1430 4930 1571 5003 aspicere,
1584 4933 1733 5002 quatenus
1744 4944 1780 4985 ex
1789 4926 1843 4983 ιιι·

135 5024 166 5076 'et
182 5020 344 5092 omnesqui
356 5035 389 5074 ex
400 5023 426 5074 te
438 5020 628 5089 sumpserint,
641 5018 700 5074 sint
711 5020 884 5076 sanctificati
899 5021 964 5076 sni·
1014 5021 1132 5090 jestatis
1143 5026 1198 5077 tna
1208 5021 1314 5077 virtute
1323 5024 1425 5076 contre
1435 5034 1537 5076 omnes
1546 5018 1669 5090 spiritus
1678 5015 1842 5075 immundos

138 5109 297 5181 mis‚atque
308 5106 962 5181 corporibusetubicunquefuerisaspersnm‚
1017 5109 1146 5182 vigorem
1172 5109 1266 5181 possit
1290 5110 1431 5182 accipere.
1449 5105 1626 5180 llxpellatab
1641 5105 1699 5162 hoe
1713 5102 1841 5162 natea·

136 5203 258 5272 praestes
273 5196 411 5254 carnibus
427 5196 631 5254 remissionem
644 5202 840 5269 peccatorum,
857 5199 964 5254 sanita·
1018 5198 1111 5271 signo,
1129 5202 1158 5253 et
1169 5198 1205 5254 ab
1222 5199 1301 5254 omni
1325 5198 1388 5254 loco
1412 5197 1462 5253 nbi
1488 5194 1575 5252 luerit
1596 5200 1650 5253 tue
1665 5192 1842 5251 invocatione

135 5290 197 5347 am
208 5287 325 5355 nentis,
338 5287 546 5359 protectionem
554 5282 669 5341 salutis.
680 5287 708 5339 ln
722 5286 962 5343 nominebomini
1017 5303 1180 5360 aspersum,
1193 5287 1337 5360 quidquid
1349 5290 1519 5360 potestesse
1529 5283 1716 5359 pestiferum,
1726 5286 1757 5339 et
1770 5276 1843 5338 exhi·

136 5375 229 5432 nostri
244 5375 297 5432 lhu
313 5375 366 5448 llpi
383 5376 433 5448 qni
448 5379 589 5430 venturus
604 5381 658 5429 est.
1015 5376 1083 5432 beet
1099 5376 1219 5449 plenum
1234 5376 1339 5433 salutis
1354 5376 1501 5446 effectum,
1512 5374 1657 5432 deterreat
1667 5370 1769 5428 omnia
1778 5384 1844 5444 pr·-

133 5516 215 5571 narie
233 5519 304 5598 {esta
326 5517 497 5600 iehdorraiia
512 5516 542 5571 in
556 5516 739 5572 dedicatione
755 5516 961 5599 Lugdunensis
1015 5515 1109 5573 linono
1122 5517 1199 5589 quod
1215 5515 1403 5573 Mabillonius
1418 5515 1510 5600 edidit
1522 5519 1543 5597 ι.
1561 5514 1590 5597 l,
1601 5511 1752 5595 Musqltat.
1768 5509 1797 5567 P.
1813 5525 1840 5575 n,

27 5650 30 5655 ¹
130 5585 269 5643 Ecclesia
284 5587 335 5642 hb.
352 5603 402 5655 nn,
417 5592 503 5672 epist.
520 5588 547 5642 3.
564 5589 601 5643 ad
615 5588 756 5644 Faustum
772 5604 861 5662 episc.
1015 5606 1042 5662 p.
1053 5589 1116 5645 389.
1133 5606 1166 5644 ex
1181 5588 1245 5644 cod.
1262 5588 1609 5654 monast.Bobrensrs,src
1624 5584 1752 5661 legitur:
1763 5582 1841 5639 Bear-

153 5656 238 5742 (203)
250 5657 395 5746 Meadase
414 5657 463 5720 hro
479 5657 628 5721 titulusita
644 5659 877 5722 sacramentario
892 5659 958 5720 Gal·
1014 5659 1098 5722 dictio
1113 5661 1199 5731 amnt,
1216 5658 1286 5740 quod
1301 5660 1331 5720 in
1344 5660 1464 5718 Ecclesia
1477 5658 1600 5736 affertur.
