3878 6098
145 287 224 351 {239

531 280 698 343 APPKND.
721 277 772 342 Aa
794 280 890 344 SAEC.
911 282 951 344 X.
967 312 1008 329 -
1021 282 1273 352 Mauuuaurn
1293 289 1452 356 ntideo.
1772 300 1851 366 teia

178 415 289 493 sbytari
303 419 333 474 dt
346 413 634 474 contessorisRama
650 413 725 469 beati
740 412 809 469 tulii
825 414 1009 484 senatorisA
1060 418 1185 476 Secundi
1212 424 1358 497 martyris.
1384 426 1535 500 Bergamis
1560 427 1677 489 civitate
1699 433 1798 505 natale
1820 439 1847 493 S.

1055 506 1209 565 Alexandri
1227 513 1373 586 martyris.
1390 514 1497 571 Salona
1523 519 1620 589 passio
1644 521 1674 576 S.
1690 524 1846 592 Anastasii,

1054 598 1139 669 cujus
1155 602 1297 656 memoria
1312 603 1477 660 festivitatis
1503 623 1594 680 supra
1619 614 1721 666 notata
1744 617 1791 670 est
1809 631 1847 674 xri

1055 686 1200 744 Kalendas
1215 690 1406 763 Septembris.
1430 694 1631 754 Autissiodera
1655 699 1801 773 depositio
1817 706 1844 761 S.

1054 773 1212 832 Eleutherii
1227 779 1367 852 episcopi.

43 916 45 920 .
172 869 249 926 beuti
266 862 399 937 Porphiri
415 860 544 918 hominis
568 859 627 916 Dei.
644 858 730 915 Herio
743 858 841 914 insula
855 859 884 915 in
901 859 963 915 loca
1017 863 1054 918 Vl
1078 863 1223 922 Kalendas
1248 868 1440 940 Septembris.
1463 873 1549 945 Apud
1571 873 1701 948 Capuam
1726 880 1757 936 S.
1783 883 1844 939 Ruit

145 1001 148 1007 .
173 958 224 1030 qui
239 954 347 1011 dicitur
362 957 446 1020 Dcas,
463 949 560 1006 natale
584 953 611 1005 S.
631 947 782 1004 Philiberti
807 948 922 1004 abbatis
936 952 964 1006 et

176 517 205 567 et
219 506 366 582 martyris.
378 510 410 561 Iu
422 506 569 561 territurio
582 501 754 558 Biturrcensi
764 502 859 558 natale
870 504 963 560 saneti

173 596 295 656 Mariani
311 593 497 660 contessoris,
510 593 596 662 cujus
611 594 693 664 gesta
709 591 863 647 hahentur.

207 691 265 760 lpse
280 686 324 743 dic
338 686 407 743 obiit
421 681 559 738 ildiardae
573 681 652 736 miles
663 680 690 736 S.
708 681 848 752 Stephani.

135 778 200 834 x111
216 778 278 836 Kal.
291 769 626 848 Septembrissamuelis
637 769 906 841 proplietadiadem
917 769 964 827 die

174 1041 361 1102 contessoris.

138 1136 190 1191 xti
202 1133 347 1190 Kalendas
358 1129 583 1204 Septembrisln
595 1127 741 1183 territuria
753 1127 866 1184 civitate
877 1131 964 1183 Gara-

173 1226 265 1282 litaua
279 1223 342 1279 vico
357 1219 534 1283 limatensi,
549 1216 645 1273 natale
660 1221 687 1271 S.
705 1215 812 1272 Privati
831 1218 961 1290 episcopi

174 1321 202 1374 et
218 1310 475 1387 martyrisldodsm
492 1307 537 1363 dic
553 1304 649 1362 natale
663 1309 711 1361 SS.
734 1309 895 1378 martyrum
911 1308 963 1364 Ba·

163 1405 250 1463 -nasii
264 1409 293 1461 et
308 1397 487 1466 Maximiani,
505 1413 631 1469 quorum
647 1400 728 1468 gesta
742 1395 897 1451 hahentur.

210 1495 284 1553 Obiit
295 1491 448 1548 Adelelmas
463 1487 562 1542 nabilis
576 1485 655 1540 miles
669 1488 696 1539 et
718 1484 841 1540 humilis.
859 1485 963 1541 Eadem

172 1587 216 1643 die
234 1582 383 1638 ll'iltelrnas
398 1577 572 1634 tti'verneiai's
587 1590 681 1639 rames,
699 1573 836 1630 Cartuii'ae
847 1575 962 1646 religia·

171 1693 231 1733 sarii
245 1675 329 1730 eitam
342 1669 440 1725 duceris
454 1664 624 1722 satiatissime
638 1664 715 1719 abiit.

1053 954 1200 1026 martyris.
1215 955 1329 1013 Arelate
1343 959 1372 1014 S.
1386 959 1502 1016 Caesarii
1527 962 1656 1038 episcopi
1680 971 1709 1022 et
1732 971 1845 1028 cantes·

1053 1042 1138 1097 soris.
1152 1045 1358 1117 augustiduno
1371 1048 1513 1120 depositio
1525 1052 1555 1107 S.
1568 1052 1662 1127 Siagri
1675 1057 1806 1132 episcopi
1818 1066 1845 1118 et

1053 1132 1363 1192 contessoris.Tbamis
1377 1137 1473 1195 natale
1485 1140 1535 1196 SS.
1551 1147 1715 1217 martyrum
1729 1147 1845 1205 lilareel·

1053 1217 1104 1274 lini
1118 1220 1239 1289 tribuni,
1252 1228 1281 1279 et
1293 1226 1392 1282 uxoris
1413 1228 1477 1299 ejus
1501 1230 1641 1300 Manncai,
1655 1238 1684 1289 et
1703 1234 1758 1291 filii
1782 1239 1845 1310 ejus

1052 1308 1202 1377 lobannis,
1217 1316 1246 1367 et
1269 1314 1437 1387 Serapionis
1456 1316 1563 1386 clerici,
1577 1324 1606 1376 et
1627 1322 1706 1379 Petri
1730 1325 1842 1383 militis.

1053 1396 1220 1456 Kademdie
1236 1403 1334 1474 passio
1359 1406 1409 1461 SS.
1434 1406 1549 1480 Georgii
1573 1410 1699 1479 diaconi,
1723 1416 1842 1483 Aurelii,

1053 1484 1329 1559 Felicis,Nataliae,et
1341 1493 1583 1552 LiliosieCivitate
1590 1498 1736 1558 bituricas
1749 1507 1842 1561 treas·

1052 1572 1121 1631 latia
1142 1580 1272 1651 eorporis
1295 1584 1323 1636 S.
1349 1581 1466 1655 Sulpitii
1490 1585 1619 1660 episcopi
1643 1594 1672 1645 et
1695 1593 1841 1650 contesso-

1052 1680 1102 1719 ris.

137 1766 175 1822 xi
191 1763 252 1821 Kal.
268 1757 456 1834 Septembris.
473 1756 571 1811 Rama
583 1751 677 1808 natale
689 1756 717 1807 S.
730 1751 876 1808 Timothei
888 1751 1039 1855 marBV
1065 1754 1126 1809 Kal.
1155 1757 1345 1829 Septembris.
1376 1762 1473 1818 Rornae
1504 1764 1603 1836 passio
1632 1767 1662 1823 S.
1698 1768 1841 1830 Hermen„

82 1876 92 1897 ⁰
170 1851 311 1927 tyris,qui
327 1850 363 1904 de
377 1843 528 1903 Antiochia
544 1843 666 1898 Romam
680 1841 805 1941 renitet
819 1859 873 1898 sua
888 1860 960 1915 pris-

173 1940 316 1999 dicatione
332 1935 440 1993 multos
456 1934 490 1989 ad
498 1932 645 1987 Christum
657 1935 798 1987 convertit
813 1950 824 1986 .·
840 1949 891 2004 pro
903 1949 960 2004 quo

65 2026 78 2033 ”
171 2037 201 2089 et
214 2022 560 2100 martyrizatussepultus
571 2021 703 2092 estjaxta
716 2021 832 2076 beatum
840 2023 961 2094 Aposto-

171 2119 233 2174 lum
243 2132 294 2190 pra
305 2131 338 2172 ea
347 2110 586 2187 quemhabuerat
596 2108 729 2180 ejusdem
737 2108 961 2166 nominisdisci-

171 2206 284 2281 pulum.
300 2201 503 2276 augustiduno
519 2195 651 2252 natales.
668 2197 871 2270 symphoriani
884 2216 959 2254 mar·

171 2297 253 2370 tyris.
279 2296 361 2359 ltein,
388 2292 485 2347 Romae
510 2287 541 2343 B.
558 2285 673 2341 Antonii
692 2286 838 2358 martyris,
854 2291 882 2343 et
907 2289 958 2345 SS.

170 2385 392 2457 Peregrinarum
408 2383 570 2450 martyrum
596 2374 745 2442 Martialis,
762 2375 890 2448 Epitarii,
907 2377 959 2433 Sa-

170 2473 281 2531 turnini
298 2488 365 2527 cum
381 2467 468 2524 sociis
483 2482 594 2522 earum.

206 2563 358 2636 Stephanus
373 2558 454 2630 lajas
467 2555 590 2612 ecclesie
601 2555 762 2626 praepositus
772 2559 798 2609 et
813 2558 958 2613 cocanicus

169 2655 245 2710 abiit.

1051 1845 1199 1915 martyris.
1217 1848 1499 1923 Coustantinapalim
1510 1853 1607 1910 natale
1617 1857 1712 1913 sancti
1725 1858 1841 1917 Alexan-

1050 1930 1094 1985 dri
1107 1933 1235 2006 episcopi
1248 1935 1366 2008 gloriosi
1380 1940 1471 2008 senis,
1485 1942 1570 2012 eujus
1593 1945 1727 2003 oratione
1742 1950 1840 2008 Arrius

1050 2017 1146 2076 divino
1160 2028 1233 2078 nutu
1247 2026 1359 2096 crepuit
1371 2027 1486 2084 medius
1507 2031 1609 2087 effusis
1621 2032 1794 2094 visceribus.
1807 2041 1839 2095 ln

1050 2106 1165 2166 civitate
1177 2110 1321 2183 Ypponne
1333 2116 1431 2172 natale
1453 2117 1482 2174 S.
1495 2119 1654 2192 Augustini
1672 2123 1801 2198 episcopi
1812 2132 1840 2183 et

1050 2197 1235 2268 confessoris,
1251 2201 1302 2272 qui
1313 2204 1420 2275 spiritu
1434 2205 1531 2262 divina
1543 2212 1728 2277 tactus,iecit
1738 2213 1838 2282 libros,

1049 2289 1201 2360 tractatus,
1225 2291 1365 2363 epistolas
1389 2311 1509 2352 numero
1534 2296 1615 2354 mille
1631 2317 1698 2370 xxx,
1723 2310 1839 2377 excepta

1049 2389 1111 2445 quai
1127 2379 1274 2434 numerari
1290 2397 1347 2436 non
1363 2389 1646 2453 possantSantanas
1661 2390 1760 2446 natale
1768 2393 1839 2450 sei-

1048 2462 1126 2519 hiaui
1143 2466 1271 2539 episcopi
1287 2473 1316 2525 et
1331 2471 1516 2529 contessoris.
1534 2474 1599 2546 lpso
1614 2475 1662 2532 die
1682 2477 1714 2533 in
1727 2479 1836 2539 Brirato

1046 2551 1108 2607 viae
1124 2554 1220 2612 natale
1234 2558 1327 2614 sancti
1341 2559 1451 2616 iuliani
1467 2563 1613 2636 martyris.

1083 2642 1158 2699 diiii
1172 2644 1249 2701 Cimo
1263 2649 1343 2704 mitis
1355 2650 1384 2704 S.
1400 2651 1541 2723 Stephani.

131 2744 155 2802 Χ
169 2741 314 2802 Kalendas
328 2734 518 2810 Septembris.
535 2730 688 2788 Antiochia
702 2732 799 2789 natale
813 2733 861 2788 SS.
879 2751 956 2791 mar·
1011 2727 1048 2783 lV
1064 2730 1208 2806 Kalendas
1222 2737 1411 2807 Septembris.
1428 2739 1524 2839 Rama
1539 2742 1575 2796 ad
1590 2761 1692 2842 arcum
1706 2747 1835 2806 Faustini

167 2838 264 2908 tyrum
294 2826 406 2896 Donati,
434 2823 583 2891 Restituti,
607 2821 765 2889 Valeriani,
791 2823 956 2881 Fructuaiae
1047 2818 1222 2878 beatissime
1239 2825 1353 2893 Sabinas
1370 2833 1596 2929 martyriaque
1611 2832 1668 2889 suit
1683 2851 1756 2891 uxor
1766 2853 1835 2909 prae·

168 2939 235 2979 cum
250 2919 315 2975 aliis
330 2935 379 2973 x11.
395 2912 569 2971 Alexandria
583 2911 661 2968 beati
677 2911 801 2967 Theonis
817 2911 869 2967 viri
894 2913 955 2970 Dei.
1046 2905 1203 2966 clarissimi
1217 2916 1367 2986 quandam
1382 2915 1528 2974 Valentini
1536 2924 1564 2975 et
1574 2918 1635 2977 iilia
1647 2921 1769 2981 Herodis
1779 2926 1835 2982 Me.

168 3012 202 3066 Et
216 3009 285 3065 alibi
302 3009 331 3064 S.
348 3005 451 3062 Zachci
467 3001 595 3075 episcopi
618 3006 647 3056 et
660 3001 708 3056 SS.
727 3004 888 3073 martyrum
903 3003 955 3058 Mi·
1047 2994 1166 3066 tallarii,
1183 3017 1246 3072 quai
1263 3020 1350 3074 passa
1365 3010 1410 3061 est
1433 3006 1558 3063 Adriano
1584 3009 1760 3110 imperante,
1782 3016 1833 3070 snb

167 3098 251 3165 narii,
276 3093 402 3152 lileaeari
421 3108 489 3147 eum
511 3089 579 3145 filiis
602 3107 640 3146 rx.
657 3089 763 3145 Kodem
788 3090 835 3146 die
859 3091 955 3148 natale
1046 3086 1179 3156 prataria
1196 3089 1339 3163 ilelpidie.
1357 3093 1438 3164 ltem,
1464 3096 1561 3152 Rome
1586 3115 1687 3170 passio
1706 3102 1737 3158 S.
1753 3104 1833 3160 Sere·

167 3190 335 3244 sanctorum
351 3180 496 3239 Timothei
513 3184 541 3236 et
552 3177 792 3251 Apollinaris,qui
807 3181 883 3252 apud
900 3161 992 3237 tie-C
1047 3173 1121 3245 phiae
1137 3176 1268 3250 virginis.
1284 3181 1313 3236 ln
1340 3183 1488 3253 provincia
1504 3185 1666 3244 Palaestina
1680 3189 1832 3250 civitate...

166 3275 313 3333 mensium
337 3273 439 3328 urbem
455 3272 658 3326 consummata
674 3267 812 3340 martyria
828 3268 957 3326 coelestia

167 3383 258 3440 regna
273 3364 487 3420 merueruntln
499 3358 584 3414 Licca
598 3357 713 3413 civitate
727 3358 804 3430 nga
817 3357 953 3414 SSClau-

168 3456 220 3523 dii,
235 3453 340 3511 Asterii
355 3457 384 3508 et
397 3448 514 3517 Neanis,
532 3448 581 3520 qui
606 3449 673 3519 past
691 3447 796 3503 acerba
810 3451 955 3504 tormenta

167 3542 344 3601 cruciadtixi
360 3546 439 3598 sunt.
466 3538 669 3612 Angustidnno
693 3536 836 3608 depositio
860 3539 953 3594 sancti

1045 3261 1199 3321 decollatio
1213 3271 1241 3322 S.
1257 3269 1399 3328 iohannis
1414 3272 1560 3346 Baptista.

1080 3353 1139 3423 lpsa
1150 3354 1196 3410 die
1209 3357 1347 3424 ordinatio
1363 3361 1456 3417 itemni
1468 3364 1617 3436 lieresridi,
1629 3369 1680 3439 qai
1693 3368 1831 3442 dmitsrc·

1044 3441 1131 3499 tribus
1145 3445 1179 3498 ud
1195 3449 1368 3519 resectionem
1383 3451 1470 3521 ipsias
1491 3452 1548 3509 diei
1568 3456 1729 3525 taciendam
1746 3462 1830 3517 ,irtel-

1042 3529 1108 3586 dum
1124 3533 1229 3602 villam,
1245 3541 1272 3591 et
1286 3539 1315 3592 iii
1336 3540 1482 3596 lindriaco
1503 3559 1633 3600 mensam
1647 3562 1747 3615 anani,
1768 3557 1793 3606 et
1805 3552 1832 3606 iii

1043 3620 1181 3692 capillaco
1206 3642 1333 3682 marisii-iii
1352 3628 1509 3698 alternaret
1531 3634 1724 3693 rnaleiidiiirim
1744 3641 1831 3696 subtus

1040 3712 1196 3766 inarumda
1211 3713 1361 3771 il'ii-tiaitate
1378 3733 1440 3773 aere
1462 3719 1491 3774 S.
1517 3720 1615 3779 llaiu'ie
1633 3727 1745 3796 quande
1767 3728 1832 3785 sedit

1038 3800 1160 3868 priiiiem
1186 3802 1215 3856 iii
1242 3805 1370 3862 cattedra
1404 3809 1559 3881 episcopali,
1588 3810 1664 3869 dedit
1699 3817 1830 3886 [ratribus

1040 3889 1181 3944 eeclesiam
1209 3894 1341 3951 decorita}
1362 3899 1387 3950 et
1412 3898 1600 3966 lindriacum,
1628 3910 1655 3957 et
1682 3907 1827 3977 Lapinuai,

1039 3993 1143 4033 neeriae
1159 3982 1334 4051 deputarunt.
1351 3986 1529 4043 Giiniliceiam
1543 3997 1637 4046 aowin
1649 3991 1728 4049 dedit
1742 3996 1773 4050 iii
1785 4013 1829 4051 iio-

1038 4068 1089 4121 tati
1104 4069 1132 4123 S.
1150 4069 1304 4128 Cterneiitii.
1321 4076 1395 4131 Obiit
1407 4076 1616 4134 drrtiemdaldas
1630 4084 1783 4155 episcopas.

165 3632 291 3691 Flaviani
306 3631 447 3705 episcopi.

198 3723 296 3780 Eadem
315 3722 358 3778 die
386 3721 525 3776 Eridertcs
547 3715 787 3772 Autissiodorensis
814 3717 952 3790 episeopus

161 3815 235 3870 aium
248 3815 386 3869 iiiiiiiersae
398 3810 490 3866 earnis
506 3815 543 3863 est
559 3808 704 3877 inpressas.

125 3901 164 3958 lx
180 3901 321 3957 Kalendas
337 3898 528 3972 Septembris.
545 3900 577 3952 In
594 3894 676 3950 India
689 3894 784 3950 natale
797 3895 950 3952 Sliartha·

160 3988 254 4044 lomaei
269 3989 401 4060 apastoli.
417 3987 500 4060 Apud
516 3984 700 4056 Cartaginem
711 3985 948 4040 commemoratio

159 4082 327 4132 sanctarum
352 4077 454 4132 Massa
478 4075 619 4142 candidae,
634 4090 760 4146 quorum
776 4073 947 4131 solemnitas
1361 4163 1365 4172 Ι
1515 4167 1521 4177 .
1606 4169 1612 4179 ι
1673 4171 1679 4183 ¹
1728 4173 1766 4186 ..
1803 4175 1808 4184 ι

157 4166 293 4238 superius
308 4184 344 4222 xi
368 4165 512 4222 Kalendas
538 4163 717 4236 Septembris
737 4167 875 4219 annotata
889 4171 943 4221 esi,
1001 4154 1037 4210 lll
1049 4155 1681 4232 KalendasSeptembrisllamievraOstiensi
1693 4174 1826 4231 milliaria

157 4255 254 4312 Rornae
271 4254 366 4313 natale
381 4255 410 4312 S.
428 4251 541 4310 Cenesii
559 4251 705 4324 martyris,
722 4253 843 4308 Ciuitate
864 4257 945 4309 Retia
1035 4244 1071 4300 ab
1087 4246 1160 4302 Urbe
1176 4247 1416 4308 beatissimarum
1427 4260 1589 4329 martyrum
1607 4257 1715 4317 Felicis
1729 4268 1759 4319 et
1772 4267 1824 4319 Au·

156 4362 241 4419 mago
256 4344 352 4402 natale
367 4341 529 4400 S.Audaeni
541 4338 669 4412 episcopi
684 4344 712 4394 et
722 4341 943 4398 confessoriam
1034 4334 1123 4403 ducti,
1140 4338 1226 4392 ambo
1246 4340 1417 4412 presbyteri.
1434 4344 1517 4412 item,
1533 4345 1634 4403 Roma
1658 4349 1822 4408 Gaudenti&

154 4434 301 4490 territuria
317 4431 486 4490 Nivernensi
500 4427 596 4485 natale
606 4428 656 4483 SS.
674 4428 875 4484 confessarum
890 4433 942 4486 l'a-
1033 4423 1164 4498 virginis.

153 4522 229 4578 tricii
245 4523 360 4579 abbatis
375 4527 404 4579 et
419 4519 549 4577 Cildardi
565 4517 661 4590 presb.
960 4532 981 4596 Ι)
1068 4514 1141 4570 dliii
1154 4516 1346 4575 drmeiitirrtas
1357 4524 1491 4591 sacerdes,
1519 4527 1568 4598 piri
1582 4527 1744 4586 insinceriter
1762 4532 1821 4602 pla-

189 4612 263 4667 aiiii
275 4614 350 4683 liupo
363 4628 461 4668 cemes.
1031 4603 1076 4659 dia
1089 4607 1248 4679 intersectas
1263 4619 1311 4665 est.

114 4697 179 4755 Vlll
193 4699 338 4756 Kalendas
355 4676 551 4773 Septembris.¹
563 4698 660 4753 Rome
673 4694 769 4753 natale
781 4696 941 4769 SSmarty-
995 4691 1092 4748 Pridie
1108 4694 1251 4753 Kalendas
1266 4701 1586 4771 Septembris'lreviris
1601 4707 1701 4763 natale
1711 4709 1740 4765 S.
1752 4710 1820 4766 Pau·

149 4805 216 4844 rum
231 4787 359 4850 llusehii,
385 4787 530 4855 Pontiani,
555 4785 714 4859 Peregrini,
740 4790 768 4840 et
783 4784 938 4842 Vincentii.
1031 4779 1083 4836 lini
1099 4783 1226 4858 episcopi
1242 4791 1271 4842 et
1286 4791 1561 4866 contessorisApud
1575 4794 1746 4853 Athanasii.
1761 4799 1819 4855 Ari·

147 4875 262 4934 Arelate
279 4875 375 4932 natale
389 4877 418 4932 S.
432 4875 547 4932 Genesii
564 4874 700 4947 martyris
711 4873 827 4946 propria
838 4891 939 4932 cruore
1029 4870 1114 4928 slidis
1130 4873 1187 4930 tide
1209 4876 1413 4952 sapientiaque
1437 4879 1605 4940 clarissimi.
1622 4885 1818 4943 Autissiodera

27 4984 30 4989 ·
145 4966 285 5039 baptizati
305 4965 425 5023 Ciuitate
449 4963 602 5036 compluta
625 4963 723 5036 passio
748 4963 798 5019 SS.
818 4963 895 5020 lusti
910 4970 939 5021 et
1028 4960 1171 5032 depositio
1187 4965 1215 5019 S.
1232 4963 1327 5037 Optati
1343 4969 1472 5043 episcopi
1483 4974 1512 5027 et
1525 4973 1817 5032 contessorisAncira

143 5056 272 5113 Pastoris
288 5057 422 5122 iratrnui,
440 5054 490 5126 qui
515 5070 581 5108 curn
606 5053 701 5107 adhuc
723 5052 805 5123 pueri
830 5052 934 5109 litteris
1028 5050 1144 5106 Calatiae
1161 5053 1208 5108 SS.
1225 5054 1326 5119 Gaiani
1343 5061 1371 5112 et
1385 5058 1505 5115 iuliani.

143 5141 496 5216 imbuerentur,prajectis
519 5140 548 5194 in
569 5136 669 5194 schola
692 5137 810 5206 tabulis,
829 5146 933 5211 sponte
1294 5145 1516 5229 SEPTffipfflpst

141 5226 778 5306 idniariyriumcucurrerunt.1iam,tiama
805 5227 850 5282 via
876 5228 931 5284 No·
987 5226 1131 5284 Kalendas
1146 5231 1337 5302 Septembris.
1354 5235 1442 5292 lliesu
1466 5238 1543 5295 Nare
1567 5244 1596 5296 et
1617 5241 1737 5300 Cedean
1752 5261 1811 5316 pra

142 5326 279 5377 montana
294 5321 420 5377 militum
437 5337 515 5378 xviri.
1020 5316 1219 5387 pheturum,ct
1235 5321 1412 5380 beatissiuiae
1426 5329 1515 5382 Annas
1534 5330 1810 5405 prophetamque

104 5406 155 5462 Vll
172 5408 317 5465 Kalendas
327 5409 517 5482 Septembris.
532 5407 629 5461 llainai
644 5403 858 5474 ssmnriyrnm
875 5404 928 5460 lle·
1020 5405 1049 5460 in
1066 5407 1220 5480 Evangelio
1236 5409 1455 5486 legiturCapua
1470 5415 1567 5472 natale
1583 5424 1612 5472 S.
1629 5419 1723 5477 Prisci
1740 5439 1810 5477 mer·

139 5511 215 5551 rena
229 5501 257 5552 et
270 5499 396 5555 Abundi.
414 5499 496 5569 lieni,
513 5478 608 5552 ltoinae
624 5492 720 5549 natale
736 5491 765 5547 S.
783 5492 927 5563 Zephirini
1018 5495 1099 5567 tyris.
1115 5502 1242 5554 Senones
1256 5500 1400 5572 depositio
1417 5505 1447 5559 ti.
1465 5505 1537 5577 Cupi
1553 5508 1687 5582 episcopi
1701 5517 1730 5567 et
1744 5526 1808 5567 con-

138 5598 229 5654 papie.
245 5586 329 5657 Apud
343 5586 535 5642 Vintimilium
543 5590 672 5642 castrum
688 5580 776 5638 ltaliae
789 5580 883 5637 itabile
894 5581 922 5639 S.
1017 5584 1145 5640 lassaris.
1162 5588 1336 5647 Cenomanis
1348 5592 1444 5650 natale
1458 5598 1486 5649 S.
1504 5594 1631 5653 Victoris
1640 5599 1768 5672 episcopi
1777 5604 1801 5653 et
