3878 6098
61 290 117 354 3111

511 294 563 356 Di}
586 294 722 357 easrls
744 293 864 354 EPlSC.
888 293 1107 361 aurisstou,
1126 334 1164 343 -
1179 300 1278 363 PARS
1301 302 1325 363 l.

1707 303 1766 365 302

58 431 161 481 autem
177 429 310 499 tempere
325 425 451 499 piissimi
476 428 552 500 regis
578 427 725 496 Ludovici,
742 425 888 483 Willelmo
902 426 930 494 Α
945 432 1570 505 consuetudinilrusebviareconatusest;in
1581 436 1769 508 primisenim

58 514 167 570 comite
182 515 366 586 Nivernensi,
383 516 433 588 qui
447 516 581 589 sepultus
600 521 645 572 est
660 517 736 588 apud
755 521 888 571 sanetum

57 603 239 659 Germanum
255 603 307 675 qui
323 621 381 660 nen
399 603 556 660 minimum
572 605 597 660 ei
609 605 638 660 in
650 605 710 660 vita
722 622 776 660 sua
788 604 888 660 adver-

56 696 207 760 natusest,
220 695 249 747 et
260 691 390 765 pervenit
402 694 542 765 usquead
555 699 672 766 tempus
685 692 824 748 willelmi
837 692 888 747 alii

57 782 131 854 ejus,
148 780 200 852 qui
216 779 427 854 Hierosolymis
445 785 580 837 mortuus
604 786 657 849 est,
675 781 773 837 ltomae
790 785 888 836 autem

57 868 235 942 presulibus
248 869 376 925 Adriano
392 874 421 926 et
434 869 596 926 Alexandro
613 887 689 942 papa
703 869 798 925 tertie.

249 957 317 1013 Car.
335 958 419 1014 tvtt.
437 990 471 1000 —
486 962 524 1014 lle
539 959 693 1015 Gaillelmo.

91 1045 270 1104 Guillelmus
279 1045 467 1102 tuciacensis
478 1048 543 1114 luit,
556 1064 614 1102 non
624 1050 739 1102 tantum
752 1045 886 1114 illustris,

59 1136 107 1191 sed
123 1140 152 1190 et
167 1134 293 1191 bonosio
306 1133 419 1207 origiue
433 1141 612 1207 procreatus,
631 1141 714 1207 pater
728 1135 806 1190 enim
823 1134 888 1205 ejus

57 1223 169 1280 exstitit
179 1222 321 1279 Girardus
332 1223 367 1278 de
377 1222 525 1278 Narbonia
534 1223 578 1278 vir
590 1223 707 1287 nobilis,
715 1228 810 1278 mater
819 1240 887 1278 vero

945 520 1103 576 torcularia
1117 523 1146 577 in
1166 524 1218 594 jus
1242 541 1330 579 suum
1348 525 1478 598 redigere
1494 526 1623 583 lentavit.
1636 526 1677 579 ita
1692 525 1769 595 quod

944 607 973 662 in
990 614 1051 662 tota
1074 611 1145 664 urhe
1170 610 1241 665 nulli
1258 611 1356 668 liceret
1376 613 1504 669 torcular
1519 613 1626 669 habere
1642 612 1697 667 rrisi
1715 612 1770 667 sub

944 697 1054 751 tribulo
1075 698 1173 753 comiti
1198 700 1350 756 annuatim
1376 702 1524 757 reddendo
1542 718 1547 757 :
1566 702 1612 758 cui
1630 718 1771 773 presum-

945 784 1037 856 ptioni
1053 787 1158 858 presul
1175 788 1332 860 praedictus
1348 790 1389 845 ila
1410 790 1534 845 viriliter
1558 790 1676 858 restitit,
1693 789 1771 862 quad

944 889 996 928 nec
1012 873 1118 941 clerus,
1136 892 1189 931 nec
1204 876 1332 949 populus
1346 877 1498 949 antiquam
1514 878 1680 935 libertatem
1696 878 1773 933 emi·

944 962 1024 1029 serit,
1041 979 1093 1018 nec
1116 963 1144 1018 in
1169 963 1267 1036 alique
1296 971 1433 1037 gravatus
1461 967 1558 1021 suerit.
1576 966 1654 1021 ldem
1673 982 1771 1021 aoeies

944 1049 1015 1106 alias
1026 1050 1155 1107 decimas
1167 1053 1317 1108 vinearum
1329 1071 1452 1109 assensu
1464 1054 1551 1109 ctiam
1563 1052 1770 1121 Ecclesiarum,

934 1129 978 1193 'ad
988 1156 1062 1210 (quas
1074 1140 1269 1212 pertinebant,
1280 1142 1422 1198 violenter
1432 1141 1640 1214 occupavit,ita
1651 1143 1729 1212 quod
1739 1142 1769 1196 ia

943 1225 1067 1298 singulis
1083 1228 1174 1300 portis
1195 1231 1330 1286 custodes
1356 1230 1506 1286 constituti
1523 1230 1558 1285 ab
1576 1229 1768 1285 (1111111111-

55 1316 226 1385 Agnesnoa
242 1327 348 1385 genere
362 1310 424 1366 viro
440 1328 494 1367 suo
511 1312 650 1379 interior,
666 1312 714 1384 qui
732 1310 803 1366 clari
818 1328 886 1366 cum

54 1405 152 1458 essent
166 1416 267 1457 rerum
283 1400 368 1473 copia
383 1404 412 1456 et
425 1400 579 1472 sanguinis
594 1400 887 1473 generositatenobi·

53 1489 141 1546 liores
155 1494 258 1546 1111111
271 1489 405 1545 maribus
419 1492 449 1544 et
458 1488 602 1546 feliciores
617 1489 735 1544 luerunt
749 1492 886 1545 natorum
941 1493 1086 1560 convenit,
1100 1497 1204 1548 etcum
1216 1494 1252 1549 ab
1264 1494 1390 1566 incoepta
1404 1493 1541 1549 violentia
1556 1495 1619 1565 ejus
1635 1494 1770 1548 admoni-

53 1577 275 1651 propagatione.
290 1577 355 1633 Non
377 1577 455 1632 enim
480 1576 559 1633 bunc
587 1581 701 1633 tantum
731 1576 885 1649 presulem
941 1581 1020 1637 tione
1036 1599 1151 1638 cessare
1166 1600 1223 1639 non
1239 1582 1372 1648 vellet,in
1383 1582 1480 1654 ipsam
1496 1579 1770 1637 excommunicatio-

54 1672 126 1723 nutu
141 1666 195 1724 Dei
209 1670 387 1740 genuerunt,
404 1666 455 1722 sed
465 1665 618 1739 liuganem
634 1667 784 1721 Senonum
798 1682 885 1723 vene·
941 1670 988 1724 nis
1001 1674 1030 1724 et
1044 1669 1073 1725 in
1090 1675 1198 1726 terram
1215 1687 1299 1727 suam
1325 1669 1473 1726 interdicti
1489 1669 1664 1728 sententiam
1680 1685 1770 1741 gene-

53 1755 179 1811 rabilem
193 1753 458 1827 arcbiepiscopum,
475 1754 526 1826 qui
550 1753 764 1827 primogenitus
784 1770 884 1809 eorum
942 1758 1042 1814 raliter
1056 1759 1261 1831 promulgavit,
1275 1759 1392 1815 nechoc
1403 1760 1491 1815 etiam
1508 1763 1674 1825 contentus,
1690 1759 1771 1815 dom·

53 1844 118 1911 tait,
133 1844 181 1899 sir
192 1842 329 1899 videlicet
344 1844 506 1910 modestus,
522 1842 663 1909 liberalis,
680 1847 709 1897 et
725 1843 805 1897 omni
822 1859 884 1897 me·
940 1865 1012 1903 num
1024 1864 1128 1919 papam
1140 1864 1191 1919 per
1202 1848 1321 1904 nuntios
1335 1865 1404 1903 suos
1415 1865 1503 1920 super
1514 1847 1568 1903 boc
1578 1847 1737 1914 consuluit,
1753 1865 1771 1904 a

53 1950 118 1988 rum
141 1932 298 1988 honestate
323 1932 472 2004 preditus.
490 1931 648 1987 Predictus
670 1929 839 1986 Willelmus
856 1931 884 1985 in
940 1953 998 2010 quo
1014 1934 1166 2008 privilegia
1180 1943 1209 1991 et
1230 1935 1482 1992 confirmationem
1499 1940 1559 1991 lana
1575 1935 1769 2005 decimarum,

49 2022 205 2093 juventute
226 2037 282 2076 sua
305 2019 435 2092 primum
451 2020 723 2077 archidiaconatum
739 2024 768 2075 et
783 2025 886 2092 postea
940 2040 1029 2098 qnam
1053 2022 1177 2079 aliarum
1201 2039 1299 2078 rerum
1325 2023 1459 2079 Ecclesia
1484 2023 1630 2090 obtinuit;
1647 2023 1767 2079 nunties

53 2109 280 2182 preposituram
292 2107 424 2164 Ecclesiae
435 2108 613 2165 Senonensis
623 2107 885 2174 administrantia
940 2112 1038 2170 eutem
1054 2113 1117 2182 ejus
1133 2113 1271 2184 prevenit
1295 2110 1497 2167 misericordia
1518 2110 1644 2178 Domini,
1661 2127 1725 2182 que
1740 2114 1769 2165 et

51 2215 111 2271 qua
126 2197 386 2254 administratione
401 2197 443 2253 ita
458 2197 566 2264 lloruit,
579 2199 657 2270 quod
673 2196 746 2252 nulli
765 2196 885 2252 clerico·
941 2201 1058 2257 coniitia
1073 2199 1232 2256 amicitiam
1242 2200 1459 2255 etdecimarum
1477 2198 1690 2254 restitutionem
1701 2215 1769 2254 cum

53 2304 118 2343 rum
144 2286 176 2342 in
201 2285 305 2343 Galliis
328 2285 472 2359 largitate,
490 2285 699 2358 hospitalitatis
714 2285 818 2358 gratia,
835 2303 885 2341 ex·
941 2288 1045 2345 haerili
1061 2289 1261 2345 satisfactione
1277 2289 1301 2344 ei
1318 2287 1452 2353 contulit,
1469 2288 1510 2342 ita
1525 2287 1602 2358 quod
1625 2286 1770 2358 quidquid

53 2393 152 2447 peasa
164 2381 194 2430 et
204 2373 322 2430 lamiliae
334 2373 543 2430 numerositate
559 2375 707 2430 secundus
722 2373 865 2429 exstiterit
878 2389 884 2428 ε
940 2376 1054 2433 clericis
1069 2381 1120 2432 aut
1133 2375 1304 2432 bominibus
1315 2374 1511 2430 llcclesiarum
1523 2373 1654 2429 ablatum
1665 2374 1770 2442 suerat,

53 2465 144 2535 hujus
162 2462 286 2518 consilio
300 2466 329 2519 et
343 2464 499 2535 prudentia
514 2461 671 2518 universali
687 2460 815 2517 Ecclesia
828 2462 887 2516 tere
941 2465 1100 2538 unicuique
1112 2465 1146 2521 ad
1159 2465 1358 2537 probationem
1374 2483 1458 2520 sumn
1470 2463 1670 2519 veladnutum
1683 2479 1771 2518 suum

55 2553 220 2608 fluctuante
244 2555 274 2607 ct
297 2551 455 2608 schismate
483 2551 629 2621 saeviente,
658 2549 887 2623 praenominatus
942 2555 1153 2611 restitueretur.
1170 2554 1242 2609 ltem
1268 2554 1345 2609 idem
1370 2569 1469 2608 comes
1494 2552 1529 2607 de
1553 2567 1675 2608 assensu
1693 2550 1771 2624 regie

56 2642 146 2697 irater
161 2642 228 2712 ejus
243 2640 491 2713 archiepiscopus,
506 2640 566 2695 imo
582 2639 644 2712 ipse
660 2638 777 2711 recepit,
794 2643 823 2695 et
837 2639 886 2694 Se·
941 2642 1142 2698 communiam
1157 2641 1351 2697 autissiodori
1363 2642 1398 2697 (1(
1410 2658 1483 2695 nevo
1499 2640 1653 2695 instituere
1668 2638 1769 2706 voluit,

40 2730 144 2786 ⁸nonis
160 2729 274 2785 addixit
288 2729 379 2784 beata
395 2729 606 2786 recordationis
621 2727 818 2783 Alexandrum
837 2744 886 2799 pa·
941 2729 1407 2803 cuiitempresumptionipraesul
1420 2728 1582 2801 insignisse
1593 2728 1772 2784 confidenter

59 2836 125 2892 pam
146 2818 279 2885 tertium,
296 2818 428 2874 nendum
452 2817 536 2890 plene
561 2817 768 2871 confirmatum
785 2832 791 2871 ε
809 2815 887 2888 quod
942 2836 1102 2891 opponens,
1120 2819 1278 2892 superbae
1293 2818 1322 2873 11
1340 2819 1419 2891 regia
1434 2817 1515 2873 curia
1538 2834 1658 2873 causam
1678 2816 1770 2873 venti-

57 2908 146 2963 ctiam
163 2923 248 2979 reges
263 2910 292 2962 ct
305 2906 452 2979 principes
468 2905 561 2961 lacere
573 2904 780 2973 formidabant,
791 2905 888 2975 inqua
941 2907 1059 2963 landam
1075 2908 1214 2980 suscepit,
1225 2924 1283 2962 nen
1296 2911 1393 2962 tamen
1410 2907 1522 2978 absque
1537 2903 1666 2978 periculo
1680 2909 1710 2960 et
1725 2921 1772 2960 ex-

59 2996 236 3069 reeeptione,
251 2999 280 3050 et
294 2995 424 3067 quandiu
449 2995 527 3066 apud
543 3010 593 3050 eos
609 2999 722 3050 morata
736 2999 781 3049 est
795 2993 886 3058 curia,
942 3011 1100 3068 pensarum
1113 2995 1275 3062 nimietate,
1287 2995 1345 3051 tere
1356 2995 1433 3051 enim
1446 2993 1680 3050 malevolentiam
1692 2992 1772 3050 illius

59 3102 149 3158 quam
160 3082 349 3140 laudabiliter
359 3099 390 3139 se
403 3083 541 3156 utrinque
554 3083 667 3149 babuit,
680 3099 738 3137 non
749 3086 793 3136 est
804 3079 888 3137 lacile
945 3084 1069 3156 piissimi
1083 3083 1220 3139 Ludovici
1232 3085 1308 3155 regis
1319 3082 1506 3155 incurrit‚qui
1518 3083 1543 3139 ei
1554 3082 1772 3155 improperabat

60 3174 151 3229 dictu.
168 3173 212 3228 Ad
232 3172 433 3245 episcopatum
449 3171 549 3227 divina
575 3170 705 3226 bonitate
719 3169 889 3238 accersitus,
906 3156 928 3223 C
944 3174 1021 3245 quod
1037 3173 1324 3229 Autissiodorensem
1338 3173 1483 3228 civitatem
1500 3172 1556 3244 ipsi
1569 3170 1773 3227 etheredibus

59 3264 172 3318 tamam
183 3259 354 3317 secularem
365 3265 392 3316 (1
404 3260 501 3316 laudis
512 3259 648 3315 balaena
659 3259 891 3330 lenociniapror-
948 3263 1010 3318 suis
1034 3263 1148 3318 auterre
1172 3262 1341 3329 conabatur,
1359 3267 1498 3338 reputans
1525 3260 1656 3317 civitates
1671 3275 1773 3314 omnes

60 3355 310 3424 suspostponcns,
318 3352 462 3404 consuete
474 3353 572 3404 tamen
585 3363 772 3419 nequequam
783 3346 893 3402 oblitus
948 3367 1018 3406 suas
1028 3368 1101 3415 esse,
1114 3351 1143 3404 in
1155 3350 1263 3422 quibus
1274 3350 1447 3405 communie
1458 3348 1696 3416 essent;tandem
1707 3361 1774 3400 vere

60 3444 102 3495 est
131 3437 356 3511 hospitalitatis,
380 3439 440 3493 ime
468 3453 534 3492 eam
562 3453 716 3509 quousque
744 3437 824 3503 vixit,
847 3434 894 3506 pie
948 3433 1775 3509 curnindediualtercatumsuissetprivilegiisctchartis

60 3536 86 3584 (1
98 3526 264 3584 liberaliter
288 3527 426 3583 exercuit.
442 3526 588 3582 Omnibus
613 3541 644 3581 se
668 3524 825 3591 affabilem,
842 3540 894 3595 op·
948 3527 1216 3583 Autissiodorensis
1238 3525 1371 3582 Ecclesia
1399 3526 1555 3598 diligenter
1582 3523 1732 3595 inspectis,
1749 3525 1777 3578 et

62 3617 173 3690 pressis
187 3615 419 3681 misericordem,
436 3621 465 3670 et
478 3615 579 3688 egenis
596 3615 757 3686 benignum
782 3614 892 3668 incom-
948 3616 1083 3688 cognitis,
1100 3620 1127 3672 et
1143 3633 1200 3670 non
1218 3613 1339 3669 minima
1356 3614 1485 3684 pecunie
1502 3629 1620 3667 summa
1634 3616 1693 3666 tam
1710 3626 1776 3682 rege

61 3704 185 3780 parabili
193 3701 893 3776 exhibebatsimplicitate;vigiliiseterationibus
949 3721 1037 3776 qnam
1054 3704 1116 3759 suis
1132 3703 1285 3775 mitigatis,
1301 3719 1420 3756 causam
1437 3699 1575 3767 obtinuit,
1587 3705 1616 3754 et
1631 3698 1710 3771 regia
1721 3697 1778 3770 pri-

60 3795 215 3860 insistens,
226 3794 273 3848 vix
285 3792 444 3865 aliquande
458 3791 715 3848 obdormiebatvcl
727 3790 894 3873 evigilabat,
947 3793 1052 3865 vilegia
1075 3791 1265 3855 continentia,
1291 3791 1369 3862 quod
1400 3790 1511 3861 absque
1535 3805 1658 3844 assensu
1686 3792 1714 3843 et
1742 3786 1779 3841 li-

61 3884 129 3957 qain
145 3881 315 3956 psalmodia
329 3881 360 3936 in
374 3882 438 3952 ejus
453 3898 503 3936 ore
519 3884 679 3937 resonaret.
691 3879 813 3935 Missam
824 3894 895 3950 quo·
948 3881 1043 3938 centia
1058 3878 1322 3936 Autissiodorensis
1347 3877 1476 3950 episcopi
1503 3876 1583 3932 nullo
1606 3877 1693 3932 mado
1709 3874 1777 3930 lice-

60 3973 132 4030 tidie
146 3968 329 4038 celebrabat,
345 3969 401 4026 nisi
425 3971 500 4026 l'orte
523 3968 623 4042 aliqua
645 3968 766 4041 grandis
792 3983 892 4040 super·
947 3974 992 4027 ret
1006 3968 1104 4024 comiti
1120 3974 1148 4025 et
1163 3967 1229 4023 aliis
1248 3965 1440 4022 antissiodori
1465 3965 1665 4021 communiam
1688 3962 1774 4021 insti·

61 4063 179 4119 veniret
191 4058 364 4116 necessitas.
382 4058 525 4130 Equitans
541 4075 606 4114 raro
622 4075 689 4114 cum
712 4055 825 4113 familia
838 4072 894 4112 sua
947 4063 1038 4114 tuere'.

57 4148 252 4223 loquebator,
262 4147 320 4203 nisi
332 4146 451 4203 tartede
463 4147 589 4220 negotiis
600 4147 673 4213 suis,
685 4146 736 4202 sed
751 4150 802 4202 aut
813 4144 893 4201 solus
983 4141 1776 4217 Tantasautemperseeutionesetgravissimasinsulta·

57 4239 152 4295 tacite
163 4235 318 4310 psallebat,
331 4240 382 4293 aut
395 4253 453 4293 une
464 4235 599 4292 desectis
612 4237 749 4291 advocato
763 4233 893 4307 psalmos
946 4238 1042 4293 tiones
1057 4235 1186 4308 predicti
1203 4234 1319 4290 comitis
1335 4238 1363 4289 (1
1377 4251 1510 4300 suorum,
1528 4232 1645 4306 quando
1661 4236 1688 4287 et
1702 4247 1775 4303 quo·

52 4335 89 4387 et
102 4325 227 4383 litanias
240 4324 283 4381 vel
299 4329 393 4382 tetum
408 4325 581 4398 psalterium
603 4329 653 4380 aut
677 4328 788 4397 partem
814 4321 893 4378 illius
948 4326 1034 4381 modo
1054 4323 1145 4380 voluit
1160 4323 1260 4378 divina
1274 4322 1437 4395 pacificavit
1451 4317 1614 4387 elementia,
1629 4317 1776 4390 siquidem

50 4422 149 4492 juxta
163 4415 216 4470 viae
232 4415 425 4488 quantitatem
440 4415 625 4472 decantabat·
635 4412 799 4469 Gratiamet
810 4428 893 4467 amo·
948 4431 1016 4471 eum
1036 4429 1133 4468 cemes
1150 4413 1208 4467 lere
1224 4412 1363 4467 continua
1377 4409 1507 4481 corperis
1524 4410 1695 4479 gravaretur
1709 4422 1775 4461 mo-

51 4523 124 4565 rem
142 4503 323 4578 principum,
340 4504 527 4577 prelatorum
542 4502 676 4559 Ecclesia
691 4507 720 4557 ct
735 4500 834 4574 populi
850 4504 892 4556 to-
909 4501 1043 4589 olestia,
1055 4500 1178 4574 graviori
1200 4505 1299 4555 tamen
1315 4498 1402 4570 coepit
1416 4496 1493 4568 apud
1511 4493 1717 4550 clamiciacum
1732 4492 1778 4548 in-

52 4597 135 4662 tius,
152 4593 182 4649 ei
205 4592 304 4649 divim
332 4592 456 4650 contulit
483 4592 650 4665 benigniias
667 4609 674 4646 :
691 4597 821 4662 tempore
841 4607 894 4646 sue
949 4591 1101 4647 commodo
1117 4588 1250 4655 detineri,
1267 4591 1295 4642 et
1316 4585 1400 4658 quasi
1426 4586 1454 4640 in
1477 4582 1590 4639 ultimis
1605 4581 1722 4650 vexari;
1741 4580 1780 4636 ad

50 4670 240 4743 erebratuit
254 4682 395 4738 comitum
411 4680 635 4738 Nivernensium
659 4679 799 4746 mutatio;
816 4678 893 4734 unde
948 4697 1036 4753 quem
1052 4676 1240 4742 visitandum,
1258 4693 1316 4731 non
1333 4679 1448 4730 tantum
1464 4689 1609 4745 proceres,
1621 4671 1671 4727 sed
1688 4669 1778 4727 etiam

51 4770 176 4845 majori
189 4769 321 4828 Ecclesiae
338 4788 398 4827 sue
412 4774 441 4827 et
455 4770 524 4827 aliis
539 4768 729 4843 quamplures
748 4783 892 4824 eraerscre
947 4767 1034 4823 vicini
1051 4768 1247 4821 convenerant
1262 4762 1408 4835 episcopi;
1426 4765 1487 4817 erat
1504 4766 1601 4817 autem
1619 4765 1689 4815 tunc
1705 4764 1779 4814 tcm-

51 4857 275 4919 tributatienes
288 4863 318 4915 et
327 4858 479 4932 angustie,
491 4875 565 4930 quas
575 4857 634 4913 Dee
641 4858 762 4926 juvante
773 4856 816 4909 vir
826 4855 892 4928 pius
949 4855 1028 4929 poris
1044 4852 1325 4911 excenrmunicatus.
1339 4852 1412 4907 Cum
1428 4856 1525 4907 autem
1538 4852 1573 4906 de
1584 4850 1643 4905 vita
1654 4849 1718 4919 ejus
1729 4847 1780 4901 du·

51 4945 236 5006 etbumilis
260 4946 301 5002 ita
325 4946 427 5003 sedare
451 4945 575 5013 studuit,
592 4945 668 5017 qued
692 4960 823 5011 necsua,
840 4958 892 4997 nec
948 4946 1087 5010 hilarent,
1113 4945 1264 5014 ceperunt
1290 4958 1394 4997 omnes
1423 4939 1551 5012 episcopi
1582 4938 1631 5009 qui
1660 4935 1781 4991 aderaut

53 5035 127 5095 alia
154 5033 212 5091 sibi
235 5035 360 5090 subdite
379 5031 894 5105 11111111(11111131111111311111(
948 5032 1114 5107 supplicare
1142 5047 1232 5103 super
1261 5026 1628 5097 absolutione3l3duensis
1656 5038 1723 5078 vero
1752 5023 1781 5077 et

942 1320 1030 1372 eunte
1045 1316 1188 1373 decimam
1213 1324 1325 1391 partem
1352 1319 1516 1387 vindemia,
1533 1324 1583 1374 aut
1598 1318 1664 1390 plus
1679 1319 1769 1374 etiam

942 1404 1065 1475 pervim
1082 1405 1273 1477 accipiebant.
1290 1408 1352 1472 Quo
1375 1406 1475 1461 audito
1499 1406 1604 1478 presul
1632 1405 1769 1461 comitem

54 5123 187 5198 aliquod
201 5122 371 5180 detrimenti
392 5122 511 5179 omnino
524 5121 691 5179 senserint:
710 5137 763 5176 nec
778 5126 893 5176 tantum
948 5121 1135 5179 lt'ivornensis
1157 5119 1293 5193 precihus
1310 5136 1413 5173 rerum
1429 5116 1509 5172 nullo
1526 5115 1611 5170 mede
1627 5111 1782 5166 voluerunt
1872 5182 1887 5195 .

57 5210 276 5281 aestatuum
292 5213 352 5268 ime
367 5215 397 5267 et
411 5211 511 5285 populi
528 5214 615 5283 alque
639 5209 773 5277 civitatis,
791 5209 820 5264 in
836 5225 894 5281 qua
948 5211 992 5268 vel
1003 5211 1068 5267 ansi
1079 5213 1150 5265 suut
1161 5207 1355 5280 acquiescere,
1368 5204 1476 5278 praesul
1488 5219 1554 5258 vero
1570 5198 1736 5258 willelmus
1747 5213 1782 5253 ea

58 5301 198 5370 sedebat,
211 5317 244 5358 ss
258 5304 418 5373 patronum
441 5304 470 5357 et
492 5305 619 5356 tutorem
651 5297 844 5372 spiritualiter
867 5302 895 5354 ct
950 5318 1008 5373 qua
1019 5302 1081 5356 erat
1090 5298 1197 5372 pietate
1208 5302 1236 5351 et
1247 5294 1424 5351 confidentia
1436 5296 1544 5357 motus,
1557 5289 1597 5344 ait
1607 5286 1779 5343 baronibus:

60 5388 269 5464 temperaliter
282 5388 425 5446 exhibuit.
442 5388 593 5461 Siquidem
609 5405 677 5444 cum
696 5387 790 5442 Guide
804 5387 895 5443 cemi-
949 5389 1033 5445 absit
1056 5388 1110 5444 hoc
1136 5385 1262 5441 dedecus
1278 5387 1307 5439 et
1322 5380 1512 5454 opprobrium
1536 5377 1784 5450 sempiternuma

62 5484 158 5538 tatum
169 5479 297 5554 adeptus
310 5482 390 5537 esset
400 5478 522 5536 consilio
537 5478 676 5535 seductus
689 5493 823 5550 perverso
838 5493 895 5535 non
955 5477 1050 5545 nobis,
1067 5477 1116 5551 qui
1132 5474 1181 5531 hic
1196 5475 1355 5546 presentes
1370 5486 1486 5535 sumus,
1496 5467 1574 5540 quod
1591 5470 1692 5522 tantus
1703 5463 1784 5525 viret

63 5573 179 5631 tantum
195 5567 408 5643 aeclesiarum,
421 5567 472 5626 sed
484 5571 513 5625 et
523 5566 612 5629 totius
623 5565 749 5635 civitatis
764 5566 896 5647 antiquis
953 5584 1053 5627 cemes
1066 5569 1166 5623 noster
1177 5563 1369 5619 intermunus
1382 5561 1498 5617 nostras
1514 5554 1783 5619 excommunicatus
