3878 6098
57 332 116 398 esr
554 307 558 312 ’
678 330 862 397 conruuu
887 329 1153 399 rmuirsuus.
1707 310 1767 402 ais

56 470 112 527 dea
123 465 238 525 veniam
250 465 410 524 confitenti.
420 467 509 524 Parce
520 467 657 542 supplici,
669 473 702 525 ut
712 468 762 541 qui
778 468 885 525 nostris
899 467 927 534 Α
943 469 1273 529 M.Fruncastieiullum
1280 471 1446 530 membrum
1456 472 1575 546 propter
1585 459 1782 533 iramennos

56 556 173 615 meritis
188 572 372 625 accusamur,
384 560 435 613 tun
449 557 637 614 miseratione
650 557 805 616 salvemur.
823 558 885 615 Per.
941 567 1010 620 tres.
1023 563 1076 617 lut.
1088 559 1181 618 Odisti
1192 561 1313 618 tratrem
1324 565 1418 619 tuum.
1430 561 1572 635 quamdiu
1583 560 1613 617 iu
1624 560 1689 636 ipsa
1699 563 1767 620 odio

55 647 161 705 Deinde
174 647 244 703 dicre
257 647 397 719 psalmum
411 647 536 704 Benedic
560 648 660 703 anime
684 665 750 704 mee
763 646 886 722 Domino
940 651 1033 718 fuisti,
1049 649 1162 706 tamdiu
1187 649 1329 723 poenitees
1353 651 1384 707 in
1408 668 1483 724 pane
1507 655 1536 708 et
1555 667 1640 724 equa.
1657 653 1710 708 tet.
1726 651 1767 708 Ite

55 753 145 810 usque
160 734 356 791 renovabitur.
372 736 405 790 dt
416 736 469 792 die.
486 745 555 792 orat.
571 737 651 792 truce.
664 736 798 793 Oramus
810 738 887 794 Deus
941 739 1103 797 ministerio
1128 740 1256 796 ecclesie
1281 741 1449 797 abstraxisti
1472 740 1594 814 aliquid.
1616 739 1768 798 detraxisti

56 827 115 883 sub
131 826 216 897 cujus
231 824 325 881 oculis
339 841 425 880 omne
442 842 491 881 cor
504 825 810 899 trepidat,omnesque
821 843 887 882 con·
942 830 1249 886 uliumhominemaut
1259 830 1404 887 seniorem
1415 828 1768 904 veladpareutespropter

56 913 188 971 seientia
202 913 443 981 contremiscunt,
454 915 612 986 propitiare
626 915 759 971 omnium
774 914 887 988 gemiti·
940 919 1091 976 invidiam.
1108 935 1218 974 annum
1234 935 1326 974 unum
1342 918 1386 974 vel
1402 918 1599 993 quadraginta
1611 919 1684 976 dies.
1708 923 1766 978 iet.

56 1004 335 1062 busetcunctorum
351 1003 467 1059 medere
481 1003 662 1072 vulneribus,
675 1008 703 1060 et
713 1005 789 1061 sicut
800 1021 886 1060 nemu
939 1008 1071 1067 Nubsisti
1088 1024 1155 1065 cum
1172 1010 1325 1064 uxoratus
1340 1011 1390 1064 aut
1405 999 1472 1064 cum
1487 1006 1546 1063 alia
1560 1007 1680 1065 ioemiue
1693 1024 1772 1080 quas

57 1098 195 1150 nostrum
215 1095 261 1148 est
274 1090 348 1147 liber
362 1108 379 1147 a
393 1090 489 1164 culpe,
506 1091 547 1148 ita
571 1110 656 1150 nemo
680 1094 718 1150 sit
740 1093 854 1151 alienus
870 1110 887 1150 a
940 1098 1077 1172 draginta
1090 1098 1231 1155 diesante
1242 1100 1358 1170 partum
1369 1101 1419 1153 aut
1429 1101 1496 1169 post
1509 1096 1768 1169 partum‚quadre·

55 1181 153 1239 venta.
170 1181 232 1236 Per.
248 1180 364 1237 Etaieis
376 1181 784 1255 pectorumqeiuquopeaimum
800 1182 886 1238 blise-
940 1188 1023 1263 ginta
1050 1188 1112 1243 dies
1142 1182 1360 1258 pisniteasdut.
1377 1184 1509 1242 Nubsisti
1537 1185 1584 1241 die
1606 1182 1764 1254 dominice,

55 1287 123 1328 rere
138 1270 196 1326 mei
211 1270 298 1326 Deus.
315 1285 399 1343 aeque
413 1286 515 1326 omnes
528 1270 698 1343 iniquitates
714 1289 794 1328 meas
809 1271 884 1329 dele.
940 1294 1033 1334 uuum
1048 1275 1124 1333 diem
1140 1274 1184 1331 vel
1199 1279 1269 1330 tres.
1285 1276 1337 1330 lut.
1354 1273 1476 1330 Violesti
1499 1273 1633 1347 sepulcra
1647 1277 1765 1348 propter

55 1364 97 1418 Et
111 1359 181 1416 duab
196 1360 267 1415 tanc
281 1366 350 1416 erut.
363 1358 497 1415 Oramus.
509 1360 615 1417 Precor
629 1361 751 1417 Domine
762 1361 887 1418 clemen·
938 1367 1062 1433 lurtum,
1079 1382 1172 1421 annos
1187 1357 1257 1432 tres,
1275 1367 1325 1419 aut
1337 1364 1421 1420 duos.
1439 1364 1489 1419 int.
1497 1362 1624 1436 Contigit
1635 1363 1688 1420 tibi
1704 1363 1766 1420 ulla

55 1451 148 1507 tieret
162 1447 367 1505 misericordia
382 1453 438 1504 tua
455 1449 651 1520 majestatem,
664 1455 697 1506 ut
712 1451 822 1507 lamule
835 1454 885 1507 tuo
940 1455 1119 1528 negligentia
1130 1456 1166 1509 de
1180 1452 1332 1510 sacrificio.
1350 1452 1473 1508 Centum
1497 1451 1559 1508 dies
1578 1451 1623 1508 vel
1638 1452 1764 1525 quadre-

56 1539 101 1595 iil.
117 1540 237 1612 peccata
251 1541 281 1593 et
302 1536 431 1593 facinora
455 1555 510 1593 sua
535 1538 694 1607 confitenti,
709 1539 824 1596 veniam
840 1557 886 1596 re·
939 1546 1031 1619 ginta.
1048 1543 1081 1600 Μ.
1098 1541 1201 1600 Fecisti
1217 1558 1333 1598 usuras.
1356 1540 1487 1614 quinque
1512 1544 1606 1597 dunos
1630 1540 1673 1597 vel
1693 1545 1762 1598 tres.

55 1627 157 1685 lawe
178 1623 308 1701 digneris
323 1629 352 1682 et
366 1627 578 1699 praeteritorum
602 1628 760 1685 criminum
783 1628 885 1704 culpes
939 1637 973 1692 Μ.
983 1633 1088 1691 Tulisti
1105 1649 1151 1689 res
1167 1630 1277 1688 alienas
1293 1629 1371 1687 malo
1386 1630 1488 1687 ordine
1498 1646 1550 1702 per
1561 1628 1673 1686 melum
1683 1629 1764 1703 inge-

55 1715 883 1790 indulgeas,quihumeristuisovemperditamreduxisti,
939 1724 1032 1780 nium.
1056 1727 1115 1779 tres
1141 1738 1244 1779 anuos.
1272 1725 1309 1778 u.
1333 1719 1435 1775 Fecisti
1461 1718 1658 1792 sacrilegium,
1675 1718 1704 1774 id
1721 1722 1767 1776 est

56 1805 109 1880 qui
119 1803 268 1879 publicani
283 1821 382 1877 preces
396 1805 579 1862 confessione
589 1805 721 1880 placatus
730 1807 884 1875 exaudisti,
900 1842 924 1907 B
939 1811 1017 1883 quod
1032 1808 1181 1881 aruspices
1196 1811 1309 1876 vocant,
1325 1810 1354 1862 et
1368 1822 1496 1879 auguros
1512 1805 1623 1862 iaciunt
1637 1809 1666 1861 et
1680 1805 1766 1862 sorti-

56 1893 189 1953 tuetiam
200 1893 268 1949 huic
284 1893 393 1950 lamule
407 1897 457 1951 tuo
473 1893 587 1967 placare
601 1896 737 1965 Domine;
747 1902 779 1952 tu
794 1897 884 1969 hujus
939 1898 1031 1973 logos,
1047 1896 1092 1952 vel
1106 1901 1174 1952 vote
1189 1912 1254 1968 quse
1267 1895 1302 1950 ad
1317 1894 1437 1951 arbores
1448 1893 1492 1950 vel
1508 1894 1544 1950 ad
1560 1895 1655 1971 sonus
1670 1910 1721 1951 seu
1737 1898 1766 1951 et

56 1984 198 2059 precibus
212 1982 357 2056 benignus
372 1983 479 2056 aspira,
498 1989 531 2041 ut
549 1986 578 2040 iu
594 1985 775 2043 confessione
789 1986 883 2059 placa·
939 1985 1092 2054 cancellos,
1110 1989 1161 2041 aut
1175 2001 1227 2057 per
1241 1982 1334 2039 ullum
1350 1982 1501 2056 ingenium
1517 1981 1629 2048 vovisti,
1641 1987 1764 2040 autsor·

55 2073 128 2131 bilis
138 2076 308 2146 permaneat
319 2072 404 2129 ssatus
416 2074 491 2145 ejus,
503 2078 531 2129 et
544 2075 821 2149 petitioperpstuem
831 2075 885 2133 cle
939 2078 1011 2133 titus
1026 2075 1119 2141 luisti,
1135 2078 1185 2131 aut
1200 2090 1335 2129 avorsum
1351 2071 1456 2129 iecisti.
1474 2071 1606 2144 quinque
1619 2070 1763 2128 annosvel

56 2161 201 2219 mantiam
226 2160 356 2216 celeriter
378 2165 485 2227 exoret,
502 2164 671 2236 sanctisque
694 2164 836 2222 altaribus
855 2170 885 2221 et
939 2171 1075 2239 quatuor.
1093 2164 1126 2221 Μ.
1144 2163 1247 2220 Fecisti
1277 2165 1394 2234 raptum
1423 2161 1459 2218 de
1479 2159 1761 2234 virgiuevelvidue.

55 2249 195 2307 sacrariis
216 2248 369 2305 restitutus
385 2250 448 2322 spei
463 2268 567 2308 rursus
582 2256 695 2308 aeterne
711 2271 744 2310 ac
759 2252 884 2311 coelestis
938 2258 999 2312 tres
1013 2270 1106 2310 annos
1121 2252 1273 2326 peniteas.
1289 2251 1323 2307 Μ.
1340 2250 1444 2307 Tulisti
1460 2249 1571 2323 aliquid
1588 2247 1717 2322 pecunia
1732 2248 1763 2306 in

54 2339 157 2415 gloria
173 2338 364 2411 mancipetur.
381 2339 443 2395 Per.
459 2341 599 2412 interropta
622 2359 684 2399 cum
706 2346 732 2399 st
750 2344 807 2399 iam
820 2360 883 2400 cou-
939 2344 1062 2401 ecclesie
1076 2348 1178 2399 eontra
1198 2341 1352 2398 directum.
1368 2343 1429 2397 tres
1449 2354 1553 2404 annos,
1569 2342 1621 2395 eut
1634 2339 1763 2412 quadru-

52 2431 144 2501 [eaaue
159 2428 266 2500 seiam,
282 2434 307 2483 et
318 2435 427 2500 propter
440 2430 490 2486 lice
504 2431 653 2503 interrogea
667 2434 693 2488 ei
708 2433 764 2505 ipse
777 2432 885 2504 aliquid
939 2432 1021 2507 plum
1037 2433 1184 2488 restituas.
1202 2430 1235 2485 Μ.
1253 2428 1409 2487 Prodidisti
1430 2428 1560 2501 aliquam
1576 2444 1638 2484 rem
1652 2443 1705 2500 per
1716 2426 1764 2482 in·

54 2519 88 2576 de
102 2518 180 2573 moto
197 2518 306 2586 inperito
330 2517 409 2573 tolet
433 2527 482 2575 eut
505 2519 537 2575 de
559 2522 649 2592 terte,
666 2530 713 2577 eut
735 2521 767 2578 de
790 2523 886 2594 utiquc
935 2525 1048 2595 Justam
1060 2521 1228 2586 dilaturam,
1240 2523 1298 2575 tres
1309 2535 1401 2574 annos
1412 2514 1765 2591 poeniteas.ld.Deduxisti

53 2624 142 2664 eausa
156 2606 336 2676 iniustificata
351 2614 446 2663 eontra
465 2608 607 2665 directum.
629 2609 661 2665 Si
673 2613 810 2683 confessus
823 2614 883 2684 [ue-
939 2616 991 2668 eut
1005 2609 1193 2666 transmisisti
1212 2624 1264 2681 per
1279 2606 1371 2663 ullum
1385 2605 1535 2681 ingenium
1548 2622 1663 2663 servum
1679 2609 1765 2662 tuum

55 2695 181 2774 ritqued
195 2694 284 2762 tutet,
300 2697 585 2770 instrueittumqued
605 2699 886 2756 uenmtlicentiede
939 2697 1100 2756 eutalium
1129 2695 1278 2752 hominem
1304 2697 1334 2751 in
1363 2695 1530 2768 captivitate
1559 2693 1764 2751 christianum.

55 2784 123 2841 eliis
136 2786 255 2856 peccatu
265 2784 404 2855 judiciem
418 2787 546 2858 recipere,
558 2797 703 2860 antequem
718 2792 809 2862 ipsum
821 2807 885 2845 me·
939 2788 1069 2862 quinque
1085 2803 1179 2843 annes
1198 2785 1340 2858 poeniteas
1359 2789 1410 2840 aut
1431 2787 1500 2841 tres.
1516 2785 1544 2845 Μ
1560 2781 1700 2840 Cremasti
1716 2782 1766 2839 do-

55 2875 117 2930 tarn
132 2871 292 2937 reddederit,
308 2881 356 2928 out
378 2875 497 2930 eiecerit.
514 2880 611 2932 Postea
633 2879 659 2933 si
679 2880 782 2950 fecerit,
801 2881 884 2934 inter·
940 2894 1022 2934 mum
1049 2880 1101 2933 aut
1128 2891 1205 2931 aree.
1231 2878 1292 2930 tres
1316 2890 1419 2929 annos.
1445 2873 1479 2928 li.
1503 2872 1605 2930 Fecisti
1622 2872 1766 2929 vomitum

57 2978 135 3034 repes
150 2977 223 3028 eum,
239 2963 264 3016 si
287 2961 471 3029 iracundiam,
487 2974 583 3022 contro
606 2967 822 3040 qualemcunque
836 2967 884 3023 tro-
939 2970 1056 3040 propter
1071 2964 1252 3022 ebrietatem.
1269 2961 1438 3034 quindecim
1461 2961 1524 3018 dies
1538 2961 1563 3018 si
1579 2978 1631 3034 per
1643 2963 1765 3018 conteu-

56 3053 162 3107 minem
186 3049 293 3107 tabeat.
309 3052 341 3106 Si
360 3055 499 3123 consessus
522 3062 561 3110 cst
582 3054 697 3111 odium
717 3072 789 3122 mm,
816 3055 885 3129 queit
939 3057 1050 3112 tionem
1065 3050 1261 3126 quadraginta
1275 3051 1348 3108 dies.
1366 3050 1395 3107 Si
1411 3050 1545 3107 nesciens
1563 3054 1675 3124 septem
1692 3050 1765 3107 dies.

56 3142 193 3212 emptum
207 3147 256 3207 cst,
272 3139 343 3211 quod
357 3157 412 3197 nce
425 3143 534 3213 pretim
548 3145 716 3200 abstinentia
732 3146 800 3217 ejue
816 3144 886 3200 Etsi
939 3144 973 3201 Μ.
990 3142 1098 3216 (legisti
1115 3140 1208 3198 ullum
1224 3140 1373 3196 hominem
1388 3140 1498 3208 bibere,
1513 3142 1547 3196 ut
1560 3138 1765 3216 inebriaretur,

56 3230 123 3286 tatis
142 3235 182 3285 eet
197 3229 346 3298 interroges
360 3246 432 3295 eum,
447 3232 474 3286 ei
486 3233 621 3302 [epiricus
635 3235 681 3300 sit,
697 3235 764 3305 quic
778 3249 833 3288 non
848 3232 884 3288 li·
900 3213 922 3282 (ἶ
939 3239 991 3291 eut
1006 3250 1057 3305 per
1072 3231 1172 3288 odium
1188 3230 1242 3286 hoc
1259 3229 1363 3295 iecisti,
1378 3232 1496 3285 centum
1512 3227 1584 3285 dies.
1610 3227 1643 3286 Μ.
1662 3226 1765 3284 Bibisti

56 3327 96 3376 eet
108 3318 302 3391 paenitentiam
321 3334 402 3388 apere
425 3327 569 3392 occuparem
583 3337 612 3376 ec
626 3323 789 3378 reconciliet.
807 3327 886 3379 Ter-ric
939 3321 1112 3396 sanguinem
1129 3322 1180 3376 aut
1196 3318 1380 3374 manducasti
1404 3317 1439 3373 de
1452 3315 1513 3372 ullo
1527 3315 1637 3388 pecude
1651 3314 1694 3370 vel
1709 3314 1764 3371 ho-

56 3412 180 3482 faceum
193 3407 316 3478 confieri
339 3409 432 3464 omnic
453 3417 562 3480 peccato
584 3427 636 3465 sao
654 3411 884 3468 itedicendoie-
940 3412 1018 3467 mine
1047 3414 1108 3465 tres
1136 3424 1228 3463 anuos
1253 3404 1559 3479 poeniteas.1tliorum
1590 3402 1762 3459 thesaurum

58 3497 125 3554 cisti
142 3493 324 3564 omicidium,
341 3498 392 3551 eut
405 3513 486 3565 casu,
503 3502 555 3554 aut
570 3497 672 3555 nolens
691 3504 742 3556 eut
755 3517 807 3573 pro
822 3499 886 3555 vin·
939 3499 1053 3572 sumpsi
1077 3513 1129 3569 pre
1156 3512 1214 3568 quo
1238 3495 1352 3551 debitas
1375 3493 1522 3549 orationes
1551 3509 1608 3548 nou
1634 3489 1763 3564 implevi.

58 3585 138 3642 dicta
154 3588 321 3657 parentum,
337 3587 386 3640 aut
401 3585 627 3656 periussionem
643 3589 754 3645 domini
767 3589 821 3654 tui,
836 3592 887 3644 eut
939 3590 973 3646 Μ.
990 3582 1174 3643 Mandurasti
1196 3583 1359 3648 morticina,
1375 3584 1427 3637 aut
1447 3581 1635 3637 dilaceratae
1649 3578 1762 3636 bestiis.

58 3675 89 3730 in
99 3671 221 3748 publico
232 3670 319 3739 bello,
330 3672 374 3728 vel
386 3672 478 3730 iacere
490 3674 609 3732 voluisti
624 3681 651 3732 ct
667 3694 722 3732 non
741 3677 886 3749 potuisti?
940 3675 1135 3750 quadraginta
1151 3672 1223 3728 dies.
1236 3673 1268 3727 Μ.
1282 3670 1384 3727 Bibisti
1400 3671 1436 3726 de
1450 3669 1563 3742 liquore
1578 3669 1608 3723 in
1624 3685 1681 3742 quo
1696 3666 1763 3723 mus

59 3762 194 3836 quinque
214 3765 264 3817 eut
279 3765 338 3817 tres
352 3760 396 3818 vel
411 3764 607 3836 quadraginta
622 3765 694 3821 dies.
710 3765 848 3821 Similiter
861 3765 886 3822 si
940 3765 984 3822 vel
1000 3762 1128 3820 mustela
1142 3766 1263 3816 mortue
1275 3761 1398 3815 inventa
1409 3760 1537 3814 luerunt.
1548 3757 1766 3829 F-Coutempsi·
1794 3828 1797 3834 Ι

59 3866 181 3909 servum
196 3850 335 3906 occiderit
348 3850 422 3907 duos
435 3868 537 3908 annos.
554 3852 588 3907 Μ.
605 3852 708 3910 Fecisti
723 3854 886 3926 periurium
942 3854 980 3913 sti
992 3853 1135 3909 indictum
1146 3850 1288 3905 ieiunium
1299 3849 1328 3904 in
1339 3847 1529 3918 ecclesia;vel
1539 3850 1641 3904 contra
1651 3846 1767 3907 decreta

60 3956 113 4015 per
128 3937 320 4012 cupiditatem
336 3937 445 4005 saculi,
462 3944 513 3995 aut
525 3944 645 3997 coaetus
656 3941 700 3998 vel
717 3960 769 4016 pro
786 3959 886 3999 ueces-
942 3943 1102 4001 seniorum.
1117 3938 1312 4013 quadraginta
1327 3937 1400 3993 dies.
1410 3940 1450 3993 Μ.
1467 3936 1539 3992 Etsi
1554 3939 1682 4009 quatuor
1695 3939 1768 3991 tem

60 4030 151 4086 silete
159 4025 203 4082 vel
218 4025 499 4100 provitapareutum
509 4033 561 4085 aut
571 4031 703 4087 nesciens
714 4035 765 4087 aut
775 4032 800 4088 si
815 4030 888 4088 alios
942 4023 1769 4105 poraannivelquadragesimaaunumunum.lt.0ppres·

59 4117 91 4174 in
107 4114 270 4190 periurium
286 4115 427 4173 induxisti
444 4117 578 4174 scienter.
594 4119 711 4192 Septem
737 4138 830 4177 annos
844 4119 888 4177 vel
943 4119 1007 4180 sisti
1019 4118 1161 4175 infantem
1172 4122 1257 4173 tuum
1266 4116 1310 4172 vel
1321 4115 1412 4171 alium
1425 4120 1457 4171 ut
1467 4117 1639 4171 moreretur.
1656 4116 1767 4187 septem

60 4210 123 4263 tres
138 4208 168 4260 et
179 4204 373 4277 quadraginta
385 4206 457 4262 dies.
474 4208 507 4263 Μ.
531 4207 633 4263 Fecisti
649 4210 770 4274 turtum,
788 4210 814 4265 id
833 4212 887 4278 est,
944 4226 1046 4276 annos,
1059 4211 1109 4263 aut
1120 4207 1250 4280 quinque
1260 4205 1382 4262 veltres.
1393 4205 1447 4261 lut.
1460 4203 1562 4260 Bibisti
1575 4201 1667 4259 ullum
1678 4200 1768 4258 male·

60 4295 260 4360 effracturam,
274 4293 477 4367 quadrupedia
490 4295 533 4352 vel
549 4297 696 4355 Fortiorem
708 4316 826 4354 causam
838 4317 889 4355 va·
943 4300 1055 4365 licium,
1072 4297 1101 4353 id
1125 4300 1171 4352 est
1193 4296 1289 4363 erbas,
1306 4293 1349 4351 vel
1374 4293 1447 4350 alies
1470 4310 1585 4360 causas,
1599 4295 1630 4347 ut
1644 4307 1701 4346 non
1717 4306 1768 4362 po-

42 4382 184 4440 ·lentem.
200 4380 315 4439 Solidos
330 4383 525 4456 quadraginta
538 4386 582 4442 vel
598 4392 726 4454 centum,
740 4404 834 4444 annos
849 4404 891 4444 sc·
944 4389 1052 4446 luisses
1068 4386 1194 4442 intentes
1209 4385 1335 4452 habere;
1352 4387 1403 4439 aut
1423 4382 1480 4437 alio
1503 4378 1629 4447 donasti,
1646 4382 1699 4434 eut
1713 4377 1768 4433 ho-

63 4478 145 4547 ptem
160 4469 202 4526 vel
219 4469 359 4543 quinque.
370 4471 403 4527 Μ.
416 4473 450 4528 llt
460 4473 496 4530 de
507 4474 671 4531 mineribus
683 4475 768 4532 tortis
779 4492 889 4531 annum
946 4478 1054 4534 minem
1071 4492 1122 4548 per
1137 4473 1284 4546 potionem
1301 4470 1431 4528 occidere
1444 4467 1571 4535 voluisti,
1584 4468 1635 4522 aut
1649 4466 1686 4522 de
1700 4482 1769 4522 san·

62 4575 159 4617 uuum
174 4557 217 4614 vel
233 4564 292 4614 tres
317 4560 569 4635 quadragesimas,
586 4580 637 4619 scu
652 4568 681 4619 et
695 4565 891 4638 quadraginta
906 4583 929 4649 p
945 4565 1043 4640 guine,
1059 4561 1103 4619 vel
1119 4563 1154 4619 de
1170 4561 1282 4618 semiue
1298 4558 1393 4616 mariti
1413 4556 1466 4624 tui,
1484 4560 1518 4612 ut
1533 4556 1674 4628 majmem
1691 4555 1727 4611 de
1742 4558 1769 4612 te

62 4649 140 4705 dies.
155 4646 190 4702 Μ.
208 4647 309 4703 Fecisti
325 4647 503 4706 adulterium
521 4640 596 4707 ‘cum
621 4669 710 4710 uxore
731 4653 825 4711 aliena
839 4658 890 4711 aut
944 4656 1065 4712 haberet
1080 4669 1219 4715 amorem,
1241 4652 1292 4706 aut
1305 4646 1441 4721 gustasti,
1459 4649 1510 4702 eut
1524 4644 1639 4703 urinam
1656 4643 1768 4702 bibisti.

63 4753 133 4794 cum
153 4740 303 4810 sponsata.
319 4736 371 4795 Vel
399 4738 542 4813 virginem
566 4742 734 4815 corrupisti,
750 4748 801 4798 aut
824 4761 890 4799 cum
947 4750 1057 4816 septem
1069 4756 1161 4797 annos
1173 4735 1367 4811 poeniteesval
1379 4731 1769 4807 quinqueeuttres.Neeasti

63 4828 175 4882 sancta
196 4824 331 4882 moniale
353 4827 397 4883 vel
420 4828 478 4884 Deo
499 4828 604 4886 dicata.
622 4831 753 4904 quinque
774 4831 816 4887 vel
832 4837 891 4889 tres
946 4836 1049 4904 partus
1062 4835 1138 4884 tuos.
1155 4829 1255 4882 decem
1270 4841 1363 4880 annos
1378 4824 1574 4896 poeniteasll.
1587 4824 1622 4880 ut
1636 4821 1661 4880 si
1676 4821 1771 4879 silium

64 4931 170 4972 annos.
187 4917 238 4970 let.
255 4914 386 4987 Nupsisti
402 4933 469 4973 cum
493 4925 648 4976 uxoratus
664 4920 808 4989 retro,vel
824 4937 892 4976 cum
946 4920 991 4976 vol
1006 4917 1095 4975 liliam
1112 4914 1255 4973 occidisti.
1272 4913 1426 4970 duodecim
1450 4929 1544 4970 annos
1568 4911 1719 4986 poeniteas.
1736 4908 1770 4965 Μ.

64 5003 183 5061 ancille.
195 5003 231 5059 XI
245 5004 318 5061 dies.
335 5007 386 5061 let.
405 5005 507 5064 Fecisti
521 5008 740 5066 fornicationem
756 5010 831 5066 sicut
846 5028 893 5067 so·
948 5010 983 5065 lit
998 5007 1022 5064 si
1037 5008 1066 5062 in
1083 5010 1164 5061 utero
1180 5009 1247 5061 ante
1262 5007 1447 5077 conceptum.
1457 5018 1568 5060 annum
1580 5017 1684 5058 unum.
1695 4999 1729 5055 Μ.
1741 4997 1772 5055 Si

65 5092 184 5151 domita
199 5094 339 5165 fecerunt,
354 5094 398 5151 vel
423 5113 489 5153 cum
514 5097 604 5155 tratre
628 5103 678 5155 aut
702 5117 769 5156 cum
788 5105 892 5169 matre,
949 5102 1015 5171 post
1029 5098 1201 5166 conceptum
1217 5110 1310 5149 annos
1324 5099 1393 5149 tres.
1407 5097 1444 5151 M.
1456 5092 1486 5148 Si
1503 5091 1600 5147 intans
1614 5105 1666 5162 per
1680 5087 1773 5161 negli-

66 5182 109 5239 vel
125 5197 195 5238 cum
210 5183 363 5254 pecoribus
374 5185 416 5241 vei
431 5185 489 5242 ullo
504 5186 632 5260 ingenio.
650 5189 828 5262 quindecim,
843 5193 896 5246 aut
948 5186 1079 5262 gentiam
1086 5181 1772 5254 mortuustueritsioebaptismoennumunum.

68 5269 225 5328 duodecim
240 5272 285 5326 vel
300 5275 411 5345 septem
427 5291 530 5344 annos,
541 5276 585 5331 vel
601 5293 705 5332 unum.
721 5280 774 5334 lnt.
790 5277 894 5334 Dixisti
949 5280 978 5333 et
989 5291 1140 5348 nunquam
1152 5273 1214 5331 sins
1224 5271 1328 5345 eliqua
1338 5269 1517 5345 poenitentia.
1529 5272 1567 5327 ti.
1581 5265 1683 5324 Fecisti
1694 5264 1774 5322 aliud

69 5360 178 5416 laisum
194 5360 398 5418 testimonium
409 5364 670 5437 percupiditatem.
681 5365 776 5422 sciens
787 5370 897 5422 autue·
950 5364 1101 5440 paganias,
1119 5381 1182 5437 qua
1199 5364 1228 5418 in
1245 5360 1306 5417 llel.
1321 5361 1387 5416 ian.
1413 5358 1524 5414 iaciunt
1546 5357 1576 5412 in
1595 5355 1709 5413 cervulo
1724 5357 1776 5412 aut

71 5448 177 5506 mens.
193 5453 253 5505 tres
276 5449 321 5505 vel
345 5450 419 5508 duos
438 5458 489 5510 aut
512 5471 604 5510 unum
625 5471 746 5510 anurrm.
762 5459 815 5511 int.
833 5454 897 5510 Per·
951 5456 981 5510 in
998 5453 1112 5526 vagula.
1129 5458 1189 5508 tres
1202 5467 1295 5507 annos
1311 5448 1462 5521 peniteas.
1479 5449 1532 5502 lut.
1550 5445 1656 5502 Misisti
1680 5443 1774 5501 tilium

71 5536 191 5595 cessisti
205 5537 367 5610 hominem,
382 5545 415 5597 ut
429 5541 550 5616 sanguis
565 5542 655 5599 exiret
669 5543 704 5598 ab
716 5541 896 5610 bomine,vel
952 5549 1035 5599 tuum
1047 5545 1251 5614 supertectum
1264 5540 1314 5594 aut
1326 5536 1355 5592 in
1368 5535 1515 5592 lernaeam
1526 5532 1689 5609 praelique
1701 5533 1777 5590 sani-

71 5643 139 5683 ossa
154 5626 278 5700 fregisti.
296 5646 407 5686 annum
432 5648 523 5688 unum
548 5631 592 5688 vel
603 5630 809 5705 ¹quadraginta
824 5633 896 5690 dies.
952 5637 1021 5701 tate,
1034 5630 1164 5703 quinque
1177 5645 1269 5685 annes
1283 5625 1435 5699 poeniteas.
1445 5625 1478 5681 Et
1491 5625 1527 5681 ad
1540 5625 1671 5683 ultimum
1683 5623 1778 5682 dicen-
