3878 6096
143 311 213 373 *ast

592 304 760 368 hPPEND.
783 307 835 367 AD
857 305 949 366 SAEC.
973 301 1010 367 Χ.
1028 336 1066 347 -
1082 299 1212 365 OPERA
1234 322 1431 368 ascraeum.

1807 304 1867 366 292

160 440 228 496 darn
245 439 423 513 presbytera
440 439 547 496 missas
560 456 612 511 pro
627 438 768 496 canonico
784 441 899 493 mortuo
915 435 985 493 cele
998 436 1027 504 A
1043 433 1320 508 plicitatecolumbae
1332 450 1365 490 ac
1375 433 1682 508 prudentiaserpentis
1692 434 1866 494 instructus.

159 527 267 598 branti,
284 529 345 586 duri
362 546 538 601 perannum
555 532 707 585 statuerat.
725 525 878 582 Canonicis
897 525 986 581 etiam

159 619 195 674 de
210 617 327 674 abbatia
342 616 536 691 regularibus,
551 632 640 689 quam
661 621 830 672 antecessor
844 614 909 685 ejus
924 613 986 686 glo-

144 708 257 763 riosus
272 708 420 780 decusque
443 706 616 779 pontificum
632 705 777 760 liebertus
791 702 821 758 in
837 703 984 759 abbatiam

158 796 272 863 extulit,
289 795 370 852 dedit
385 794 522 852 ecclesias
538 794 646 867 plures,
659 792 740 848 illam
757 792 791 848 de
807 790 937 859 Warchi,
950 792 985 847 de

158 884 304 953 Tratiaeo,
329 884 421 940 sancti
444 882 560 939 Martini
583 883 618 937 de
642 883 796 947 Truuceto,
822 881 857 937 de
884 883 985 936 sancto

159 973 307 1039 Quintiae,
324 991 398 1044 quas
413 970 538 1028 alaicali
561 987 651 1027 manu
668 969 824 1036 subtraxit,
840 968 940 1041 eisque
954 968 983 1023 in

158 1065 330 1134 perpetuum
347 1060 497 1116 habendas
509 1059 670 1133 apostolica
679 1063 708 1115 et
719 1058 877 1132 episcopali
889 1062 985 1114 aucto·

158 1148 242 1204 ritate
258 1148 419 1216 concessit3
436 1148 613 1204 monasterio
625 1147 781 1203 Charitatis
796 1146 985 1202 similiteree-

156 1235 259 1291 ctesias
275 1234 384 1292 multas
395 1236 550 1304 concessit,
558 1254 632 1309 quas
644 1254 661 1292 a
671 1235 753 1292 laicis
770 1254 819 1292 cas
835 1235 985 1308 possiden-

155 1324 236 1379 tibus
253 1323 440 1397 conquisivit,
456 1325 519 1397 ipse
544 1326 620 1381 idem
637 1325 803 1380 divinorum
819 1325 983 1380 officiorum

1040 528 1068 580 et
1083 523 1210 596 culpam,
1227 540 1263 579 ne
1279 524 1407 580 dedecus
1423 523 1503 579 heret
1517 523 1661 591 Ecclesia,
1678 524 1734 579 sub
1750 523 1867 580 silentio

1040 612 1131 668 teneri
1148 612 1284 681 iaciebat,
1300 616 1328 668 et
1344 609 1562 685 negligentiam,
1578 613 1602 667 si
1625 610 1711 668 aliter
1731 613 1792 669 lieri
1809 624 1866 668 non

1041 707 1149 775 posset,
1166 702 1313 758 interdum
1329 703 1398 759 doto
1413 702 1506 774 pretio
1517 719 1534 757 a
1544 701 1774 758 reclamantibus
1789 702 1867 758 redi-

1040 792 1148 847 mebat.
1167 791 1216 846 llic
1232 790 1331 862 itaque
1347 795 1486 863 operante
1495 790 1564 846 lesu
1581 789 1688 846 Christi
1701 789 1865 857 elementia,

1040 879 1090 952 qui
1107 879 1236 935 fidelium
1254 895 1374 936 suorum
1387 882 1414 935 et
1425 879 1583 952 aspirando
1593 880 1733 952 praevenit
1744 883 1772 935 ct
1782 879 1866 952 adju-

1038 971 1133 1026 vando
1149 969 1336 1041 prosequitur
1351 968 1492 1035 actiones,
1502 967 1577 1023 inter
1587 968 1692 1024 fratres
1702 985 1774 1040 pace
1783 969 1867 1041 prius

1039 1060 1206 1127 reformata,
1223 1057 1409 1131 episcopatus
1424 1057 1470 1112 sui
1486 1074 1562 1113 anno
1577 1060 1622 1126 22,
1640 1074 1691 1129 pro
1707 1056 1867 1113 Salvatoris

1039 1164 1137 1204 amore
1153 1152 1181 1203 et
1195 1150 1381 1220 peccatorum
1397 1162 1518 1201 suorum
1543 1145 1716 1203 remissione
1731 1144 1866 1201 Hieroso-

1037 1236 1211 1310 lymitauum
1226 1236 1282 1292 iter
1296 1240 1469 1310 prosecutus
1492 1238 1546 1292 est.
1571 1235 1653 1291 Unde
1677 1235 1770 1291 sacris
1794 1235 1867 1291 locis

1037 1343 1072 1382 ex
1086 1342 1167 1382 moro
1181 1324 1317 1393 visitatio,
1335 1331 1446 1380 etcum
1462 1324 1555 1380 imbre
1578 1323 1775 1399 lacrymarum
1790 1324 1869 1379 iacta

155 1412 403 1486 ecclesiasticique
426 1414 538 1469 ordinis
562 1418 676 1469 curator
700 1414 873 1485 baptisteria
892 1419 920 1470 ct
935 1431 983 1470 se·
1037 1415 1167 1470 oratione
1182 1415 1289 1487 ubique
1305 1431 1357 1487 pro
1373 1413 1510 1485 peccatis,
1522 1413 1592 1468 dum
1608 1412 1717 1469 rediret
1731 1417 1762 1468 et
1777 1411 1868 1469 eccle·

155 1501 290 1573 pultaras
306 1507 483 1574 craterasque
499 1501 690 1559 ecclesiarum
700 1500 862 1558 oblationes
874 1501 983 1558 alaicis
1037 1504 1086 1560 siae
1095 1508 1335 1560 subornamenta
1345 1503 1473 1576 plurima
1484 1503 1703 1571 deterret,intcr
1713 1502 1867 1558 servientes

156 1590 314 1662 permulta
328 1595 462 1663 tempera
478 1597 645 1663 usurpatas,
658 1593 760 1663 etjam
775 1609 810 1648 ca
825 1591 910 1664 longo
926 1609 982 1647 usu
1037 1594 1128 1649 maris
1143 1591 1425 1661 ssuctus,Salvatoris
1437 1590 1527 1647 nostri
1540 1592 1609 1647 Jcsu
1626 1590 1733 1646 Christi
1750 1590 1867 1646 miseri·

157 1678 241 1752 quasi
262 1697 314 1752 pro
339 1680 550 1736 consuetudine
575 1696 738 1753 possessas,
755 1680 982 1737 consuetudines

156 1785 272 1840 quoque
288 1786 405 1841 pravas,
431 1768 560 1825 convivia
585 1768 706 1836 scilicet,
732 1787 796 1841 quse
820 1769 981 1842 presbyteri

155 1856 337 1930 parochiales
353 1858 479 1914 dominis
495 1857 578 1914 laicis
593 1876 644 1930 per
659 1858 792 1931 singulos
807 1875 899 1914 annos
915 1875 981 1931 per-

87 2006 93 2012 ,
155 1945 316 2014 solvebant,
333 1951 450 2002 strenue
476 1963 508 2002 ac
525 1946 738 2003 rationabiliter
753 1965 770 2003 a
783 1946 849 2003 laici
865 1964 983 2020 posscs-

155 2033 236 2091 sione
252 2034 373 2090 rcmovit
387 2053 392 2103 3
412 2051 481 2091 neve
498 2036 636 2108 deinceps
651 2037 818 2094 sacerdotes
834 2036 880 2092 [lei
900 2035 982 2093 laicis

154 2122 183 2179 in
196 2123 305 2179 talibus
316 2124 468 2180 obedirent
480 2125 508 2179 iu
519 2126 630 2197 synodo
641 2125 797 2197 episcopali
810 2126 982 2181 auctoritate

155 2213 314 2284 interdixit,
331 2214 491 2285 predicens
514 2213 586 2269 illud
601 2213 739 2285 Stephani
763 2232 844 2287 pape
861 2218 981 2270 etmar-

153 2302 227 2375 lyris
243 2304 411 2369 decretuu1;
426 2301 518 2373 laicis,
535 2302 671 2374 quamvis
684 2301 811 2375 religiosi
827 2303 896 2370 sint,
909 2302 981 2358 nulli

153 2393 254 2445 tamen
269 2390 304 2444 dc
320 2388 526 2445 ecclesiasticis
549 2389 738 2446 facultatibus
758 2391 870 2464 aliquid
887 2392 981 2464 possi-

155 2477 243 2532 dendi
258 2476 364 2549 legitur
380 2494 511 2550 uuquam
531 2479 672 2534 attributa
687 2483 826 2551 potestas.

191 2565 242 2622 Hic
250 2564 348 2639 itaque
358 2567 471 2623 amicus
480 2567 559 2639 pacis
571 2584 603 2622 uc
615 2567 804 2640 benignitatis
814 2568 980 2642 episeopus,

155 2654 201 2710 his
215 2659 304 2726 atque
320 2654 685 2726 hujuscemodibonorum
699 2673 819 2729 operum
831 2657 982 2714 exhibitio·

143 2743 242 2800 *nibus
255 2745 426 2811 adornatus,
444 2745 485 2800 ita
500 2761 530 2800 se
552 2744 709 2801 amabilem
733 2745 871 2803 omnibus
895 2747 981 2804 bonis

153 2832 224 2889 viris
238 2849 271 2888 ac
291 2833 413 2889 charum
438 2832 603 2902 exhibebat,
621 2838 654 2889 ut
678 2834 810 2890 orrrrrium
836 2835 980 2891 bonorum

1037 1682 1165 1739 cordium
1182 1680 1504 1754 implorans,reumque
1514 1697 1545 1736 se
1555 1680 1727 1748 vociferans,
1735 1678 1869 1751 psalmos

1037 1772 1095 1827 Deo
1110 1776 1138 1827 et
1153 1772 1278 1844 hymnos
1294 1771 1489 1844 personando,
1500 1770 1563 1825 navi
1576 1769 1722 1825 dissoluta
1736 1767 1867 1824 Creatori

1037 1878 1090 1917 suo
1106 1861 1242 1934 spiritum
1259 1859 1397 1917 reddidit.

1036 2005 1104 2060 Car.
1120 2003 1188 2059 LIV.
1204 2035 1238 2045 -
1254 2004 1291 2059 tle
1305 2005 1417 2075 liupone
1430 2018 1472 2074 ep.
1489 2011 1514 2057 et
1528 2002 1625 2057 abbate
1639 2000 1668 2057 S.
1683 2000 1823 2057 Genaaai.

1072 2128 1155 2201 Hugo
1171 2127 1247 2182 sedit
1257 2144 1352 2182 annos
1361 2128 1406 2182 21.
1418 2125 1470 2180 Hic
1482 2124 1626 2198 siquidem
1641 2124 1670 2180 in
1682 2123 1868 2181 Cluniacensi

1036 2216 1181 2274 territorio
1197 2216 1233 2272 dc
1248 2219 1343 2272 castre
1368 2214 1553 2271 Monteaeuto
1577 2218 1669 2278 ortus,
1683 2231 1700 2269 a
1715 2211 1868 2270 nobilibus

1035 2306 1178 2380 processit
1193 2303 1374 2377 parentibus,
1391 2308 1419 2359 et
1434 2308 1516 2376 pater
1537 2303 1602 2375 eJ'us
1624 2301 1806 2359 Dalmaticus
1822 2302 1868 2357 di·

1036 2399 1111 2465 ctus,
1129 2394 1232 2450 matris
1247 2410 1312 2449 vcro
1328 2409 1434 2448 nomen
1439 2434 1493 2448 .....
1502 2392 1585 2448 llunc
1601 2408 1667 2447 cum
1684 2394 1783 2463 potres
1794 2391 1869 2447 satis

1036 2489 1134 2541 tenere
1150 2482 1314 2556 diligerent,
1333 2499 1390 2537 non
1406 2480 1500 2537 solum
1527 2479 1693 2545 carnaliter,
1710 2479 1761 2536 sed
1778 2478 1869 2535 etiam

1036 2570 1237 2646 spiritualiter,
1263 2574 1337 2626 nutu
1363 2569 1424 2640 Dei,
1449 2587 1507 2642 qno
1532 2569 1633 2624 omnia
1657 2567 1869 2640 disponantur,

1035 2660 1171 2718 Ecclesia
1194 2660 1358 2716 destinatus
1378 2657 1484 2714 litteris
1508 2659 1644 2725 traditur,
1661 2661 1690 2713 et
1713 2655 1813 2712 adhuc
1838 2656 1869 2712 in

1035 2749 1139 2825 puerili
1150 2748 1315 2805 innocentia
1324 2764 1446 2803 manens
1454 2746 1483 2801 in
1494 2745 1677 2802 Cluniacensi
1686 2745 1870 2801 monasterio

1036 2838 1231 2896 monasticum
1247 2835 1380 2892 habitum
1397 2835 1537 2908 suscepit,
1552 2833 1602 2890 uhi
1618 2834 1673 2890 sub
1689 2838 1792 2889 sancto
1805 2833 1868 2889 liu·

155 2920 241 2977 laude
257 2921 366 2994 diguus
381 2922 444 2978 ficri
460 2929 621 2978 mereretur
631 2941 637 2991 ;
648 2922 798 2980 eratenim
811 2924 925 2998 sagacis
939 2925 981 2980 in·
1034 2945 1108 3003 gono
1122 2925 1264 2983 avunculo
1279 2942 1333 2981 suo
1345 2925 1477 2997 ejusdem
1489 2922 1658 2981 monasterii
1674 2927 1745 2978 tunc
1756 2921 1868 2978 abbate

154 3009 656 3084 genii,prudenseluquio,providns
666 3012 981 3086 inconsilio,patientia
1033 3015 1169 3090 pluribus
1184 3014 1269 3070 annis
1282 3014 1363 3081 visit,
1379 3017 1409 3069 ct
1425 3012 1558 3086 regulam
1573 3012 1650 3067 beati
1667 3009 1817 3068 Benedicti
1832 3010 1864 3067 iu

155 3099 240 3167 lenis,
249 3098 330 3155 vultu
341 3099 579 3166 alacris,inccssu
591 3104 619 3156 ct
634 3100 736 3156 habitu
747 3103 982 3175 jucundus,ergs
1035 3105 1162 3161 claustro
1177 3104 1308 3175 ejusdem
1326 3100 1496 3157 monasterii
1512 3100 1660 3173 sapienter
1673 3099 1866 3172 didicitque·

155 3205 257 3244 omnes
272 3188 397 3263 benigne
412 3188 547 3255 affabilis,
565 3189 645 3246 intus
660 3195 689 3245 et
703 3190 774 3247 loris
788 3191 902 3247 cunetis
918 3176 1016 3248 ido-'C
1036 3195 1117 3250 niam
1134 3193 1208 3249 sicut
1224 3191 1394 3265 perhibetur
1406 3191 1441 3246 de
1457 3191 1521 3262 ipso
1532 3206 1648 3263 semper
1657 3188 1721 3245 sine
1731 3188 1867 3261 querela,

155 3293 245 3345 ueus;
261 3278 383 3333 vacabat
406 3282 569 3350 opportuno
593 3276 724 3350 tempore
744 3278 937 3348 orationibus,
953 3285 981 3337 et
1035 3281 1156 3338 humilis
1172 3284 1200 3337 ct
1212 3280 1350 3337 obediens
1364 3279 1427 3335 suis
1438 3278 1866 3351 majoribus,sieutdecclmo·

154 3365 301 3423 interdum
331 3366 520 3422 familiarium
546 3367 698 3423 fruebatur
725 3366 979 3437 collocutionibus,
1035 3371 1173 3439 nochum,
1188 3369 1360 3443 permansit.
1377 3370 1475 3436 Porro,
1497 3366 1641 3423 Dominus
1664 3365 1866 3440 amnipotens,

153 3454 334 3528 disponendo
345 3456 380 3511 de
392 3456 453 3512 suis
464 3472 644 3527 suorumque
656 3455 981 3532 utilitatibusdiligebat
1035 3461 1086 3534 qui
1100 3460 1218 3516 humilia
1231 3460 1342 3530 respicit
1358 3460 1388 3513 ia
1403 3458 1466 3513 celo
1481 3466 1506 3512 et
1521 3459 1550 3512 in
1562 3464 1635 3512 terre
1645 3456 1731 3526 (naar.
1742 3471 1812 3524 rarrr,
1825 3455 1866 3529 e),

154 3543 282 3600 militum
298 3548 386 3616 atque
402 3545 545 3601 nobilium
561 3545 762 3613 contubernia,
771 3547 822 3602 scd
834 3547 927 3618 major
938 3546 979 3602 illi
1034 3548 1231 3607 humilitatem
1248 3548 1338 3619 hujus
1358 3546 1517 3619 respiciens
1540 3545 1644 3602 multis
1666 3546 1864 3618 profuturam,

153 3633 248 3689 inerat
262 3649 331 3705 erga
346 3632 466 3690 clericos
481 3633 605 3703 allectio,
620 3639 648 3691 et
664 3634 692 3689 in
710 3651 813 3691 mensa
828 3640 856 3691 et
872 3635 901 3691 in
916 3653 979 3692 ves·
1033 3656 1101 3696 eum
1117 3638 1147 3693 in
1163 3638 1290 3692 claustro
1306 3634 1355 3692 diu
1373 3652 1491 3691 manere
1505 3652 1562 3690 nou
1576 3633 1718 3707 permisit.
1730 3637 1800 3690 Post
1815 3634 1865 3690 de·

152 3722 228 3778 tium
244 3721 325 3778 cultu
341 3722 486 3795 largitatis
507 3724 601 3795 gratia
620 3724 662 3780 eis
678 3725 838 3796 apparebat
852 3741 916 3781 csse
932 3742 979 3781 co·
1034 3744 1150 3785 cessum
1171 3742 1299 3797 namque
1323 3723 1435 3780 domini
1460 3723 1602 3793 Guiberti‚
1627 3723 1743 3779 abbatis
1767 3723 1864 3780 sancti

155 3810 275 3883 piosior.
293 3811 333 3866 De
349 3810 460 3868 illicitis
475 3811 622 3884 siquidem
639 3812 766 3869 motibus
781 3813 878 3870 earnis
892 3813 980 3870 silen-
1034 3812 1458 3888 German[Autissiodorensis
1469 3813 1498 3869 in
1510 3813 1611 3868 eadem
1622 3811 1745 3868 ecelesia
1752 3809 1866 3869 electus

152 3900 224 3954 dum
241 3917 298 3954 non
314 3903 376 3967 est;
393 3916 467 3972 quos
485 3901 521 3956 ab
537 3918 570 3956 eo
595 3901 727 3958 ciborum
749 3901 929 3974 parcimonia
952 3907 981 3958 et
1034 3910 1063 3963 et
1076 3904 1248 3962 benedictus
1270 3903 1371 3971 abbas,
1390 3919 1448 3958 non
1473 3906 1592 3975 propter
1616 3916 1721 3957 nomeu
1748 3900 1866 3957 abbatis

154 3990 242 4060 potus
257 3986 448 4060 comprimere
461 3980 613 4045 studiosus
629 3990 694 4056 luit,
704 3995 745 4059 ut,
754 4008 788 4047 ex
799 4008 857 4063 quc
871 3991 980 4065 episeo-
1034 3994 1138 4051 elatior
1153 3992 1317 4058 lactassed
1327 3995 1467 4065 tanquam
1481 4008 1557 4047 unus
1570 4008 1604 4046 ex
1617 3989 1728 4045 ceteris
1741 3989 1865 4045 humilis

153 4090 209 4149 pus
226 4074 319 4131 iactus
330 4077 560 4143 est,acarnibu.-
571 4094 634 4133 sese
645 4078 980 4153 abstineret‚leguminis
1034 4082 1197 4140 monachus
1212 4081 1278 4149 tuit,
1296 4086 1324 4135 et
1340 4081 1417 4137 sicut
1441 4080 1552 4136 honum
1574 4078 1750 4152 magistrum
1768 4077 1864 4146 decet,

153 4163 179 4219 ci
194 4163 333 4220 comestio
349 4164 568 4231 suiheeret,nee
584 4166 695 4233 vinum,
706 4167 763 4222 nisi
774 4169 979 4240 parum,hibe-
1033 4175 1112 4243 cepit
1137 4173 1227 4242 secere
1253 4177 1278 4224 rt
1312 4169 1407 4225 docere
1439 4169 1507 4237 (Λα.
1537 4183 1557 4234 1,
1588 4167 1623 4237 l),
1656 4166 1866 4222 demonstrans

154 4256 206 4309 ret.
224 4257 256 4308 ln
271 4253 402 4310 convivio
417 4253 542 4327 denique
566 4255 796 4328 hospitalitatem
811 4257 840 4313 in
856 4258 979 4314 invicem
1034 4258 1165 4331 exemplo
1182 4258 1260 4329 quod
1275 4258 1398 4313 docebat
1419 4257 1516 4313 verbo.
1531 4256 1653 4332 Cognito
1668 4259 1766 4311 autern
1783 4255 1865 4327 quod

154 4347 181 4399 et
196 4343 226 4398 in
242 4358 344 4399 omnes
359 4343 498 4399 sectando
513 4344 636 4416 dapsilis
653 4345 718 4412 suit,
736 4363 933 4418 necunquam
949 4346 979 4402 in
1034 4349 1172 4405 dominus
1196 4346 1380 4403 llumhaldus
1402 4345 1577 4402 venerabilis
1599 4343 1867 4401 Autissiodorensis

154 4432 277 4506 prandio
287 4431 393 4489 Christi
405 4432 801 4505 pauperibuscaruit,vitans
811 4434 884 4490 illud
901 4436 979 4508 quod
1033 4437 1225 4512 episcopusin
1238 4431 1868 4508 viahierosolymitanadchacvitamigras-

153 4523 296 4595 scriptum
306 4520 615 4594 estzllpiscopusmisi
625 4540 728 4578 omnes
739 4524 979 4596 receperit,inhu·
997 4547 1021 4613 D
1036 4532 1089 4591 set,
1103 4527 1198 4582 clerus
1213 4526 1347 4597 ejusdem
1363 4524 1497 4580 Ecclesiae
1512 4541 1546 4578 ex
1560 4522 1664 4595 majori
1674 4526 1774 4595 parte,
1788 4522 1868 4578 iacto

156 4625 262 4666 manus
275 4614 330 4666 est.
339 4614 371 4665 ln
381 4610 611 4683 Quadragesima
622 4628 689 4668 vero
700 4612 829 4684 quotidie
839 4630 982 4686 pauperes
1037 4617 1110 4673 satis
1124 4616 1202 4671 brevi
1219 4612 1381 4682 intervallo,
1394 4613 1474 4669 hunc
1485 4612 1671 4685 jamdictum
1687 4610 1826 4667 abbatem
1835 4610 1867 4667 ia

154 4697 308 4754 duodecim
324 4698 481 4767 reficiebat,
491 4700 600 4771 quibus
615 4701 645 4756 in
661 4700 748 4757 Coeua
764 4702 878 4757 Domini
894 4702 981 4759 dena·
1035 4704 1201 4778 pontificem
1219 4702 1380 4775 elegerunt.
1398 4700 1574 4774 prepositus
1589 4717 1656 4756 vero
1666 4698 1804 4771 quedem
1813 4699 1868 4755 Ee·

155 4786 214 4843 rios
224 4782 382 4853 tribuebat,
390 4786 454 4843 etin
469 4788 579 4846 Pascha
587 4789 742 4863 plerosque
752 4790 978 4848 vestiebatCum

155 4879 264 4944 autem,
288 4880 320 4931 ut
342 4875 516 4948 plerumque
540 4879 602 4934 heri
627 4877 710 4947 solet,
737 4878 766 4934 in
793 4880 979 4937 subditorum

153 4965 244 5023 etiam
254 4966 398 5022 baronum
408 4965 522 5024 animos
534 4968 615 5024 turer
624 4967 781 5024 iracundie
789 4973 818 5026 et
828 4969 980 5026 discordie

154 5054 299 5112 diabolico
317 5055 458 5112 instinctu
474 5055 650 5130 irrepsisset,
674 5057 749 5114 mira
762 5058 828 5129 ejus
840 5058 979 5131 patientia

61 5184 65 5192 ·
155 5149 244 5218 atque
259 5144 435 5201 humilitatis
449 5145 544 5219 gratia
559 5145 761 5203 discordantes
782 5147 897 5204 animos
912 5165 980 5204 con-

153 5235 340 5305 cordabat,ct
352 5238 384 5290 ut
394 5252 449 5308 pax
457 5236 538 5291 heret
548 5233 659 5290 firmior
668 5239 697 5290 et
706 5234 981 5309 quies,inquietanti

154 5324 251 5381 dando
265 5325 301 5381 de
316 5341 370 5382 suo
386 5341 586 5397 sepenumero
601 5322 785 5396 propinabat.
804 5325 834 5382 si
849 5342 916 5383 vero
931 5326 982 5382 ali·

156 5413 273 5484 quando
288 5413 387 5487 aliqua
400 5412 513 5471 laicalis
528 5429 653 5487 persona
667 5411 697 5468 in
713 5411 852 5470 clericum
868 5420 919 5472 aut
934 5432 981 5473 ca-

155 5499 275 5557 lumnie
290 5509 478 5573 causarn,aut
490 5503 631 5577 injuriam
647 5520 664 5559 a
678 5500 783 5560 clerice
798 5503 854 5562 sihi
870 5501 980 5562 illatam

156 5587 286 5663 baberet,
301 5592 386 5666 cique
401 5593 606 5670 conquerendo
626 5592 807 5665 reclamaret,
825 5595 887 5671 ipse
910 5596 982 5653 sim·

1035 4793 1140 4861 clasiae,
1156 4790 1314 4864 tlulgerius
1329 4790 1457 4859 nomine,
1470 4793 1499 4846 ct
1515 4789 1635 4862 quidam
1651 4784 1787 4844 canonici
1798 4803 1868 4843 curn

1034 4900 1077 4954 eo,
1095 4882 1146 4954 qui
1162 4880 1298 4937 eumdem
1309 4879 1499 4953 prepositum
1512 4878 1736 4934 nominaverant
1750 4876 1783 4933 in
1794 4876 1869 4933 elec·

1034 4973 1123 5038 tione,
1139 4968 1274 5026 electioni
1303 4969 1396 5024 sancti
1424 4968 1477 5024 viri
1503 4968 1683 5032 restiterunt,
1700 4965 1752 5038 qui
1777 4965 1869 5022 etiam

1035 5076 1132 5133 regem
1150 5057 1328 5114 Ludcvicum
1349 5056 1443 5112 tilium
1468 5056 1544 5130 regis
1570 5054 1696 5128 Philippi
1721 5056 1796 5110 tune
1819 5070 1869 5111 re·

1035 5152 1175 5222 gnautcm
1203 5162 1262 5201 suae
1291 5144 1531 5201 contradictionis
1557 5145 1723 5216 adjutorem
1752 5141 1870 5200 habuc·
1917 5160 1922 5169 ·

1035 5242 1115 5307 runt,
1130 5236 1172 5292 ita
1196 5240 1228 5290 ut
1249 5234 1349 5291 omnia
1373 5233 1482 5307 regalia
1496 5233 1533 5289 ad
1556 5233 1760 5305 episcopatum
1776 5232 1869 5305 perti·

1036 5326 1137 5384 nentia
1151 5323 1271 5381 ornuino
1294 5324 1450 5389 concedere
1474 5322 1500 5379 ei
1520 5323 1686 5395 denegaret.
1703 5321 1790 5377 Tunc
1803 5321 1870 5395 ipse

1036 5412 1209 5489 compulsus
1225 5417 1379 5471 attractus
1394 5413 1431 5469 ah
1453 5411 1629 5470 electoribus
1653 5408 1740 5478 suis,
1766 5413 1797 5466 et
1820 5410 1870 5468 sui

1036 5503 1194 5562 adversarii
1209 5503 1245 5560 ad
1262 5502 1366 5558 limina
1380 5500 1579 5574 apostolorum
1591 5499 1738 5568 adierunt,
1749 5501 1785 5555 ut
1797 5496 1839 5555 ibi
1851 5513 1869 5554 ι

1037 5611 1154 5653 summo
1170 5592 1307 5668 pontifico
1318 5591 1503 5666 ¹indicaretur
1521 5591 1557 5648 de
1572 5587 1723 5648 electione.
1740 5586 1798 5646 Sed
1814 5587 1869 5646 he·
