<?xml version="1.0" encoding="UTF-8"?>
<!DOCTYPE html PUBLIC "-//W3C//DTD XHTML 1.0 Transitional//EN"
    "http://www.w3.org/TR/xhtml1/DTD/xhtml1-transitional.dtd">
<html xmlns="http://www.w3.org/1999/xhtml" xml:lang="en" lang="en">
 <head>
  <title>
</title>
<meta http-equiv="Content-Type" content="text/html;charset=utf-8" />
  <meta name='ocr-system' content='tesseract 3.04.00' />
  <meta name='ocr-capabilities' content='ocr_page ocr_carea ocr_par ocr_line ocrx_word'/>
</head>
<body>
  <div class='ocr_page' id='page_1' title='image "./patrologiaecurs24unkngoog/patrologiaecurs24unkngoog_0472.png"; bbox 0 0 3878 6098; ppageno 0'>
   <div class='ocr_carea' id='block_1_1' title="bbox 110 297 1825 369">
    <p class='ocr_par' dir='ltr' id='par_1_1' title="bbox 110 297 1825 369">
     <span class='ocr_line' id='line_1_1' title="bbox 110 297 1825 369; baseline 0.003 -5"><span class='ocrx_word' id='word_1_1' title='bbox 110 306 171 365; x_wconf 79' lang='lat'>937</span> <span class='ocrx_word' id='word_1_2' title='bbox 576 304 680 362; x_wconf 87' lang='lat' dir='ltr'>DllDD</span> <span class='ocrx_word' id='word_1_3' title='bbox 703 299 889 362; x_wconf 76' lang='lat' dir='ltr'>BAPTlSMl</span> <span class='ocrx_word' id='word_1_4' title='bbox 915 297 1126 360; x_wconf 82' lang='lat' dir='ltr'>SECUNDUM</span> <span class='ocrx_word' id='word_1_5' title='bbox 1150 300 1370 364; x_wconf 76' lang='lat' dir='ltr'>AETlttuPhs.</span> <span class='ocrx_word' id='word_1_6' title='bbox 1764 307 1825 369; x_wconf 79' lang='lat'>938</span> 
     </span>
    </p>
   </div>
   <div class='ocr_carea' id='block_1_2' title="bbox 105 428 1923 5663">
    <p class='ocr_par' dir='ltr' id='par_1_2' title="bbox 108 428 1923 1222">
     <span class='ocr_line' id='line_1_2' title="bbox 109 428 1825 509; baseline 0.001 -16"><span class='ocrx_word' id='word_1_7' title='bbox 109 441 161 493; x_wconf 87' lang='lat' dir='ltr'>tus</span> <span class='ocrx_word' id='word_1_8' title='bbox 175 440 221 491; x_wconf 88' lang='lat' dir='ltr'>est</span> <span class='ocrx_word' id='word_1_9' title='bbox 237 435 272 490; x_wconf 90' lang='lat' dir='ltr'>de</span> <span class='ocrx_word' id='word_1_10' title='bbox 285 434 356 490; x_wconf 86' lang='lat' dir='ltr'>Filio</span> <span class='ocrx_word' id='word_1_11' title='bbox 367 432 492 499; x_wconf 78' lang='lat' dir='ltr'>suooui</span> <span class='ocrx_word' id='word_1_12' title='bbox 511 433 604 488; x_wconf 89' lang='lat' dir='ltr'>eredit</span> <span class='ocrx_word' id='word_1_13' title='bbox 614 434 641 487; x_wconf 90' lang='lat' dir='ltr'>in</span> <span class='ocrx_word' id='word_1_14' title='bbox 662 432 768 488; x_wconf 81' lang='lat' dir='ltr'>Filium</span> <span class='ocrx_word' id='word_1_15' title='bbox 783 432 845 499; x_wconf 85' lang='lat' dir='ltr'>Dei,</span> <span class='ocrx_word' id='word_1_16' title='bbox 858 431 944 486; x_wconf 87' lang='lat' dir='ltr'>habet</span> <span class='ocrx_word' id='word_1_17' title='bbox 959 431 985 497; x_wconf 78' lang='grc' dir='ltr'><strong>Α</strong></span> <span class='ocrx_word' id='word_1_18' title='bbox 1002 428 1088 485; x_wconf 86' lang='lat' dir='ltr'>suerit</span> <span class='ocrx_word' id='word_1_19' title='bbox 1099 432 1205 496; x_wconf 74' lang='lat' dir='ltr'>(tenuo,</span> <span class='ocrx_word' id='word_1_20' title='bbox 1218 448 1275 487; x_wconf 93' lang='lat' dir='ltr'>non</span> <span class='ocrx_word' id='word_1_21' title='bbox 1287 433 1488 504; x_wconf 84' lang='lat' dir='ltr'>potestvidero</span> <span class='ocrx_word' id='word_1_22' title='bbox 1499 449 1621 509; x_wconf 91' lang='lat' dir='ltr'>regnum</span> <span class='ocrx_word' id='word_1_23' title='bbox 1633 437 1693 492; x_wconf 91' lang='lat' dir='ltr'>Dei.</span> <span class='ocrx_word' id='word_1_24' title='bbox 1704 438 1779 494; x_wconf 90' lang='lat' dir='ltr'>Dicit</span> <span class='ocrx_word' id='word_1_25' title='bbox 1789 440 1825 496; x_wconf 89' lang='lat' dir='ltr'>ad</span> 
     </span>
     <span class='ocr_line' id='line_1_3' title="bbox 110 520 1827 596; baseline 0.001 -13"><span class='ocrx_word' id='word_1_26' title='bbox 110 524 318 583; x_wconf 87' lang='lat' dir='ltr'>testimonium</span> <span class='ocrx_word' id='word_1_27' title='bbox 330 523 380 580; x_wconf 92' lang='lat' dir='ltr'>Dei</span> <span class='ocrx_word' id='word_1_28' title='bbox 392 523 421 577; x_wconf 94' lang='lat' dir='ltr'>in</span> <span class='ocrx_word' id='word_1_29' title='bbox 434 540 475 578; x_wconf 91' lang='lat' dir='ltr'>se.</span> <span class='ocrx_word' id='word_1_30' title='bbox 487 522 541 588; x_wconf 79' lang='lat' dir='ltr'>Qui</span> <span class='ocrx_word' id='word_1_31' title='bbox 552 539 609 578; x_wconf 83' lang='lat' dir='ltr'>non</span> <span class='ocrx_word' id='word_1_32' title='bbox 624 522 717 577; x_wconf 88' lang='lat' dir='ltr'>rredit</span> <span class='ocrx_word' id='word_1_33' title='bbox 728 521 810 587; x_wconf 73' lang='lat' dir='ltr'>l&#39;ilio,</span> <span class='ocrx_word' id='word_1_34' title='bbox 822 521 944 576; x_wconf 86' lang='lat' dir='ltr'>menda·</span> <span class='ocrx_word' id='word_1_35' title='bbox 999 536 1065 574; x_wconf 85' lang='lat' dir='ltr'>euru</span> <span class='ocrx_word' id='word_1_36' title='bbox 1078 520 1255 578; x_wconf 89' lang='lat' dir='ltr'>Nicodemus</span> <span class='ocrx_word' id='word_1_37' title='bbox 1269 524 1439 588; x_wconf 84' lang='lat' dir='ltr'>:Quomodo</span> <span class='ocrx_word' id='word_1_38' title='bbox 1455 528 1551 596; x_wconf 88' lang='lat' dir='ltr'>potest</span> <span class='ocrx_word' id='word_1_39' title='bbox 1565 524 1652 581; x_wconf 89' lang='lat' dir='ltr'>homo</span> <span class='ocrx_word' id='word_1_40' title='bbox 1668 528 1749 582; x_wconf 87' lang='lat' dir='ltr'>nasci</span> <span class='ocrx_word' id='word_1_41' title='bbox 1760 544 1827 584; x_wconf 74' lang='lat' dir='ltr'>irum</span> 
     </span>
     <span class='ocr_line' id='line_1_4' title="bbox 112 608 1831 684; baseline 0.001 -15"><span class='ocrx_word' id='word_1_42' title='bbox 112 630 176 669; x_wconf 85' lang='lat' dir='ltr'>cem</span> <span class='ocrx_word' id='word_1_43' title='bbox 190 613 257 668; x_wconf 84' lang='lat' dir='ltr'>iacit</span> <span class='ocrx_word' id='word_1_44' title='bbox 267 610 424 684; x_wconf 89' lang='lat' dir='ltr'>eum‚quia</span> <span class='ocrx_word' id='word_1_45' title='bbox 436 626 492 665; x_wconf 93' lang='lat' dir='ltr'>non</span> <span class='ocrx_word' id='word_1_46' title='bbox 506 610 597 666; x_wconf 88' lang='lat' dir='ltr'>eredit</span> <span class='ocrx_word' id='word_1_47' title='bbox 609 610 638 664; x_wconf 91' lang='lat' dir='ltr'>in</span> <span class='ocrx_word' id='word_1_48' title='bbox 650 608 944 681; x_wconf 89' lang='lat' dir='ltr'>testimonium-quod</span> <span class='ocrx_word' id='word_1_49' title='bbox 999 609 1038 664; x_wconf 87' lang='lat' dir='ltr'>sit</span> <span class='ocrx_word' id='word_1_50' title='bbox 1054 626 1152 665; x_wconf 88' lang='lat' dir='ltr'>senex.</span> <span class='ocrx_word' id='word_1_51' title='bbox 1165 610 1303 682; x_wconf 86' lang='lat' dir='ltr'>Nunquid</span> <span class='ocrx_word' id='word_1_52' title='bbox 1319 616 1416 684; x_wconf 88' lang='lat' dir='ltr'>potest</span> <span class='ocrx_word' id='word_1_53' title='bbox 1431 613 1460 667; x_wconf 94' lang='lat' dir='ltr'>in</span> <span class='ocrx_word' id='word_1_54' title='bbox 1472 618 1571 669; x_wconf 88' lang='lat' dir='ltr'>ventre</span> <span class='ocrx_word' id='word_1_55' title='bbox 1586 614 1689 670; x_wconf 88' lang='lat' dir='ltr'>matris</span> <span class='ocrx_word' id='word_1_56' title='bbox 1704 633 1763 671; x_wconf 80' lang='lat' dir='ltr'>eure</span> <span class='ocrx_word' id='word_1_57' title='bbox 1781 617 1831 672; x_wconf 81' lang='lat' dir='ltr'>ita-</span> 
     </span>
     <span class='ocr_line' id='line_1_5' title="bbox 111 688 1829 775; baseline 0.002 -17"><span class='ocrx_word' id='word_1_58' title='bbox 111 692 290 765; x_wconf 72' lang='lat' dir='ltr'>testificatus</span> <span class='ocrx_word' id='word_1_59' title='bbox 306 705 351 756; x_wconf 92' lang='lat' dir='ltr'>est</span> <span class='ocrx_word' id='word_1_60' title='bbox 366 700 444 756; x_wconf 87' lang='lat' dir='ltr'>Deus</span> <span class='ocrx_word' id='word_1_61' title='bbox 461 700 496 755; x_wconf 91' lang='lat' dir='ltr'>de</span> <span class='ocrx_word' id='word_1_62' title='bbox 512 699 585 755; x_wconf 87' lang='lat' dir='ltr'>Filio</span> <span class='ocrx_word' id='word_1_63' title='bbox 605 716 669 755; x_wconf 88' lang='lat' dir='ltr'>suo.</span> <span class='ocrx_word' id='word_1_64' title='bbox 682 699 716 754; x_wconf 81' lang='lat' dir='ltr'>at</span> <span class='ocrx_word' id='word_1_65' title='bbox 731 697 785 753; x_wconf 89' lang='lat' dir='ltr'>boc</span> <span class='ocrx_word' id='word_1_66' title='bbox 801 702 846 753; x_wconf 82' lang='lat' dir='ltr'>est</span> <span class='ocrx_word' id='word_1_67' title='bbox 860 697 945 753; x_wconf 88' lang='lat' dir='ltr'>testi·</span> <span class='ocrx_word' id='word_1_68' title='bbox 999 704 1062 754; x_wconf 88' lang='lat' dir='ltr'>ratu</span> <span class='ocrx_word' id='word_1_69' title='bbox 1079 688 1209 768; x_wconf 84' lang='lat' dir='ltr'>introire,</span> <span class='ocrx_word' id='word_1_70' title='bbox 1222 705 1250 755; x_wconf 91' lang='lat' dir='ltr'>et</span> <span class='ocrx_word' id='word_1_71' title='bbox 1272 701 1408 757; x_wconf 79' lang='lat' dir='ltr'>renasci?</span> <span class='ocrx_word' id='word_1_72' title='bbox 1428 702 1591 775; x_wconf 77' lang='lat' dir='ltr'>Respondit</span> <span class='ocrx_word' id='word_1_73' title='bbox 1610 703 1696 760; x_wconf 82' lang='lat' dir='ltr'>lesus</span> <span class='ocrx_word' id='word_1_74' title='bbox 1708 719 1714 759; x_wconf 95' lang='lat'><strong>:</strong></span> <span class='ocrx_word' id='word_1_75' title='bbox 1727 706 1829 773; x_wconf 79' lang='lat' dir='ltr'>Amen,</span> 
     </span>
     <span class='ocr_line' id='line_1_6' title="bbox 111 786 1832 866; baseline 0.001 -20"><span class='ocrx_word' id='word_1_76' title='bbox 111 788 406 862; x_wconf 89' lang='lat' dir='ltr'>monium,quoniam</span> <span class='ocrx_word' id='word_1_77' title='bbox 418 789 507 844; x_wconf 89' lang='lat' dir='ltr'>vitam</span> <span class='ocrx_word' id='word_1_78' title='bbox 520 794 659 846; x_wconf 86' lang='lat' dir='ltr'>aeternam</span> <span class='ocrx_word' id='word_1_79' title='bbox 670 787 750 843; x_wconf 87' lang='lat' dir='ltr'>dedit</span> <span class='ocrx_word' id='word_1_80' title='bbox 760 786 845 843; x_wconf 92' lang='lat' dir='ltr'>nobis</span> <span class='ocrx_word' id='word_1_81' title='bbox 855 787 944 853; x_wconf 88' lang='lat' dir='ltr'>Deus,</span> <span class='ocrx_word' id='word_1_82' title='bbox 998 804 1083 843; x_wconf 87' lang='lat' dir='ltr'>amen</span> <span class='ocrx_word' id='word_1_83' title='bbox 1100 787 1164 844; x_wconf 89' lang='lat' dir='ltr'>dico</span> <span class='ocrx_word' id='word_1_84' title='bbox 1180 788 1243 856; x_wconf 91' lang='lat' dir='ltr'>tibi,</span> <span class='ocrx_word' id='word_1_85' title='bbox 1259 788 1315 845; x_wconf 90' lang='lat' dir='ltr'>nisi</span> <span class='ocrx_word' id='word_1_86' title='bbox 1332 790 1398 862; x_wconf 89' lang='lat' dir='ltr'>quis</span> <span class='ocrx_word' id='word_1_87' title='bbox 1421 797 1540 848; x_wconf 85' lang='lat' dir='ltr'>renatus</span> <span class='ocrx_word' id='word_1_88' title='bbox 1562 792 1650 848; x_wconf 87' lang='lat' dir='ltr'>luerit</span> <span class='ocrx_word' id='word_1_89' title='bbox 1662 809 1696 849; x_wconf 87' lang='lat' dir='ltr'>ex</span> <span class='ocrx_word' id='word_1_90' title='bbox 1712 809 1789 866; x_wconf 89' lang='lat' dir='ltr'>aqua</span> <span class='ocrx_word' id='word_1_91' title='bbox 1802 797 1832 849; x_wconf 90' lang='lat' dir='ltr'>et</span> 
     </span>
     <span class='ocr_line' id='line_1_7' title="bbox 109 874 1923 956; baseline 0.001 -20"><span class='ocrx_word' id='word_1_92' title='bbox 109 884 139 936; x_wconf 93' lang='lat' dir='ltr'>et</span> <span class='ocrx_word' id='word_1_93' title='bbox 154 879 217 935; x_wconf 82' lang='lat' dir='ltr'>haee</span> <span class='ocrx_word' id='word_1_94' title='bbox 232 879 291 935; x_wconf 77' lang='lat' dir='ltr'>sita</span> <span class='ocrx_word' id='word_1_95' title='bbox 304 878 334 934; x_wconf 95' lang='lat' dir='ltr'>in</span> <span class='ocrx_word' id='word_1_96' title='bbox 351 877 423 935; x_wconf 82' lang='lat' dir='ltr'>Filio</span> <span class='ocrx_word' id='word_1_97' title='bbox 440 878 504 951; x_wconf 88' lang='lat' dir='ltr'>ejus</span> <span class='ocrx_word' id='word_1_98' title='bbox 520 883 574 934; x_wconf 89' lang='lat' dir='ltr'>est.</span> <span class='ocrx_word' id='word_1_99' title='bbox 587 877 640 943; x_wconf 87' lang='lat' dir='ltr'>Qui</span> <span class='ocrx_word' id='word_1_100' title='bbox 657 876 745 932; x_wconf 87' lang='lat' dir='ltr'>habet</span> <span class='ocrx_word' id='word_1_101' title='bbox 760 874 865 932; x_wconf 79' lang='lat' dir='ltr'>Filium</span> <span class='ocrx_word' id='word_1_102' title='bbox 881 874 943 943; x_wconf 91' lang='lat' dir='ltr'>Dei,</span> <span class='ocrx_word' id='word_1_103' title='bbox 999 876 1110 949; x_wconf 86' lang='lat' dir='ltr'>Spiritu</span> <span class='ocrx_word' id='word_1_104' title='bbox 1127 882 1239 946; x_wconf 83' lang='lat' dir='ltr'>saneto,</span> <span class='ocrx_word' id='word_1_105' title='bbox 1257 896 1314 934; x_wconf 94' lang='lat' dir='ltr'>non</span> <span class='ocrx_word' id='word_1_106' title='bbox 1331 883 1425 952; x_wconf 90' lang='lat' dir='ltr'>potest</span> <span class='ocrx_word' id='word_1_107' title='bbox 1446 880 1567 938; x_wconf 87' lang='lat' dir='ltr'>introire</span> <span class='ocrx_word' id='word_1_108' title='bbox 1581 881 1610 937; x_wconf 91' lang='lat' dir='ltr'>in</span> <span class='ocrx_word' id='word_1_109' title='bbox 1627 898 1752 956; x_wconf 87' lang='lat' dir='ltr'>reguum</span> <span class='ocrx_word' id='word_1_110' title='bbox 1766 880 1828 938; x_wconf 85' lang='lat' dir='ltr'>Dei.</span> <span class='ocrx_word' id='word_1_111' title='bbox 1914 874 1923 884; x_wconf 69' lang='grc'><strong>“</strong></span> 
     </span>
     <span class='ocr_line' id='line_1_8' title="bbox 108 965 1826 1044; baseline 0.002 -20"><span class='ocrx_word' id='word_1_112' title='bbox 108 967 200 1024; x_wconf 88' lang='lat' dir='ltr'>habet</span> <span class='ocrx_word' id='word_1_113' title='bbox 214 968 304 1024; x_wconf 91' lang='lat' dir='ltr'>vitam</span> <span class='ocrx_word' id='word_1_114' title='bbox 318 985 324 1022; x_wconf 92' lang='lat'>:</span> <span class='ocrx_word' id='word_1_115' title='bbox 338 967 389 1040; x_wconf 93' lang='lat' dir='ltr'>qui</span> <span class='ocrx_word' id='word_1_116' title='bbox 406 983 464 1022; x_wconf 92' lang='lat' dir='ltr'>nou</span> <span class='ocrx_word' id='word_1_117' title='bbox 480 965 571 1023; x_wconf 90' lang='lat' dir='ltr'>hahet</span> <span class='ocrx_word' id='word_1_118' title='bbox 587 965 694 1022; x_wconf 77' lang='lat' dir='ltr'>llilium</span> <span class='ocrx_word' id='word_1_119' title='bbox 709 965 870 1037; x_wconf 86' lang='lat' dir='ltr'>Dei‚vitam</span> <span class='ocrx_word' id='word_1_120' title='bbox 885 982 943 1021; x_wconf 92' lang='lat' dir='ltr'>non</span> <span class='ocrx_word' id='word_1_121' title='bbox 999 966 1081 1032; x_wconf 86' lang='lat' dir='ltr'>Quod</span> <span class='ocrx_word' id='word_1_122' title='bbox 1095 971 1197 1022; x_wconf 90' lang='lat' dir='ltr'>natum</span> <span class='ocrx_word' id='word_1_123' title='bbox 1209 970 1254 1022; x_wconf 92' lang='lat' dir='ltr'>est</span> <span class='ocrx_word' id='word_1_124' title='bbox 1268 984 1301 1023; x_wconf 86' lang='lat' dir='ltr'>ex</span> <span class='ocrx_word' id='word_1_125' title='bbox 1313 985 1488 1036; x_wconf 69' lang='lat' dir='ltr'>camarare</span> <span class='ocrx_word' id='word_1_126' title='bbox 1503 975 1561 1039; x_wconf 90' lang='lat' dir='ltr'>est;</span> <span class='ocrx_word' id='word_1_127' title='bbox 1578 974 1606 1027; x_wconf 90' lang='lat' dir='ltr'>et</span> <span class='ocrx_word' id='word_1_128' title='bbox 1621 973 1699 1044; x_wconf 89' lang='lat' dir='ltr'>quod</span> <span class='ocrx_word' id='word_1_129' title='bbox 1725 975 1826 1028; x_wconf 82' lang='lat' dir='ltr'>natum</span> 
     </span>
     <span class='ocr_line' id='line_1_9' title="bbox 109 1054 1827 1133; baseline 0.002 -20"><span class='ocrx_word' id='word_1_130' title='bbox 109 1057 211 1113; x_wconf 89' lang='lat' dir='ltr'>habet.</span> <span class='ocrx_word' id='word_1_131' title='bbox 225 1058 290 1114; x_wconf 80' lang='lat' dir='ltr'>Haeo</span> <span class='ocrx_word' id='word_1_132' title='bbox 312 1056 408 1113; x_wconf 85' lang='lat' dir='ltr'>scribo</span> <span class='ocrx_word' id='word_1_133' title='bbox 423 1055 517 1123; x_wconf 91' lang='lat' dir='ltr'>vobis,</span> <span class='ocrx_word' id='word_1_134' title='bbox 529 1061 562 1111; x_wconf 89' lang='lat' dir='ltr'>ut</span> <span class='ocrx_word' id='word_1_135' title='bbox 583 1055 683 1111; x_wconf 87' lang='lat' dir='ltr'>sciatis</span> <span class='ocrx_word' id='word_1_136' title='bbox 699 1055 837 1129; x_wconf 90' lang='lat' dir='ltr'>quoniam</span> <span class='ocrx_word' id='word_1_137' title='bbox 854 1054 943 1110; x_wconf 88' lang='lat' dir='ltr'>vitam</span> <span class='ocrx_word' id='word_1_138' title='bbox 999 1059 1043 1111; x_wconf 89' lang='lat' dir='ltr'>est</span> <span class='ocrx_word' id='word_1_139' title='bbox 1058 1072 1092 1110; x_wconf 86' lang='lat' dir='ltr'>ex</span> <span class='ocrx_word' id='word_1_140' title='bbox 1107 1056 1223 1129; x_wconf 91' lang='lat' dir='ltr'>spiritu,</span> <span class='ocrx_word' id='word_1_141' title='bbox 1240 1057 1362 1129; x_wconf 88' lang='lat' dir='ltr'>spiritus</span> <span class='ocrx_word' id='word_1_142' title='bbox 1383 1063 1438 1114; x_wconf 87' lang='lat' dir='ltr'>est.</span> <span class='ocrx_word' id='word_1_143' title='bbox 1453 1058 1514 1115; x_wconf 92' lang='lat' dir='ltr'>Non</span> <span class='ocrx_word' id='word_1_144' title='bbox 1542 1057 1658 1116; x_wconf 87' lang='lat' dir='ltr'>mireris</span> <span class='ocrx_word' id='word_1_145' title='bbox 1673 1060 1743 1133; x_wconf 88' lang='lat' dir='ltr'>quia</span> <span class='ocrx_word' id='word_1_146' title='bbox 1767 1060 1827 1117; x_wconf 84' lang='lat' dir='ltr'>dixi</span> 
     </span>
     <span class='ocr_line' id='line_1_10' title="bbox 109 1142 1827 1222; baseline 0.002 -20"><span class='ocrx_word' id='word_1_147' title='bbox 109 1144 229 1203; x_wconf 87' lang='lat' dir='ltr'>habetis</span> <span class='ocrx_word' id='word_1_148' title='bbox 244 1152 391 1213; x_wconf 80' lang='lat' dir='ltr'>aternam,</span> <span class='ocrx_word' id='word_1_149' title='bbox 405 1144 456 1218; x_wconf 90' lang='lat' dir='ltr'>qui</span> <span class='ocrx_word' id='word_1_150' title='bbox 472 1144 591 1201; x_wconf 87' lang='lat' dir='ltr'>creditis</span> <span class='ocrx_word' id='word_1_151' title='bbox 608 1145 635 1199; x_wconf 95' lang='lat' dir='ltr'>in</span> <span class='ocrx_word' id='word_1_152' title='bbox 653 1143 771 1199; x_wconf 90' lang='lat' dir='ltr'>nomine</span> <span class='ocrx_word' id='word_1_153' title='bbox 785 1143 848 1199; x_wconf 82' lang='lat' dir='ltr'>Filii</span> <span class='ocrx_word' id='word_1_154' title='bbox 863 1142 924 1199; x_wconf 89' lang='lat' dir='ltr'>Dci.</span> <span class='ocrx_word' id='word_1_155' title='bbox 999 1143 1062 1211; x_wconf 87' lang='lat' dir='ltr'>tibi,</span> <span class='ocrx_word' id='word_1_156' title='bbox 1076 1149 1189 1216; x_wconf 92' lang='lat' dir='ltr'>oportet</span> <span class='ocrx_word' id='word_1_157' title='bbox 1203 1160 1254 1200; x_wconf 88' lang='lat' dir='ltr'>vos</span> <span class='ocrx_word' id='word_1_158' title='bbox 1270 1147 1349 1202; x_wconf 90' lang='lat' dir='ltr'>nasei</span> <span class='ocrx_word' id='word_1_159' title='bbox 1366 1147 1472 1204; x_wconf 88' lang='lat' dir='ltr'>denuo.</span> <span class='ocrx_word' id='word_1_160' title='bbox 1485 1146 1613 1222; x_wconf 84' lang='lat' dir='ltr'>Spiritus</span> <span class='ocrx_word' id='word_1_161' title='bbox 1628 1147 1751 1205; x_wconf 87' lang='lat' dir='ltr'>ubivult</span> <span class='ocrx_word' id='word_1_162' title='bbox 1765 1147 1827 1221; x_wconf 87' lang='lat' dir='ltr'>apl·</span> 
     </span>
    </p>

    <p class='ocr_par' dir='ltr' id='par_1_3' title="bbox 109 1232 1828 1399">
     <span class='ocr_line' id='line_1_11' title="bbox 145 1232 1828 1306; baseline 0.001 -15"><span class='ocrx_word' id='word_1_163' title='bbox 145 1235 277 1291; x_wconf 78' lang='lat' dir='ltr'>Sacerdos</span> <span class='ocrx_word' id='word_1_164' title='bbox 292 1247 394 1298; x_wconf 82' lang='lat' dir='ltr'>aetem,</span> <span class='ocrx_word' id='word_1_165' title='bbox 412 1236 460 1306; x_wconf 86' lang='lat' dir='ltr'>qai</span> <span class='ocrx_word' id='word_1_166' title='bbox 479 1233 589 1304; x_wconf 81' lang='lat' dir='ltr'>adjuvat</span> <span class='ocrx_word' id='word_1_167' title='bbox 611 1233 776 1289; x_wconf 77' lang='lat' dir='ltr'>sacerdotem</span> <span class='ocrx_word' id='word_1_168' title='bbox 801 1232 944 1304; x_wconf 72' lang='lat' dir='ltr'>baptizae-</span> <span class='ocrx_word' id='word_1_169' title='bbox 998 1237 1052 1300; x_wconf 85' lang='lat' dir='ltr'>rat,</span> <span class='ocrx_word' id='word_1_170' title='bbox 1064 1237 1093 1288; x_wconf 89' lang='lat' dir='ltr'>et</span> <span class='ocrx_word' id='word_1_171' title='bbox 1104 1250 1203 1289; x_wconf 88' lang='lat' dir='ltr'>vocem</span> <span class='ocrx_word' id='word_1_172' title='bbox 1219 1236 1283 1305; x_wconf 90' lang='lat' dir='ltr'>ejus</span> <span class='ocrx_word' id='word_1_173' title='bbox 1294 1234 1390 1306; x_wconf 90' lang='lat' dir='ltr'>audis,</span> <span class='ocrx_word' id='word_1_174' title='bbox 1400 1237 1450 1292; x_wconf 91' lang='lat' dir='ltr'>sed</span> <span class='ocrx_word' id='word_1_175' title='bbox 1463 1237 1558 1293; x_wconf 88' lang='lat' dir='ltr'>neseis</span> <span class='ocrx_word' id='word_1_176' title='bbox 1569 1238 1647 1293; x_wconf 91' lang='lat' dir='ltr'>unde</span> <span class='ocrx_word' id='word_1_177' title='bbox 1656 1237 1762 1294; x_wconf 88' lang='lat' dir='ltr'>veniat.</span> <span class='ocrx_word' id='word_1_178' title='bbox 1775 1239 1828 1293; x_wconf 84' lang='lat' dir='ltr'>aut</span> 
     </span>
     <span class='ocr_line' id='line_1_12' title="bbox 109 1322 1825 1399; baseline 0.001 -18"><span class='ocrx_word' id='word_1_179' title='bbox 109 1333 177 1391; x_wconf 84' lang='lat' dir='ltr'>tem,</span> <span class='ocrx_word' id='word_1_180' title='bbox 194 1325 260 1393; x_wconf 76' lang='lat' dir='ltr'>tepit</span> <span class='ocrx_word' id='word_1_181' title='bbox 273 1340 309 1378; x_wconf 81' lang='lat' dir='ltr'>ec</span> <span class='ocrx_word' id='word_1_182' title='bbox 324 1325 396 1379; x_wconf 78' lang='lat' dir='ltr'>dctis</span> <span class='ocrx_word' id='word_1_183' title='bbox 411 1323 604 1395; x_wconf 81' lang='lat' dir='ltr'>apostatarum,</span> <span class='ocrx_word' id='word_1_184' title='bbox 619 1339 680 1394; x_wconf 87' lang='lat' dir='ltr'>cup.</span> <span class='ocrx_word' id='word_1_185' title='bbox 697 1339 747 1377; x_wconf 80' lang='lat' dir='ltr'>viu</span> <span class='ocrx_word' id='word_1_186' title='bbox 765 1338 771 1376; x_wconf 92' lang='lat'><strong>:</strong></span> <span class='ocrx_word' id='word_1_187' title='bbox 998 1338 1056 1394; x_wconf 94' lang='lat' dir='ltr'>quo</span> <span class='ocrx_word' id='word_1_188' title='bbox 1071 1322 1169 1378; x_wconf 84' lang='lat' dir='ltr'>vadat.</span> <span class='ocrx_word' id='word_1_189' title='bbox 1183 1322 1230 1378; x_wconf 90' lang='lat' dir='ltr'>Sic</span> <span class='ocrx_word' id='word_1_190' title='bbox 1254 1327 1299 1378; x_wconf 91' lang='lat' dir='ltr'>est</span> <span class='ocrx_word' id='word_1_191' title='bbox 1319 1324 1425 1392; x_wconf 90' lang='lat' dir='ltr'>omnis,</span> <span class='ocrx_word' id='word_1_192' title='bbox 1435 1324 1485 1399; x_wconf 91' lang='lat' dir='ltr'>qui</span> <span class='ocrx_word' id='word_1_193' title='bbox 1501 1331 1588 1382; x_wconf 90' lang='lat' dir='ltr'>natus</span> <span class='ocrx_word' id='word_1_194' title='bbox 1602 1330 1647 1382; x_wconf 86' lang='lat' dir='ltr'>est</span> <span class='ocrx_word' id='word_1_195' title='bbox 1660 1342 1694 1382; x_wconf 84' lang='lat' dir='ltr'>ex</span> <span class='ocrx_word' id='word_1_196' title='bbox 1709 1325 1825 1398; x_wconf 88' lang='lat' dir='ltr'>spiritu.</span> 
     </span>
    </p>

    <p class='ocr_par' dir='ltr' id='par_1_4' title="bbox 105 1408 1892 4334">
     <span class='ocr_line' id='line_1_13' title="bbox 146 1408 1827 1488; baseline 0.002 -20"><span class='ocrx_word' id='word_1_197' title='bbox 146 1411 275 1486; x_wconf 80' lang='lat' dir='ltr'>Angelus</span> <span class='ocrx_word' id='word_1_198' title='bbox 290 1417 388 1468; x_wconf 91' lang='lat' dir='ltr'>autem</span> <span class='ocrx_word' id='word_1_199' title='bbox 403 1411 517 1467; x_wconf 85' lang='lat' dir='ltr'>Domini</span> <span class='ocrx_word' id='word_1_200' title='bbox 534 1409 649 1466; x_wconf 88' lang='lat' dir='ltr'>loeutus</span> <span class='ocrx_word' id='word_1_201' title='bbox 661 1414 704 1466; x_wconf 85' lang='lat' dir='ltr'>est</span> <span class='ocrx_word' id='word_1_202' title='bbox 715 1411 749 1464; x_wconf 88' lang='lat' dir='ltr'>ad</span> <span class='ocrx_word' id='word_1_203' title='bbox 763 1408 941 1481; x_wconf 86' lang='lat' dir='ltr'>Philippum,</span> <span class='ocrx_word' id='word_1_204' title='bbox 998 1410 1161 1482; x_wconf 76' lang='lat' dir='ltr'>Respondit</span> <span class='ocrx_word' id='word_1_205' title='bbox 1176 1411 1394 1478; x_wconf 83' lang='lat' dir='ltr'>Nicodamus,et</span> <span class='ocrx_word' id='word_1_206' title='bbox 1406 1413 1477 1468; x_wconf 80' lang='lat' dir='ltr'>dixit</span> <span class='ocrx_word' id='word_1_207' title='bbox 1487 1414 1686 1481; x_wconf 81' lang='lat' dir='ltr'>eizouomodo</span> <span class='ocrx_word' id='word_1_208' title='bbox 1701 1417 1827 1488; x_wconf 75' lang='lat' dir='ltr'>possunt</span> 
     </span>
     <span class='ocr_line' id='line_1_14' title="bbox 109 1498 1892 1573; baseline 0.003 -16"><span class='ocrx_word' id='word_1_209' title='bbox 109 1503 234 1558; x_wconf 88' lang='lat' dir='ltr'>dicens:</span> <span class='ocrx_word' id='word_1_210' title='bbox 252 1503 354 1573; x_wconf 85' lang='lat' dir='ltr'>Surge,</span> <span class='ocrx_word' id='word_1_211' title='bbox 371 1504 400 1556; x_wconf 87' lang='lat' dir='ltr'>et</span> <span class='ocrx_word' id='word_1_212' title='bbox 413 1501 486 1556; x_wconf 89' lang='lat' dir='ltr'>vade</span> <span class='ocrx_word' id='word_1_213' title='bbox 509 1504 610 1554; x_wconf 84' lang='lat' dir='ltr'>eontra</span> <span class='ocrx_word' id='word_1_214' title='bbox 633 1499 786 1554; x_wconf 80' lang='lat' dir='ltr'>meridiem</span> <span class='ocrx_word' id='word_1_215' title='bbox 802 1499 838 1553; x_wconf 91' lang='lat' dir='ltr'>ad</span> <span class='ocrx_word' id='word_1_216' title='bbox 854 1498 941 1566; x_wconf 87' lang='lat' dir='ltr'>viam,</span> <span class='ocrx_word' id='word_1_217' title='bbox 997 1498 1058 1554; x_wconf 80' lang='lat' dir='ltr'>hae</span> <span class='ocrx_word' id='word_1_218' title='bbox 1074 1499 1156 1554; x_wconf 82' lang='lat' dir='ltr'>fieri?</span> <span class='ocrx_word' id='word_1_219' title='bbox 1167 1498 1327 1572; x_wconf 74' lang='lat' dir='ltr'>Respondit</span> <span class='ocrx_word' id='word_1_220' title='bbox 1346 1501 1481 1573; x_wconf 87' lang='lat' dir='ltr'>Jesus,et</span> <span class='ocrx_word' id='word_1_221' title='bbox 1492 1502 1564 1558; x_wconf 80' lang='lat' dir='ltr'>dixit</span> <span class='ocrx_word' id='word_1_222' title='bbox 1575 1503 1599 1558; x_wconf 92' lang='lat' dir='ltr'>ei</span> <span class='ocrx_word' id='word_1_223' title='bbox 1615 1520 1621 1558; x_wconf 76' lang='grc' dir='ltr'><strong><em>ε</em></strong></span> <span class='ocrx_word' id='word_1_224' title='bbox 1637 1505 1679 1558; x_wconf 78' lang='lat' dir='ltr'>&#39;lb</span> <span class='ocrx_word' id='word_1_225' title='bbox 1705 1519 1736 1560; x_wconf 86' lang='lat' dir='ltr'>us</span> <span class='ocrx_word' id='word_1_226' title='bbox 1763 1520 1827 1559; x_wconf 90' lang='lat' dir='ltr'>ma·</span> <span class='ocrx_word' id='word_1_227' title='bbox 1888 1556 1892 1563; x_wconf 95' lang='lat'>.</span> 
     </span>
     <span class='ocr_line' id='line_1_15' title="bbox 109 1587 1826 1664; baseline 0.001 -18"><span class='ocrx_word' id='word_1_228' title='bbox 109 1608 178 1664; x_wconf 79' lang='lat' dir='ltr'>quae</span> <span class='ocrx_word' id='word_1_229' title='bbox 202 1590 354 1646; x_wconf 85' lang='lat' dir='ltr'>deseendit</span> <span class='ocrx_word' id='word_1_230' title='bbox 382 1589 418 1645; x_wconf 92' lang='lat' dir='ltr'>ab</span> <span class='ocrx_word' id='word_1_231' title='bbox 448 1588 611 1645; x_wconf 81' lang='lat' dir='ltr'>Jerusalem</span> <span class='ocrx_word' id='word_1_232' title='bbox 628 1587 657 1643; x_wconf 92' lang='lat' dir='ltr'>in</span> <span class='ocrx_word' id='word_1_233' title='bbox 674 1588 791 1654; x_wconf 83' lang='lat' dir='ltr'>Gazam,</span> <span class='ocrx_word' id='word_1_234' title='bbox 809 1587 869 1643; x_wconf 78' lang='lat' dir='ltr'>hac</span> <span class='ocrx_word' id='word_1_235' title='bbox 899 1590 943 1642; x_wconf 88' lang='lat' dir='ltr'>est</span> <span class='ocrx_word' id='word_1_236' title='bbox 997 1587 1234 1662; x_wconf 86' lang='lat' dir='ltr'>gisterinlsrael</span> <span class='ocrx_word' id='word_1_237' title='bbox 1252 1594 1280 1645; x_wconf 92' lang='lat' dir='ltr'>et</span> <span class='ocrx_word' id='word_1_238' title='bbox 1299 1589 1359 1645; x_wconf 86' lang='lat' dir='ltr'>haec</span> <span class='ocrx_word' id='word_1_239' title='bbox 1384 1589 1523 1662; x_wconf 81' lang='lat' dir='ltr'>ignoras?</span> <span class='ocrx_word' id='word_1_240' title='bbox 1536 1593 1737 1660; x_wconf 86' lang='lat' dir='ltr'>Amen,amen</span> <span class='ocrx_word' id='word_1_241' title='bbox 1760 1591 1826 1648; x_wconf 88' lang='lat' dir='ltr'>dico</span> 
     </span>
     <span class='ocr_line' id='line_1_16' title="bbox 109 1675 1826 1753; baseline 0.001 -18"><span class='ocrx_word' id='word_1_242' title='bbox 109 1681 239 1736; x_wconf 87' lang='lat' dir='ltr'>deserta.</span> <span class='ocrx_word' id='word_1_243' title='bbox 258 1680 292 1734; x_wconf 81' lang='lat' dir='ltr'>Et</span> <span class='ocrx_word' id='word_1_244' title='bbox 317 1695 441 1751; x_wconf 89' lang='lat' dir='ltr'>surgens</span> <span class='ocrx_word' id='word_1_245' title='bbox 456 1678 538 1744; x_wconf 93' lang='lat' dir='ltr'>abiit,</span> <span class='ocrx_word' id='word_1_246' title='bbox 556 1681 584 1734; x_wconf 87' lang='lat' dir='ltr'>et</span> <span class='ocrx_word' id='word_1_247' title='bbox 597 1693 663 1734; x_wconf 89' lang='lat' dir='ltr'>ecoe</span> <span class='ocrx_word' id='word_1_248' title='bbox 677 1677 721 1733; x_wconf 89' lang='lat' dir='ltr'>vir</span> <span class='ocrx_word' id='word_1_249' title='bbox 744 1675 876 1748; x_wconf 83' lang='lat' dir='ltr'>AEthiops</span> <span class='ocrx_word' id='word_1_250' title='bbox 891 1693 941 1732; x_wconf 90' lang='lat' dir='ltr'>eu·</span> <span class='ocrx_word' id='word_1_251' title='bbox 996 1677 1060 1744; x_wconf 87' lang='lat' dir='ltr'>tibi,</span> <span class='ocrx_word' id='word_1_252' title='bbox 1074 1677 1143 1750; x_wconf 90' lang='lat' dir='ltr'>quia</span> <span class='ocrx_word' id='word_1_253' title='bbox 1154 1678 1232 1751; x_wconf 91' lang='lat' dir='ltr'>quod</span> <span class='ocrx_word' id='word_1_254' title='bbox 1249 1677 1361 1735; x_wconf 89' lang='lat' dir='ltr'>seimus</span> <span class='ocrx_word' id='word_1_255' title='bbox 1376 1677 1538 1753; x_wconf 93' lang='lat' dir='ltr'>loquimur,</span> <span class='ocrx_word' id='word_1_256' title='bbox 1550 1684 1578 1736; x_wconf 89' lang='lat' dir='ltr'>et</span> <span class='ocrx_word' id='word_1_257' title='bbox 1592 1681 1670 1753; x_wconf 92' lang='lat' dir='ltr'>quod</span> <span class='ocrx_word' id='word_1_258' title='bbox 1686 1680 1826 1750; x_wconf 85' lang='lat' dir='ltr'>vidimus,</span> 
     </span>
     <span class='ocr_line' id='line_1_17' title="bbox 109 1764 1828 1865; baseline 0.001 -41"><span class='ocrx_word' id='word_1_259' title='bbox 109 1767 238 1836; x_wconf 90' lang='lat' dir='ltr'>nuchus,</span> <span class='ocrx_word' id='word_1_260' title='bbox 265 1771 380 1840; x_wconf 89' lang='lat' dir='ltr'>puteus,</span> <span class='ocrx_word' id='word_1_261' title='bbox 397 1765 540 1823; x_wconf 89' lang='lat' dir='ltr'>Candaeis</span> <span class='ocrx_word' id='word_1_262' title='bbox 563 1766 669 1840; x_wconf 81' lang='lat' dir='ltr'>regina</span> <span class='ocrx_word' id='word_1_263' title='bbox 696 1765 874 1838; x_wconf 83' lang='lat' dir='ltr'>AEthiopum,</span> <span class='ocrx_word' id='word_1_264' title='bbox 891 1764 941 1838; x_wconf 91' lang='lat' dir='ltr'>qui</span> <span class='ocrx_word' id='word_1_265' title='bbox 958 1801 981 1865; x_wconf 79' lang='lat' dir='ltr'>B</span> <span class='ocrx_word' id='word_1_266' title='bbox 996 1770 1149 1838; x_wconf 73' lang='lat' dir='ltr'>testamur,</span> <span class='ocrx_word' id='word_1_267' title='bbox 1162 1771 1190 1822; x_wconf 90' lang='lat' dir='ltr'>et</span> <span class='ocrx_word' id='word_1_268' title='bbox 1206 1767 1408 1825; x_wconf 90' lang='lat' dir='ltr'>testimonium</span> <span class='ocrx_word' id='word_1_269' title='bbox 1423 1773 1557 1826; x_wconf 89' lang='lat' dir='ltr'>nostrum</span> <span class='ocrx_word' id='word_1_270' title='bbox 1572 1785 1629 1825; x_wconf 91' lang='lat' dir='ltr'>nou</span> <span class='ocrx_word' id='word_1_271' title='bbox 1641 1766 1828 1843; x_wconf 73' lang='lat' dir='ltr'>accipitissi</span> 
     </span>
     <span class='ocr_line' id='line_1_18' title="bbox 107 1853 1827 1932; baseline -0.001 -17"><span class='ocrx_word' id='word_1_272' title='bbox 107 1861 175 1915; x_wconf 88' lang='lat' dir='ltr'>erat</span> <span class='ocrx_word' id='word_1_273' title='bbox 188 1872 278 1929; x_wconf 89' lang='lat' dir='ltr'>super</span> <span class='ocrx_word' id='word_1_274' title='bbox 303 1873 405 1913; x_wconf 89' lang='lat' dir='ltr'>omnes</span> <span class='ocrx_word' id='word_1_275' title='bbox 430 1872 517 1930; x_wconf 85' lang='lat' dir='ltr'>gazas</span> <span class='ocrx_word' id='word_1_276' title='bbox 542 1855 617 1927; x_wconf 86' lang='lat' dir='ltr'>ejus,</span> <span class='ocrx_word' id='word_1_277' title='bbox 634 1858 752 1911; x_wconf 77' lang='lat' dir='ltr'>venerat</span> <span class='ocrx_word' id='word_1_278' title='bbox 775 1855 897 1910; x_wconf 87' lang='lat' dir='ltr'>adorare</span> <span class='ocrx_word' id='word_1_279' title='bbox 913 1853 942 1910; x_wconf 93' lang='lat' dir='ltr'>in</span> <span class='ocrx_word' id='word_1_280' title='bbox 999 1858 1114 1911; x_wconf 87' lang='lat' dir='ltr'>terrena</span> <span class='ocrx_word' id='word_1_281' title='bbox 1136 1856 1196 1911; x_wconf 89' lang='lat' dir='ltr'>dixi</span> <span class='ocrx_word' id='word_1_282' title='bbox 1224 1856 1363 1920; x_wconf 88' lang='lat' dir='ltr'>vobis,et</span> <span class='ocrx_word' id='word_1_283' title='bbox 1392 1874 1449 1913; x_wconf 91' lang='lat' dir='ltr'>non</span> <span class='ocrx_word' id='word_1_284' title='bbox 1480 1857 1773 1932; x_wconf 84' lang='lat' dir='ltr'>creditis,quom0do</span> <span class='ocrx_word' id='word_1_285' title='bbox 1800 1855 1827 1916; x_wconf 82' lang='lat' dir='ltr'>ai</span> 
     </span>
     <span class='ocr_line' id='line_1_19' title="bbox 107 1943 1826 2016; baseline 0.001 -14"><span class='ocrx_word' id='word_1_286' title='bbox 107 1944 288 2012; x_wconf 78' lang='lat' dir='ltr'>Jerusalem,</span> <span class='ocrx_word' id='word_1_287' title='bbox 306 1948 336 2000; x_wconf 89' lang='lat' dir='ltr'>et</span> <span class='ocrx_word' id='word_1_288' title='bbox 358 1945 555 2001; x_wconf 79' lang='lat' dir='ltr'>revertebatur</span> <span class='ocrx_word' id='word_1_289' title='bbox 579 1944 684 2000; x_wconf 89' lang='lat' dir='ltr'>sedens</span> <span class='ocrx_word' id='word_1_290' title='bbox 711 1960 800 2016; x_wconf 87' lang='lat' dir='ltr'>super</span> <span class='ocrx_word' id='word_1_291' title='bbox 825 1959 945 1998; x_wconf 88' lang='lat' dir='ltr'>currum</span> <span class='ocrx_word' id='word_1_292' title='bbox 999 1943 1097 2000; x_wconf 84' lang='lat' dir='ltr'>dixero</span> <span class='ocrx_word' id='word_1_293' title='bbox 1112 1944 1194 2000; x_wconf 88' lang='lat' dir='ltr'>vobis</span> <span class='ocrx_word' id='word_1_294' title='bbox 1209 1944 1337 2000; x_wconf 85' lang='lat' dir='ltr'>eoelestia</span> <span class='ocrx_word' id='word_1_295' title='bbox 1352 1945 1496 2002; x_wconf 80' lang='lat' dir='ltr'>credetis?</span> <span class='ocrx_word' id='word_1_296' title='bbox 1506 1949 1535 2002; x_wconf 90' lang='lat' dir='ltr'>et</span> <span class='ocrx_word' id='word_1_297' title='bbox 1549 1962 1634 2003; x_wconf 86' lang='lat' dir='ltr'>nemo</span> <span class='ocrx_word' id='word_1_298' title='bbox 1648 1945 1781 2003; x_wconf 88' lang='lat' dir='ltr'>aseendit</span> <span class='ocrx_word' id='word_1_299' title='bbox 1794 1944 1826 2003; x_wconf 88' lang='lat' dir='ltr'>ia</span> 
     </span>
     <span class='ocr_line' id='line_1_20' title="bbox 111 2031 1830 2107; baseline 0.001 -17"><span class='ocrx_word' id='word_1_300' title='bbox 111 2052 216 2104; x_wconf 84' lang='lat' dir='ltr'>suum,</span> <span class='ocrx_word' id='word_1_301' title='bbox 232 2035 391 2107; x_wconf 85' lang='lat' dir='ltr'>legensque</span> <span class='ocrx_word' id='word_1_302' title='bbox 412 2034 517 2089; x_wconf 88' lang='lat' dir='ltr'>lsaiam</span> <span class='ocrx_word' id='word_1_303' title='bbox 544 2033 727 2106; x_wconf 87' lang='lat' dir='ltr'>prophetam.</span> <span class='ocrx_word' id='word_1_304' title='bbox 745 2032 823 2088; x_wconf 88' lang='lat' dir='ltr'>Dixit</span> <span class='ocrx_word' id='word_1_305' title='bbox 846 2036 944 2088; x_wconf 89' lang='lat' dir='ltr'>autem</span> <span class='ocrx_word' id='word_1_306' title='bbox 999 2031 1113 2100; x_wconf 76' lang='lat' dir='ltr'>calum,</span> <span class='ocrx_word' id='word_1_307' title='bbox 1127 2032 1183 2088; x_wconf 90' lang='lat' dir='ltr'>nisi</span> <span class='ocrx_word' id='word_1_308' title='bbox 1199 2035 1249 2106; x_wconf 94' lang='lat' dir='ltr'>qui</span> <span class='ocrx_word' id='word_1_309' title='bbox 1270 2035 1420 2090; x_wconf 90' lang='lat' dir='ltr'>deseendit</span> <span class='ocrx_word' id='word_1_310' title='bbox 1436 2036 1470 2091; x_wconf 90' lang='lat' dir='ltr'>de</span> <span class='ocrx_word' id='word_1_311' title='bbox 1486 2034 1568 2102; x_wconf 85' lang='lat' dir='ltr'>coelo,</span> <span class='ocrx_word' id='word_1_312' title='bbox 1584 2034 1663 2091; x_wconf 84' lang='lat' dir='ltr'>filius</span> <span class='ocrx_word' id='word_1_313' title='bbox 1683 2034 1830 2105; x_wconf 85' lang='lat' dir='ltr'>hominia,¹</span> 
     </span>
     <span class='ocr_line' id='line_1_21' title="bbox 108 2120 1823 2202; baseline 0 -22"><span class='ocrx_word' id='word_1_314' title='bbox 108 2123 242 2197; x_wconf 83' lang='lat' dir='ltr'>Spiritus</span> <span class='ocrx_word' id='word_1_315' title='bbox 253 2121 386 2196; x_wconf 89' lang='lat' dir='ltr'>Philippo</span> <span class='ocrx_word' id='word_1_316' title='bbox 399 2140 406 2178; x_wconf 92' lang='lat'><strong>:</strong></span> <span class='ocrx_word' id='word_1_317' title='bbox 419 2123 540 2194; x_wconf 76' lang='lat' dir='ltr'>Accede,</span> <span class='ocrx_word' id='word_1_318' title='bbox 553 2127 581 2178; x_wconf 86' lang='lat' dir='ltr'>et</span> <span class='ocrx_word' id='word_1_319' title='bbox 591 2123 719 2195; x_wconf 86' lang='lat' dir='ltr'>adjunge</span> <span class='ocrx_word' id='word_1_320' title='bbox 734 2126 762 2177; x_wconf 92' lang='lat' dir='ltr'>te</span> <span class='ocrx_word' id='word_1_321' title='bbox 777 2121 812 2177; x_wconf 93' lang='lat' dir='ltr'>ad</span> <span class='ocrx_word' id='word_1_322' title='bbox 825 2136 944 2176; x_wconf 84' lang='lat' dir='ltr'>currum</span> <span class='ocrx_word' id='word_1_323' title='bbox 1000 2120 1048 2194; x_wconf 92' lang='lat' dir='ltr'>qui</span> <span class='ocrx_word' id='word_1_324' title='bbox 1065 2125 1109 2178; x_wconf 91' lang='lat' dir='ltr'>est</span> <span class='ocrx_word' id='word_1_325' title='bbox 1123 2120 1152 2177; x_wconf 93' lang='lat' dir='ltr'>in</span> <span class='ocrx_word' id='word_1_326' title='bbox 1165 2121 1245 2178; x_wconf 85' lang='lat' dir='ltr'>coelo.</span> <span class='ocrx_word' id='word_1_327' title='bbox 1255 2123 1289 2178; x_wconf 79' lang='lat' dir='ltr'>ut</span> <span class='ocrx_word' id='word_1_328' title='bbox 1300 2123 1375 2179; x_wconf 89' lang='lat' dir='ltr'>siout</span> <span class='ocrx_word' id='word_1_329' title='bbox 1385 2124 1500 2202; x_wconf 80' lang='lat' dir='ltr'>Moyses</span> <span class='ocrx_word' id='word_1_330' title='bbox 1512 2122 1823 2199; x_wconf 83' lang='lat' dir='ltr'>exaltavitserpentem</span> 
     </span>
     <span class='ocr_line' id='line_1_22' title="bbox 114 2208 1824 2285; baseline 0.001 -17"><span class='ocrx_word' id='word_1_331' title='bbox 114 2210 221 2270; x_wconf 90' lang='lat' dir='ltr'>istum.</span> <span class='ocrx_word' id='word_1_332' title='bbox 232 2213 394 2269; x_wconf 76' lang='lat' dir='ltr'>decurrens</span> <span class='ocrx_word' id='word_1_333' title='bbox 410 2217 507 2267; x_wconf 89' lang='lat' dir='ltr'>autem</span> <span class='ocrx_word' id='word_1_334' title='bbox 525 2210 688 2284; x_wconf 88' lang='lat' dir='ltr'>Philippus,</span> <span class='ocrx_word' id='word_1_335' title='bbox 700 2209 811 2266; x_wconf 86' lang='lat' dir='ltr'>audivit</span> <span class='ocrx_word' id='word_1_336' title='bbox 825 2222 891 2265; x_wconf 84' lang='lat' dir='ltr'>omn</span> <span class='ocrx_word' id='word_1_337' title='bbox 908 2208 946 2267; x_wconf 86' lang='lat' dir='ltr'>le.</span> <span class='ocrx_word' id='word_1_338' title='bbox 999 2211 1028 2265; x_wconf 93' lang='lat' dir='ltr'>in</span> <span class='ocrx_word' id='word_1_339' title='bbox 1044 2211 1168 2277; x_wconf 87' lang='lat' dir='ltr'>deserto,</span> <span class='ocrx_word' id='word_1_340' title='bbox 1185 2212 1225 2267; x_wconf 89' lang='lat' dir='ltr'>ita</span> <span class='ocrx_word' id='word_1_341' title='bbox 1241 2211 1360 2268; x_wconf 90' lang='lat' dir='ltr'>exaltari</span> <span class='ocrx_word' id='word_1_342' title='bbox 1381 2217 1495 2285; x_wconf 88' lang='lat' dir='ltr'>oportet</span> <span class='ocrx_word' id='word_1_343' title='bbox 1517 2211 1611 2269; x_wconf 89' lang='lat' dir='ltr'>illium</span> <span class='ocrx_word' id='word_1_344' title='bbox 1634 2211 1774 2280; x_wconf 86' lang='lat' dir='ltr'>hominis,</span> <span class='ocrx_word' id='word_1_345' title='bbox 1789 2215 1824 2269; x_wconf 86' lang='lat' dir='ltr'>ut</span> 
     </span>
     <span class='ocr_line' id='line_1_23' title="bbox 107 2298 1825 2376; baseline -0.001 -18"><span class='ocrx_word' id='word_1_346' title='bbox 107 2308 231 2376; x_wconf 80' lang='lat' dir='ltr'>gentem</span> <span class='ocrx_word' id='word_1_347' title='bbox 244 2301 349 2358; x_wconf 86' lang='lat' dir='ltr'>isaiam</span> <span class='ocrx_word' id='word_1_348' title='bbox 361 2301 544 2374; x_wconf 88' lang='lat' dir='ltr'>prophetam,</span> <span class='ocrx_word' id='word_1_349' title='bbox 558 2304 586 2356; x_wconf 92' lang='lat' dir='ltr'>et</span> <span class='ocrx_word' id='word_1_350' title='bbox 601 2300 673 2356; x_wconf 87' lang='lat' dir='ltr'>dixit</span> <span class='ocrx_word' id='word_1_351' title='bbox 686 2317 692 2356; x_wconf 75' lang='grc' dir='ltr'>ε</span> <span class='ocrx_word' id='word_1_352' title='bbox 705 2301 842 2367; x_wconf 82' lang='lat' dir='ltr'>Putasne,</span> <span class='ocrx_word' id='word_1_353' title='bbox 859 2298 943 2354; x_wconf 90' lang='lat' dir='ltr'>intel·</span> <span class='ocrx_word' id='word_1_354' title='bbox 999 2299 1095 2355; x_wconf 92' lang='lat' dir='ltr'>omnis</span> <span class='ocrx_word' id='word_1_355' title='bbox 1111 2300 1160 2372; x_wconf 91' lang='lat' dir='ltr'>qui</span> <span class='ocrx_word' id='word_1_356' title='bbox 1176 2301 1268 2356; x_wconf 85' lang='lat' dir='ltr'>credit</span> <span class='ocrx_word' id='word_1_357' title='bbox 1290 2301 1319 2356; x_wconf 91' lang='lat' dir='ltr'>in</span> <span class='ocrx_word' id='word_1_358' title='bbox 1344 2301 1407 2374; x_wconf 78' lang='lat' dir='ltr'>ipso</span> <span class='ocrx_word' id='word_1_359' title='bbox 1433 2319 1490 2358; x_wconf 92' lang='lat' dir='ltr'>non</span> <span class='ocrx_word' id='word_1_360' title='bbox 1517 2305 1625 2375; x_wconf 87' lang='lat' dir='ltr'>pereat,</span> <span class='ocrx_word' id='word_1_361' title='bbox 1642 2301 1693 2358; x_wconf 87' lang='lat' dir='ltr'>sed</span> <span class='ocrx_word' id='word_1_362' title='bbox 1717 2301 1825 2358; x_wconf 87' lang='lat' dir='ltr'>habeat</span> 
     </span>
     <span class='ocr_line' id='line_1_24' title="bbox 108 2387 1826 2466; baseline 0 -20"><span class='ocrx_word' id='word_1_363' title='bbox 108 2390 181 2466; x_wconf 82' lang='lat' dir='ltr'>ligia</span> <span class='ocrx_word' id='word_1_364' title='bbox 192 2407 256 2462; x_wconf 80' lang='lat' dir='ltr'>que</span> <span class='ocrx_word' id='word_1_365' title='bbox 267 2389 358 2462; x_wconf 86' lang='lat' dir='ltr'>legis‘l</span> <span class='ocrx_word' id='word_1_366' title='bbox 369 2390 422 2456; x_wconf 86' lang='lat' dir='ltr'>Qui</span> <span class='ocrx_word' id='word_1_367' title='bbox 433 2388 488 2445; x_wconf 90' lang='lat' dir='ltr'>ait:</span> <span class='ocrx_word' id='word_1_368' title='bbox 503 2390 538 2444; x_wconf 77' lang='lat' dir='ltr'>ht</span> <span class='ocrx_word' id='word_1_369' title='bbox 550 2390 698 2463; x_wconf 91' lang='lat' dir='ltr'>quomodo</span> <span class='ocrx_word' id='word_1_370' title='bbox 709 2387 874 2462; x_wconf 88' lang='lat' dir='ltr'>possum,si</span> <span class='ocrx_word' id='word_1_371' title='bbox 887 2405 944 2443; x_wconf 91' lang='lat' dir='ltr'>non</span> <span class='ocrx_word' id='word_1_372' title='bbox 999 2389 1088 2444; x_wconf 87' lang='lat' dir='ltr'>vitam</span> <span class='ocrx_word' id='word_1_373' title='bbox 1104 2394 1253 2445; x_wconf 82' lang='lat' dir='ltr'>eternam.</span> <span class='ocrx_word' id='word_1_374' title='bbox 1264 2390 1311 2445; x_wconf 86' lang='lat' dir='ltr'>Sic</span> <span class='ocrx_word' id='word_1_375' title='bbox 1326 2391 1403 2445; x_wconf 91' lang='lat' dir='ltr'>enim</span> <span class='ocrx_word' id='word_1_376' title='bbox 1418 2390 1496 2447; x_wconf 90' lang='lat' dir='ltr'>Deus</span> <span class='ocrx_word' id='word_1_377' title='bbox 1511 2389 1608 2446; x_wconf 83' lang='lat' dir='ltr'>dilexit</span> <span class='ocrx_word' id='word_1_378' title='bbox 1626 2390 1780 2457; x_wconf 92' lang='lat' dir='ltr'>mundum,</span> <span class='ocrx_word' id='word_1_379' title='bbox 1792 2394 1826 2446; x_wconf 91' lang='lat' dir='ltr'>ut</span> 
     </span>
     <span class='ocr_line' id='line_1_25' title="bbox 108 2477 1826 2552; baseline -0.001 -16"><span class='ocrx_word' id='word_1_380' title='bbox 108 2479 221 2552; x_wconf 86' lang='lat' dir='ltr'>aliquis</span> <span class='ocrx_word' id='word_1_381' title='bbox 236 2478 396 2535; x_wconf 88' lang='lat' dir='ltr'>ostenderit</span> <span class='ocrx_word' id='word_1_382' title='bbox 419 2479 490 2534; x_wconf 90' lang='lat' dir='ltr'>mihi</span> <span class='ocrx_word' id='word_1_383' title='bbox 499 2479 513 2534; x_wconf 78' lang='lat' dir='ltr'>‘t</span> <span class='ocrx_word' id='word_1_384' title='bbox 534 2479 704 2552; x_wconf 81' lang='lat' dir='ltr'>rogavitque</span> <span class='ocrx_word' id='word_1_385' title='bbox 730 2477 897 2549; x_wconf 83' lang='lat' dir='ltr'>Philippum</span> <span class='ocrx_word' id='word_1_386' title='bbox 914 2478 946 2531; x_wconf 89' lang='lat' dir='ltr'>ut</span> <span class='ocrx_word' id='word_1_387' title='bbox 999 2477 1104 2533; x_wconf 81' lang='lat' dir='ltr'>Filium</span> <span class='ocrx_word' id='word_1_388' title='bbox 1118 2495 1205 2535; x_wconf 89' lang='lat' dir='ltr'>suum</span> <span class='ocrx_word' id='word_1_389' title='bbox 1218 2479 1401 2551; x_wconf 86' lang='lat' dir='ltr'>unigenitum</span> <span class='ocrx_word' id='word_1_390' title='bbox 1413 2480 1505 2546; x_wconf 89' lang='lat' dir='ltr'>daret,</span> <span class='ocrx_word' id='word_1_391' title='bbox 1515 2485 1548 2535; x_wconf 88' lang='lat' dir='ltr'>ut</span> <span class='ocrx_word' id='word_1_392' title='bbox 1561 2479 1658 2536; x_wconf 86' lang='lat' dir='ltr'>omnis</span> <span class='ocrx_word' id='word_1_393' title='bbox 1668 2478 1718 2552; x_wconf 89' lang='lat' dir='ltr'>qui</span> <span class='ocrx_word' id='word_1_394' title='bbox 1733 2478 1826 2535; x_wconf 88' lang='lat' dir='ltr'>eredit</span> 
     </span>
     <span class='ocr_line' id='line_1_26' title="bbox 110 2565 1825 2640; baseline -0.001 -16"><span class='ocrx_word' id='word_1_395' title='bbox 110 2568 286 2625; x_wconf 82' lang='lat' dir='ltr'>ascenderet</span> <span class='ocrx_word' id='word_1_396' title='bbox 296 2573 324 2624; x_wconf 92' lang='lat' dir='ltr'>et</span> <span class='ocrx_word' id='word_1_397' title='bbox 339 2568 452 2623; x_wconf 88' lang='lat' dir='ltr'>sederet</span> <span class='ocrx_word' id='word_1_398' title='bbox 464 2584 574 2623; x_wconf 88' lang='lat' dir='ltr'>seeum.</span> <span class='ocrx_word' id='word_1_399' title='bbox 588 2568 681 2624; x_wconf 90' lang='lat' dir='ltr'>Locus</span> <span class='ocrx_word' id='word_1_400' title='bbox 697 2571 796 2622; x_wconf 88' lang='lat' dir='ltr'>autem</span> <span class='ocrx_word' id='word_1_401' title='bbox 813 2565 944 2638; x_wconf 85' lang='lat' dir='ltr'>Scripta·</span> <span class='ocrx_word' id='word_1_402' title='bbox 999 2566 1028 2622; x_wconf 94' lang='lat' dir='ltr'>in</span> <span class='ocrx_word' id='word_1_403' title='bbox 1040 2584 1119 2636; x_wconf 88' lang='lat' dir='ltr'>eum,</span> <span class='ocrx_word' id='word_1_404' title='bbox 1131 2585 1189 2624; x_wconf 92' lang='lat' dir='ltr'>non</span> <span class='ocrx_word' id='word_1_405' title='bbox 1200 2572 1310 2640; x_wconf 87' lang='lat' dir='ltr'>pereat,</span> <span class='ocrx_word' id='word_1_406' title='bbox 1323 2569 1373 2624; x_wconf 90' lang='lat' dir='ltr'>sed</span> <span class='ocrx_word' id='word_1_407' title='bbox 1386 2568 1492 2625; x_wconf 90' lang='lat' dir='ltr'>habeat</span> <span class='ocrx_word' id='word_1_408' title='bbox 1503 2568 1591 2626; x_wconf 77' lang='lat' dir='ltr'>vitam</span> <span class='ocrx_word' id='word_1_409' title='bbox 1603 2573 1752 2625; x_wconf 81' lang='lat' dir='ltr'>eternam.</span> <span class='ocrx_word' id='word_1_410' title='bbox 1761 2567 1825 2623; x_wconf 90' lang='lat' dir='ltr'>Nou</span> 
     </span>
     <span class='ocr_line' id='line_1_27' title="bbox 109 2654 1827 2729; baseline -0.001 -16"><span class='ocrx_word' id='word_1_411' title='bbox 109 2673 261 2729; x_wconf 76' lang='lat' dir='ltr'>rae,quam</span> <span class='ocrx_word' id='word_1_412' title='bbox 276 2655 400 2729; x_wconf 88' lang='lat' dir='ltr'>legebat,</span> <span class='ocrx_word' id='word_1_413' title='bbox 413 2660 475 2712; x_wconf 86' lang='lat' dir='ltr'>erat</span> <span class='ocrx_word' id='word_1_414' title='bbox 489 2655 554 2712; x_wconf 88' lang='lat' dir='ltr'>hio:</span> <span class='ocrx_word' id='word_1_415' title='bbox 572 2657 725 2728; x_wconf 82' lang='lat' dir='ltr'>Tanquam</span> <span class='ocrx_word' id='word_1_416' title='bbox 740 2654 800 2709; x_wconf 82' lang='lat' dir='ltr'>ovis</span> <span class='ocrx_word' id='word_1_417' title='bbox 816 2655 852 2710; x_wconf 91' lang='lat' dir='ltr'>ad</span> <span class='ocrx_word' id='word_1_418' title='bbox 869 2654 943 2710; x_wconf 90' lang='lat' dir='ltr'>ocei·</span> <span class='ocrx_word' id='word_1_419' title='bbox 999 2655 1077 2711; x_wconf 90' lang='lat' dir='ltr'>enim</span> <span class='ocrx_word' id='word_1_420' title='bbox 1089 2656 1171 2712; x_wconf 90' lang='lat' dir='ltr'>misit</span> <span class='ocrx_word' id='word_1_421' title='bbox 1182 2660 1257 2713; x_wconf 87' lang='lat' dir='ltr'>Deus</span> <span class='ocrx_word' id='word_1_422' title='bbox 1269 2656 1374 2713; x_wconf 83' lang='lat' dir='ltr'>Filium</span> <span class='ocrx_word' id='word_1_423' title='bbox 1384 2674 1471 2712; x_wconf 90' lang='lat' dir='ltr'>suum</span> <span class='ocrx_word' id='word_1_424' title='bbox 1483 2655 1827 2729; x_wconf 87' lang='lat' dir='ltr'>inmundumutjudicet</span> 
     </span>
     <span class='ocr_line' id='line_1_28' title="bbox 109 2743 1825 2820; baseline -0.001 -18"><span class='ocrx_word' id='word_1_425' title='bbox 109 2746 228 2803; x_wconf 85' lang='lat' dir='ltr'>sionem</span> <span class='ocrx_word' id='word_1_426' title='bbox 244 2746 350 2801; x_wconf 86' lang='lat' dir='ltr'>duetus</span> <span class='ocrx_word' id='word_1_427' title='bbox 365 2749 420 2811; x_wconf 90' lang='lat' dir='ltr'>est,</span> <span class='ocrx_word' id='word_1_428' title='bbox 431 2749 460 2801; x_wconf 87' lang='lat' dir='ltr'>et</span> <span class='ocrx_word' id='word_1_429' title='bbox 480 2745 557 2801; x_wconf 90' lang='lat' dir='ltr'>sicut</span> <span class='ocrx_word' id='word_1_430' title='bbox 572 2762 665 2818; x_wconf 79' lang='lat' dir='ltr'>agnus</span> <span class='ocrx_word' id='word_1_431' title='bbox 681 2760 779 2800; x_wconf 87' lang='lat' dir='ltr'>coram</span> <span class='ocrx_word' id='word_1_432' title='bbox 806 2743 945 2799; x_wconf 86' lang='lat' dir='ltr'>tondente</span> <span class='ocrx_word' id='word_1_433' title='bbox 1000 2746 1156 2816; x_wconf 91' lang='lat' dir='ltr'>mundum,</span> <span class='ocrx_word' id='word_1_434' title='bbox 1168 2746 1218 2801; x_wconf 90' lang='lat' dir='ltr'>sed</span> <span class='ocrx_word' id='word_1_435' title='bbox 1236 2750 1267 2801; x_wconf 92' lang='lat' dir='ltr'>ut</span> <span class='ocrx_word' id='word_1_436' title='bbox 1281 2746 1411 2802; x_wconf 88' lang='lat' dir='ltr'>salvetur</span> <span class='ocrx_word' id='word_1_437' title='bbox 1435 2747 1564 2803; x_wconf 86' lang='lat' dir='ltr'>mundus</span> <span class='ocrx_word' id='word_1_438' title='bbox 1580 2746 1753 2820; x_wconf 88' lang='lat' dir='ltr'>peripsum.</span> <span class='ocrx_word' id='word_1_439' title='bbox 1770 2744 1825 2812; x_wconf 87' lang='lat' dir='ltr'>Qui</span> 
     </span>
     <span class='ocr_line' id='line_1_29' title="bbox 109 2832 1823 2908; baseline -0.001 -15"><span class='ocrx_word' id='word_1_440' title='bbox 109 2852 144 2893; x_wconf 84' lang='lat' dir='ltr'>se</span> <span class='ocrx_word' id='word_1_441' title='bbox 156 2834 221 2890; x_wconf 86' lang='lat' dir='ltr'>siue</span> <span class='ocrx_word' id='word_1_442' title='bbox 232 2851 311 2901; x_wconf 85' lang='lat' dir='ltr'>vore,</span> <span class='ocrx_word' id='word_1_443' title='bbox 323 2833 365 2890; x_wconf 89' lang='lat' dir='ltr'>sio</span> <span class='ocrx_word' id='word_1_444' title='bbox 376 2851 433 2890; x_wconf 93' lang='lat' dir='ltr'>non</span> <span class='ocrx_word' id='word_1_445' title='bbox 445 2835 560 2907; x_wconf 88' lang='lat' dir='ltr'>aperuit</span> <span class='ocrx_word' id='word_1_446' title='bbox 571 2851 603 2889; x_wconf 91' lang='lat' dir='ltr'>os</span> <span class='ocrx_word' id='word_1_447' title='bbox 619 2850 718 2889; x_wconf 91' lang='lat' dir='ltr'>suum.</span> <span class='ocrx_word' id='word_1_448' title='bbox 732 2833 761 2888; x_wconf 94' lang='lat' dir='ltr'>ln</span> <span class='ocrx_word' id='word_1_449' title='bbox 774 2832 944 2888; x_wconf 87' lang='lat' dir='ltr'>hnmilitate</span> <span class='ocrx_word' id='word_1_450' title='bbox 999 2835 1091 2890; x_wconf 90' lang='lat' dir='ltr'>credit</span> <span class='ocrx_word' id='word_1_451' title='bbox 1107 2834 1136 2889; x_wconf 89' lang='lat' dir='ltr'>in</span> <span class='ocrx_word' id='word_1_452' title='bbox 1153 2852 1231 2903; x_wconf 90' lang='lat' dir='ltr'>eum,</span> <span class='ocrx_word' id='word_1_453' title='bbox 1243 2853 1299 2891; x_wconf 87' lang='lat' dir='ltr'>nen</span> <span class='ocrx_word' id='word_1_454' title='bbox 1320 2835 1488 2908; x_wconf 86' lang='lat' dir='ltr'>judicatur;</span> <span class='ocrx_word' id='word_1_455' title='bbox 1504 2836 1554 2907; x_wconf 93' lang='lat' dir='ltr'>qui</span> <span class='ocrx_word' id='word_1_456' title='bbox 1574 2840 1673 2892; x_wconf 87' lang='lat' dir='ltr'>autem</span> <span class='ocrx_word' id='word_1_457' title='bbox 1688 2852 1746 2891; x_wconf 89' lang='lat' dir='ltr'>non</span> <span class='ocrx_word' id='word_1_458' title='bbox 1761 2850 1823 2891; x_wconf 72' lang='lat' dir='ltr'>ora·</span> 
     </span>
     <span class='ocr_line' id='line_1_30' title="bbox 106 2918 1824 2997; baseline -0.001 -16"><span class='ocrx_word' id='word_1_459' title='bbox 106 2923 257 2996; x_wconf 87' lang='lat' dir='ltr'>judicium</span> <span class='ocrx_word' id='word_1_460' title='bbox 269 2924 333 2995; x_wconf 88' lang='lat' dir='ltr'>ejus</span> <span class='ocrx_word' id='word_1_461' title='bbox 344 2921 494 2979; x_wconf 88' lang='lat' dir='ltr'>sublatum</span> <span class='ocrx_word' id='word_1_462' title='bbox 505 2918 559 2980; x_wconf 88' lang='lat' dir='ltr'>est.</span> <span class='ocrx_word' id='word_1_463' title='bbox 569 2922 791 2978; x_wconf 87' lang='lat' dir='ltr'>Generatiouem</span> <span class='ocrx_word' id='word_1_464' title='bbox 801 2923 864 2994; x_wconf 87' lang='lat' dir='ltr'>ejus</span> <span class='ocrx_word' id='word_1_465' title='bbox 878 2921 945 2993; x_wconf 88' lang='lat' dir='ltr'>quis</span> <span class='ocrx_word' id='word_1_466' title='bbox 999 2923 1051 2989; x_wconf 92' lang='lat' dir='ltr'>dit,</span> <span class='ocrx_word' id='word_1_467' title='bbox 1059 2924 1122 2995; x_wconf 86' lang='lat' dir='ltr'>jam</span> <span class='ocrx_word' id='word_1_468' title='bbox 1132 2924 1284 2995; x_wconf 88' lang='lat' dir='ltr'>judicatus</span> <span class='ocrx_word' id='word_1_469' title='bbox 1295 2927 1349 2992; x_wconf 90' lang='lat' dir='ltr'>est,</span> <span class='ocrx_word' id='word_1_470' title='bbox 1362 2925 1432 2997; x_wconf 89' lang='lat' dir='ltr'>quia</span> <span class='ocrx_word' id='word_1_471' title='bbox 1447 2940 1506 2980; x_wconf 92' lang='lat' dir='ltr'>non</span> <span class='ocrx_word' id='word_1_472' title='bbox 1522 2925 1645 2982; x_wconf 88' lang='lat' dir='ltr'>eredidit</span> <span class='ocrx_word' id='word_1_473' title='bbox 1660 2925 1690 2979; x_wconf 90' lang='lat' dir='ltr'>in</span> <span class='ocrx_word' id='word_1_474' title='bbox 1706 2923 1824 2980; x_wconf 90' lang='lat' dir='ltr'>nomine</span> 
     </span>
     <span class='ocr_line' id='line_1_31' title="bbox 110 3001 1863 3086; baseline -0.001 -17"><span class='ocrx_word' id='word_1_475' title='bbox 110 3011 287 3069; x_wconf 73' lang='lat' dir='ltr'>enarrabit?</span> <span class='ocrx_word' id='word_1_476' title='bbox 301 3013 440 3084; x_wconf 88' lang='lat' dir='ltr'>quoniam</span> <span class='ocrx_word' id='word_1_477' title='bbox 457 3001 574 3068; x_wconf 85' lang='lat' dir='ltr'>tolletur</span> <span class='ocrx_word' id='word_1_478' title='bbox 588 3012 623 3066; x_wconf 87' lang='lat' dir='ltr'>de</span> <span class='ocrx_word' id='word_1_479' title='bbox 638 3016 716 3066; x_wconf 87' lang='lat' dir='ltr'>terra</span> <span class='ocrx_word' id='word_1_480' title='bbox 730 3010 788 3066; x_wconf 90' lang='lat' dir='ltr'>vita</span> <span class='ocrx_word' id='word_1_481' title='bbox 803 3012 877 3083; x_wconf 89' lang='lat' dir='ltr'>ejus.</span> <span class='ocrx_word' id='word_1_482' title='bbox 890 3011 944 3066; x_wconf 84' lang='lat' dir='ltr'>lle·</span> <span class='ocrx_word' id='word_1_483' title='bbox 998 3011 1142 3086; x_wconf 89' lang='lat' dir='ltr'>unigeniti</span> <span class='ocrx_word' id='word_1_484' title='bbox 1159 3012 1222 3068; x_wconf 81' lang='lat' dir='ltr'>Filii</span> <span class='ocrx_word' id='word_1_485' title='bbox 1239 3012 1300 3069; x_wconf 89' lang='lat' dir='ltr'>Dei.</span> <span class='ocrx_word' id='word_1_486' title='bbox 1317 3013 1375 3070; x_wconf 89' lang='lat' dir='ltr'>Hoc</span> <span class='ocrx_word' id='word_1_487' title='bbox 1397 3019 1441 3069; x_wconf 88' lang='lat' dir='ltr'>est</span> <span class='ocrx_word' id='word_1_488' title='bbox 1467 3019 1564 3070; x_wconf 88' lang='lat' dir='ltr'>autem</span> <span class='ocrx_word' id='word_1_489' title='bbox 1586 3013 1742 3085; x_wconf 87' lang='lat' dir='ltr'>judicium,</span> <span class='ocrx_word' id='word_1_490' title='bbox 1754 3012 1825 3086; x_wconf 83' lang='lat' dir='ltr'>quia</span> <span class='ocrx_word' id='word_1_491' title='bbox 1862 3065 1863 3068; x_wconf 74' lang='grc'>,</span> 
     </span>
     <span class='ocr_line' id='line_1_32' title="bbox 109 3098 1824 3175; baseline 0.001 -19"><span class='ocrx_word' id='word_1_492' title='bbox 109 3100 263 3174; x_wconf 87' lang='lat' dir='ltr'>spondens</span> <span class='ocrx_word' id='word_1_493' title='bbox 280 3105 377 3157; x_wconf 91' lang='lat' dir='ltr'>autem</span> <span class='ocrx_word' id='word_1_494' title='bbox 391 3100 546 3157; x_wconf 90' lang='lat' dir='ltr'>eunuchus</span> <span class='ocrx_word' id='word_1_495' title='bbox 558 3098 702 3172; x_wconf 88' lang='lat' dir='ltr'>Philippo,</span> <span class='ocrx_word' id='word_1_496' title='bbox 716 3099 806 3155; x_wconf 84' lang='lat' dir='ltr'>dixit:</span> <span class='ocrx_word' id='word_1_497' title='bbox 819 3099 944 3155; x_wconf 88' lang='lat' dir='ltr'>Obsecro</span> <span class='ocrx_word' id='word_1_498' title='bbox 998 3099 1048 3156; x_wconf 86' lang='lat' dir='ltr'>lux</span> <span class='ocrx_word' id='word_1_499' title='bbox 1063 3100 1140 3156; x_wconf 91' lang='lat' dir='ltr'>venit</span> <span class='ocrx_word' id='word_1_500' title='bbox 1155 3100 1184 3155; x_wconf 93' lang='lat' dir='ltr'>in</span> <span class='ocrx_word' id='word_1_501' title='bbox 1198 3102 1355 3170; x_wconf 92' lang='lat' dir='ltr'>mundum,</span> <span class='ocrx_word' id='word_1_502' title='bbox 1367 3106 1394 3158; x_wconf 91' lang='lat' dir='ltr'>et</span> <span class='ocrx_word' id='word_1_503' title='bbox 1408 3101 1571 3158; x_wconf 88' lang='lat' dir='ltr'>dilexerunt</span> <span class='ocrx_word' id='word_1_504' title='bbox 1585 3100 1824 3175; x_wconf 82' lang='lat' dir='ltr'>hominesmagis</span> 
     </span>
     <span class='ocr_line' id='line_1_33' title="bbox 106 3171 1825 3263; baseline 0 -16"><span class='ocrx_word' id='word_1_505' title='bbox 106 3190 200 3258; x_wconf 86' lang='lat' dir='ltr'>te,de</span> <span class='ocrx_word' id='word_1_506' title='bbox 216 3205 274 3263; x_wconf 91' lang='lat' dir='ltr'>quo</span> <span class='ocrx_word' id='word_1_507' title='bbox 300 3189 443 3263; x_wconf 89' lang='lat' dir='ltr'>propheta</span> <span class='ocrx_word' id='word_1_508' title='bbox 467 3190 538 3244; x_wconf 84' lang='lat' dir='ltr'>dicit</span> <span class='ocrx_word' id='word_1_509' title='bbox 562 3189 635 3245; x_wconf 77' lang='lat' dir='ltr'>hoc?</span> <span class='ocrx_word' id='word_1_510' title='bbox 655 3189 690 3244; x_wconf 88' lang='lat' dir='ltr'>de</span> <span class='ocrx_word' id='word_1_511' title='bbox 706 3205 747 3254; x_wconf 88' lang='lat' dir='ltr'>se,</span> <span class='ocrx_word' id='word_1_512' title='bbox 764 3205 801 3244; x_wconf 90' lang='lat' dir='ltr'>un</span> <span class='ocrx_word' id='word_1_513' title='bbox 825 3188 860 3245; x_wconf 91' lang='lat' dir='ltr'>de</span> <span class='ocrx_word' id='word_1_514' title='bbox 887 3187 943 3244; x_wconf 86' lang='lat' dir='ltr'>alio</span> <span class='ocrx_word' id='word_1_515' title='bbox 959 3171 980 3238; x_wconf 75' lang='lat' dir='ltr'>C</span> <span class='ocrx_word' id='word_1_516' title='bbox 999 3190 1146 3259; x_wconf 87' lang='lat' dir='ltr'>tenebras,</span> <span class='ocrx_word' id='word_1_517' title='bbox 1168 3207 1257 3263; x_wconf 89' lang='lat' dir='ltr'>quam</span> <span class='ocrx_word' id='word_1_518' title='bbox 1282 3190 1389 3247; x_wconf 90' lang='lat' dir='ltr'>lucem.</span> <span class='ocrx_word' id='word_1_519' title='bbox 1405 3191 1495 3247; x_wconf 78' lang='lat' dir='ltr'>urant</span> <span class='ocrx_word' id='word_1_520' title='bbox 1518 3191 1597 3248; x_wconf 90' lang='lat' dir='ltr'>enim</span> <span class='ocrx_word' id='word_1_521' title='bbox 1620 3208 1721 3248; x_wconf 89' lang='lat' dir='ltr'>eorum</span> <span class='ocrx_word' id='word_1_522' title='bbox 1746 3188 1825 3247; x_wconf 85' lang='lat' dir='ltr'>mala</span> 
     </span>
     <span class='ocr_line' id='line_1_34' title="bbox 107 3277 1824 3353; baseline -0.002 -17"><span class='ocrx_word' id='word_1_523' title='bbox 107 3277 235 3351; x_wconf 77' lang='lat' dir='ltr'>aliquo?</span> <span class='ocrx_word' id='word_1_524' title='bbox 249 3277 390 3351; x_wconf 78' lang='lat' dir='ltr'>Aperiens</span> <span class='ocrx_word' id='word_1_525' title='bbox 404 3283 501 3335; x_wconf 87' lang='lat' dir='ltr'>autem</span> <span class='ocrx_word' id='word_1_526' title='bbox 516 3277 669 3351; x_wconf 88' lang='lat' dir='ltr'>Philippus</span> <span class='ocrx_word' id='word_1_527' title='bbox 679 3295 712 3334; x_wconf 88' lang='lat' dir='ltr'>os</span> <span class='ocrx_word' id='word_1_528' title='bbox 723 3294 824 3345; x_wconf 89' lang='lat' dir='ltr'>suum,</span> <span class='ocrx_word' id='word_1_529' title='bbox 836 3281 862 3333; x_wconf 91' lang='lat' dir='ltr'>et</span> <span class='ocrx_word' id='word_1_530' title='bbox 877 3277 948 3333; x_wconf 86' lang='lat' dir='ltr'>inei·</span> <span class='ocrx_word' id='word_1_531' title='bbox 1001 3296 1098 3352; x_wconf 88' lang='lat' dir='ltr'>opera.</span> <span class='ocrx_word' id='word_1_532' title='bbox 1111 3279 1213 3336; x_wconf 87' lang='lat' dir='ltr'>Omnis</span> <span class='ocrx_word' id='word_1_533' title='bbox 1228 3281 1306 3337; x_wconf 88' lang='lat' dir='ltr'>enim</span> <span class='ocrx_word' id='word_1_534' title='bbox 1320 3280 1369 3353; x_wconf 87' lang='lat' dir='ltr'>qui</span> <span class='ocrx_word' id='word_1_535' title='bbox 1384 3278 1461 3336; x_wconf 89' lang='lat' dir='ltr'>male</span> <span class='ocrx_word' id='word_1_536' title='bbox 1471 3279 1531 3353; x_wconf 90' lang='lat' dir='ltr'>agit</span> <span class='ocrx_word' id='word_1_537' title='bbox 1541 3279 1603 3335; x_wconf 92' lang='lat' dir='ltr'>odit</span> <span class='ocrx_word' id='word_1_538' title='bbox 1615 3279 1756 3344; x_wconf 89' lang='lat' dir='ltr'>lueem,et</span> <span class='ocrx_word' id='word_1_539' title='bbox 1766 3295 1824 3335; x_wconf 90' lang='lat' dir='ltr'>nou</span> 
     </span>
     <span class='ocr_line' id='line_1_35' title="bbox 109 3365 1825 3443; baseline -0.002 -19"><span class='ocrx_word' id='word_1_540' title='bbox 109 3368 200 3443; x_wconf 86' lang='lat' dir='ltr'>piens</span> <span class='ocrx_word' id='word_1_541' title='bbox 217 3385 233 3424; x_wconf 90' lang='lat' dir='ltr'>a</span> <span class='ocrx_word' id='word_1_542' title='bbox 249 3367 401 3440; x_wconf 86' lang='lat' dir='ltr'>Scriptura</span> <span class='ocrx_word' id='word_1_543' title='bbox 417 3367 485 3434; x_wconf 84' lang='lat' dir='ltr'>istu,</span> <span class='ocrx_word' id='word_1_544' title='bbox 501 3366 709 3440; x_wconf 83' lang='lat' dir='ltr'>evangelizavit</span> <span class='ocrx_word' id='word_1_545' title='bbox 723 3366 765 3422; x_wconf 89' lang='lat' dir='ltr'>illi</span> <span class='ocrx_word' id='word_1_546' title='bbox 782 3365 895 3423; x_wconf 82' lang='lat' dir='ltr'>lesum.</span> <span class='ocrx_word' id='word_1_547' title='bbox 912 3367 946 3422; x_wconf 82' lang='lat' dir='ltr'>Et</span> <span class='ocrx_word' id='word_1_548' title='bbox 1000 3368 1079 3424; x_wconf 88' lang='lat' dir='ltr'>venit</span> <span class='ocrx_word' id='word_1_549' title='bbox 1094 3369 1130 3423; x_wconf 91' lang='lat' dir='ltr'>ad</span> <span class='ocrx_word' id='word_1_550' title='bbox 1151 3367 1257 3437; x_wconf 88' lang='lat' dir='ltr'>lucem,</span> <span class='ocrx_word' id='word_1_551' title='bbox 1275 3374 1378 3425; x_wconf 90' lang='lat' dir='ltr'>utnon</span> <span class='ocrx_word' id='word_1_552' title='bbox 1394 3374 1556 3442; x_wconf 86' lang='lat' dir='ltr'>arguantur</span> <span class='ocrx_word' id='word_1_553' title='bbox 1570 3384 1658 3440; x_wconf 88' lang='lat' dir='ltr'>opera</span> <span class='ocrx_word' id='word_1_554' title='bbox 1681 3369 1754 3438; x_wconf 87' lang='lat' dir='ltr'>ejus.</span> <span class='ocrx_word' id='word_1_555' title='bbox 1770 3365 1825 3431; x_wconf 81' lang='lat' dir='ltr'>Qui</span> 
     </span>
     <span class='ocr_line' id='line_1_36' title="bbox 110 3455 1825 3528; baseline -0.002 -14"><span class='ocrx_word' id='word_1_556' title='bbox 110 3458 185 3514; x_wconf 88' lang='lat' dir='ltr'>dum</span> <span class='ocrx_word' id='word_1_557' title='bbox 203 3456 278 3512; x_wconf 88' lang='lat' dir='ltr'>irent</span> <span class='ocrx_word' id='word_1_558' title='bbox 293 3473 346 3528; x_wconf 87' lang='lat' dir='ltr'>per</span> <span class='ocrx_word' id='word_1_559' title='bbox 355 3456 443 3523; x_wconf 88' lang='lat' dir='ltr'>viam,</span> <span class='ocrx_word' id='word_1_560' title='bbox 454 3460 598 3513; x_wconf 88' lang='lat' dir='ltr'>venerunt</span> <span class='ocrx_word' id='word_1_561' title='bbox 609 3456 642 3511; x_wconf 86' lang='lat' dir='ltr'>ud</span> <span class='ocrx_word' id='word_1_562' title='bbox 656 3455 814 3528; x_wconf 87' lang='lat' dir='ltr'>quamdam</span> <span class='ocrx_word' id='word_1_563' title='bbox 827 3472 945 3528; x_wconf 88' lang='lat' dir='ltr'>aquarn,</span> <span class='ocrx_word' id='word_1_564' title='bbox 1001 3463 1098 3513; x_wconf 88' lang='lat' dir='ltr'>autem</span> <span class='ocrx_word' id='word_1_565' title='bbox 1116 3457 1183 3513; x_wconf 88' lang='lat' dir='ltr'>lacit</span> <span class='ocrx_word' id='word_1_566' title='bbox 1198 3457 1360 3528; x_wconf 87' lang='lat' dir='ltr'>veritatem,</span> <span class='ocrx_word' id='word_1_567' title='bbox 1378 3458 1454 3513; x_wconf 88' lang='lat' dir='ltr'>venit</span> <span class='ocrx_word' id='word_1_568' title='bbox 1473 3457 1509 3512; x_wconf 90' lang='lat' dir='ltr'>ad</span> <span class='ocrx_word' id='word_1_569' title='bbox 1531 3456 1637 3521; x_wconf 87' lang='lat' dir='ltr'>lucem,</span> <span class='ocrx_word' id='word_1_570' title='bbox 1654 3459 1687 3512; x_wconf 90' lang='lat' dir='ltr'>ut</span> <span class='ocrx_word' id='word_1_571' title='bbox 1701 3455 1825 3511; x_wconf 87' lang='lat' dir='ltr'>manile-</span> 
     </span>
     <span class='ocr_line' id='line_1_37' title="bbox 113 3544 1700 3618; baseline -0.003 -16"><span class='ocrx_word' id='word_1_572' title='bbox 113 3551 145 3602; x_wconf 87' lang='lat' dir='ltr'>et</span> <span class='ocrx_word' id='word_1_573' title='bbox 174 3545 217 3601; x_wconf 89' lang='lat' dir='ltr'>ait</span> <span class='ocrx_word' id='word_1_574' title='bbox 246 3544 423 3602; x_wconf 87' lang='lat' dir='ltr'>eunuchus:</span> <span class='ocrx_word' id='word_1_575' title='bbox 441 3546 513 3601; x_wconf 81' lang='lat' dir='ltr'>Eece</span> <span class='ocrx_word' id='word_1_576' title='bbox 539 3562 624 3618; x_wconf 91' lang='lat' dir='ltr'>aqua,</span> <span class='ocrx_word' id='word_1_577' title='bbox 642 3545 712 3617; x_wconf 92' lang='lat' dir='ltr'>quid</span> <span class='ocrx_word' id='word_1_578' title='bbox 742 3544 876 3617; x_wconf 87' lang='lat' dir='ltr'>prohibet</span> <span class='ocrx_word' id='word_1_579' title='bbox 900 3560 946 3600; x_wconf 91' lang='lat' dir='ltr'>me</span> <span class='ocrx_word' id='word_1_580' title='bbox 1000 3549 1116 3601; x_wconf 90' lang='lat' dir='ltr'>stentur</span> <span class='ocrx_word' id='word_1_581' title='bbox 1131 3560 1219 3617; x_wconf 91' lang='lat' dir='ltr'>opera</span> <span class='ocrx_word' id='word_1_582' title='bbox 1232 3546 1307 3617; x_wconf 85' lang='lat' dir='ltr'>ejus,</span> <span class='ocrx_word' id='word_1_583' title='bbox 1325 3545 1394 3617; x_wconf 89' lang='lat' dir='ltr'>quia</span> <span class='ocrx_word' id='word_1_584' title='bbox 1410 3545 1439 3601; x_wconf 93' lang='lat' dir='ltr'>in</span> <span class='ocrx_word' id='word_1_585' title='bbox 1455 3544 1513 3600; x_wconf 90' lang='lat' dir='ltr'>Deo</span> <span class='ocrx_word' id='word_1_586' title='bbox 1528 3548 1599 3601; x_wconf 89' lang='lat' dir='ltr'>sunt</span> <span class='ocrx_word' id='word_1_587' title='bbox 1614 3544 1700 3600; x_wconf 85' lang='lat' dir='ltr'>tacta.</span> 
     </span>
     <span class='ocr_line' id='line_1_38' title="bbox 111 3633 1824 3708; baseline -0.001 -17"><span class='ocrx_word' id='word_1_588' title='bbox 111 3633 277 3708; x_wconf 78' lang='lat' dir='ltr'>baptizarit</span> <span class='ocrx_word' id='word_1_589' title='bbox 292 3634 363 3690; x_wconf 88' lang='lat' dir='ltr'>dixit</span> <span class='ocrx_word' id='word_1_590' title='bbox 379 3639 476 3691; x_wconf 90' lang='lat' dir='ltr'>autem</span> <span class='ocrx_word' id='word_1_591' title='bbox 502 3633 655 3707; x_wconf 89' lang='lat' dir='ltr'>Philippus</span> <span class='ocrx_word' id='word_1_592' title='bbox 668 3651 674 3689; x_wconf 94' lang='lat'><strong>:</strong></span> <span class='ocrx_word' id='word_1_593' title='bbox 687 3634 715 3689; x_wconf 87' lang='lat' dir='ltr'>Si</span> <span class='ocrx_word' id='word_1_594' title='bbox 728 3633 822 3689; x_wconf 90' lang='lat' dir='ltr'>credis</span> <span class='ocrx_word' id='word_1_595' title='bbox 836 3650 870 3688; x_wconf 85' lang='lat' dir='ltr'>ex</span> <span class='ocrx_word' id='word_1_596' title='bbox 885 3637 946 3689; x_wconf 92' lang='lat' dir='ltr'>toto</span> <span class='ocrx_word' id='word_1_597' title='bbox 1034 3633 1130 3690; x_wconf 81' lang='lat' dir='ltr'>Postea</span> <span class='ocrx_word' id='word_1_598' title='bbox 1144 3633 1213 3690; x_wconf 81' lang='lat' dir='ltr'>dicit</span> <span class='ocrx_word' id='word_1_599' title='bbox 1234 3636 1383 3691; x_wconf 81' lang='lat' dir='ltr'>orationem</span> <span class='ocrx_word' id='word_1_600' title='bbox 1395 3650 1446 3707; x_wconf 80' lang='lat' dir='ltr'>pro</span> <span class='ocrx_word' id='word_1_601' title='bbox 1461 3635 1590 3705; x_wconf 72' lang='lat' dir='ltr'>infirmis,</span> <span class='ocrx_word' id='word_1_602' title='bbox 1604 3648 1668 3706; x_wconf 81' lang='lat' dir='ltr'>qaae</span> <span class='ocrx_word' id='word_1_603' title='bbox 1690 3634 1824 3705; x_wconf 75' lang='lat' dir='ltr'>sequitur,</span> 
     </span>
     <span class='ocr_line' id='line_1_39' title="bbox 110 3714 1759 3796; baseline -0.002 -16"><span class='ocrx_word' id='word_1_604' title='bbox 110 3725 213 3790; x_wconf 88' lang='lat' dir='ltr'>eorde,</span> <span class='ocrx_word' id='word_1_605' title='bbox 227 3722 304 3780; x_wconf 85' lang='lat' dir='ltr'>lieet.</span> <span class='ocrx_word' id='word_1_606' title='bbox 317 3725 351 3779; x_wconf 86' lang='lat' dir='ltr'>Et</span> <span class='ocrx_word' id='word_1_607' title='bbox 375 3724 567 3796; x_wconf 86' lang='lat' dir='ltr'>respondens,</span> <span class='ocrx_word' id='word_1_608' title='bbox 580 3723 620 3779; x_wconf 91' lang='lat' dir='ltr'>ait</span> <span class='ocrx_word' id='word_1_609' title='bbox 636 3739 642 3778; x_wconf 76' lang='grc' dir='ltr'>ε</span> <span class='ocrx_word' id='word_1_610' title='bbox 659 3722 750 3777; x_wconf 86' lang='lat' dir='ltr'>Credo</span> <span class='ocrx_word' id='word_1_611' title='bbox 775 3720 879 3778; x_wconf 78' lang='lat' dir='ltr'>uitium</span> <span class='ocrx_word' id='word_1_612' title='bbox 895 3721 945 3777; x_wconf 91' lang='lat' dir='ltr'>Dei</span> <span class='ocrx_word' id='word_1_613' title='bbox 997 3723 1129 3796; x_wconf 79' lang='lat' dir='ltr'>paparium</span> <span class='ocrx_word' id='word_1_614' title='bbox 1141 3723 1221 3794; x_wconf 82' lang='lat' dir='ltr'>prius</span> <span class='ocrx_word' id='word_1_615' title='bbox 1235 3723 1382 3778; x_wconf 78' lang='lat' dir='ltr'>eatrortees</span> <span class='ocrx_word' id='word_1_616' title='bbox 1398 3721 1433 3777; x_wconf 87' lang='lat' dir='ltr'>ad</span> <span class='ocrx_word' id='word_1_617' title='bbox 1446 3721 1581 3778; x_wconf 80' lang='lat' dir='ltr'>orandam</span> <span class='ocrx_word' id='word_1_618' title='bbox 1595 3723 1644 3778; x_wconf 85' lang='lat' dir='ltr'>tae</span> <span class='ocrx_word' id='word_1_619' title='bbox 1657 3714 1759 3777; x_wconf 88' lang='lat' dir='ltr'>moda:</span> 
     </span>
     <span class='ocr_line' id='line_1_40' title="bbox 111 3809 1824 3885; baseline -0.004 -14"><span class='ocrx_word' id='word_1_620' title='bbox 111 3831 180 3871; x_wconf 86' lang='lat' dir='ltr'>esse</span> <span class='ocrx_word' id='word_1_621' title='bbox 204 3814 307 3870; x_wconf 85' lang='lat' dir='ltr'>Jesum</span> <span class='ocrx_word' id='word_1_622' title='bbox 324 3813 483 3870; x_wconf 75' lang='lat' dir='ltr'>Christum.</span> <span class='ocrx_word' id='word_1_623' title='bbox 500 3812 534 3869; x_wconf 78' lang='lat' dir='ltr'>ht</span> <span class='ocrx_word' id='word_1_624' title='bbox 556 3813 647 3884; x_wconf 89' lang='lat' dir='ltr'>jussit</span> <span class='ocrx_word' id='word_1_625' title='bbox 671 3815 747 3867; x_wconf 90' lang='lat' dir='ltr'>stare</span> <span class='ocrx_word' id='word_1_626' title='bbox 770 3827 900 3878; x_wconf 90' lang='lat' dir='ltr'>currum,</span> <span class='ocrx_word' id='word_1_627' title='bbox 917 3814 946 3866; x_wconf 93' lang='lat' dir='ltr'>et</span> <span class='ocrx_word' id='word_1_628' title='bbox 1036 3811 1184 3885; x_wconf 84' lang='lat' dir='ltr'>Rogemus</span> <span class='ocrx_word' id='word_1_629' title='bbox 1206 3810 1435 3883; x_wconf 89' lang='lat' dir='ltr'>omnipotentem</span> <span class='ocrx_word' id='word_1_630' title='bbox 1452 3811 1555 3878; x_wconf 88' lang='lat' dir='ltr'>Deum,</span> <span class='ocrx_word' id='word_1_631' title='bbox 1568 3810 1681 3866; x_wconf 89' lang='lat' dir='ltr'>Patrem</span> <span class='ocrx_word' id='word_1_632' title='bbox 1697 3809 1824 3876; x_wconf 88' lang='lat' dir='ltr'>Domini,</span> 
     </span>
     <span class='ocr_line' id='line_1_41' title="bbox 111 3897 1825 3976; baseline -0.004 -16"><span class='ocrx_word' id='word_1_633' title='bbox 111 3902 333 3960; x_wconf 88' lang='lat' dir='ltr'>descenderunt</span> <span class='ocrx_word' id='word_1_634' title='bbox 349 3910 472 3976; x_wconf 89' lang='lat' dir='ltr'>uterque</span> <span class='ocrx_word' id='word_1_635' title='bbox 488 3902 639 3975; x_wconf 90' lang='lat' dir='ltr'>inaquam</span> <span class='ocrx_word' id='word_1_636' title='bbox 655 3899 805 3972; x_wconf 92' lang='lat' dir='ltr'>Pnilippus</span> <span class='ocrx_word' id='word_1_637' title='bbox 816 3904 945 3956; x_wconf 88' lang='lat' dir='ltr'>eteuuu·</span> <span class='ocrx_word' id='word_1_638' title='bbox 1001 3899 1049 3957; x_wconf 85' lang='lat' dir='ltr'>Dei</span> <span class='ocrx_word' id='word_1_639' title='bbox 1064 3904 1093 3957; x_wconf 92' lang='lat' dir='ltr'>et</span> <span class='ocrx_word' id='word_1_640' title='bbox 1107 3899 1267 3956; x_wconf 86' lang='lat' dir='ltr'>Servatoris</span> <span class='ocrx_word' id='word_1_641' title='bbox 1289 3899 1380 3955; x_wconf 88' lang='lat' dir='ltr'>nostri</span> <span class='ocrx_word' id='word_1_642' title='bbox 1401 3900 1469 3956; x_wconf 82' lang='lat' dir='ltr'>lesu</span> <span class='ocrx_word' id='word_1_643' title='bbox 1492 3898 1598 3955; x_wconf 84' lang='lat' dir='ltr'>Christi</span> <span class='ocrx_word' id='word_1_644' title='bbox 1623 3915 1675 3972; x_wconf 89' lang='lat' dir='ltr'>pro</span> <span class='ocrx_word' id='word_1_645' title='bbox 1698 3897 1825 3954; x_wconf 79' lang='lat' dir='ltr'>infirmis</span> 
     </span>
     <span class='ocr_line' id='line_1_42' title="bbox 111 3988 1823 4067; baseline -0.003 -19"><span class='ocrx_word' id='word_1_646' title='bbox 111 3992 235 4059; x_wconf 88' lang='lat' dir='ltr'>chus,et</span> <span class='ocrx_word' id='word_1_647' title='bbox 249 3991 406 4067; x_wconf 82' lang='lat' dir='ltr'>baptizavit</span> <span class='ocrx_word' id='word_1_648' title='bbox 417 3995 576 4048; x_wconf 86' lang='lat' dir='ltr'>eumcum</span> <span class='ocrx_word' id='word_1_649' title='bbox 588 3993 685 4045; x_wconf 88' lang='lat' dir='ltr'>autem</span> <span class='ocrx_word' id='word_1_650' title='bbox 697 3988 945 4046; x_wconf 86' lang='lat' dir='ltr'>ascendissentde</span> <span class='ocrx_word' id='word_1_651' title='bbox 998 3989 1139 4046; x_wconf 84' lang='lat' dir='ltr'>iratribus</span> <span class='ocrx_word' id='word_1_652' title='bbox 1154 3989 1273 4057; x_wconf 89' lang='lat' dir='ltr'>nostris,</span> <span class='ocrx_word' id='word_1_653' title='bbox 1288 3993 1320 4045; x_wconf 91' lang='lat' dir='ltr'>ut</span> <span class='ocrx_word' id='word_1_654' title='bbox 1333 4005 1451 4046; x_wconf 88' lang='lat' dir='ltr'>omnem</span> <span class='ocrx_word' id='word_1_655' title='bbox 1465 3988 1648 4062; x_wconf 87' lang='lat' dir='ltr'>languorem,</span> <span class='ocrx_word' id='word_1_656' title='bbox 1663 3992 1692 4044; x_wconf 89' lang='lat' dir='ltr'>et</span> <span class='ocrx_word' id='word_1_657' title='bbox 1706 4003 1823 4044; x_wconf 88' lang='lat' dir='ltr'>omnem</span> 
     </span>
     <span class='ocr_line' id='line_1_43' title="bbox 109 4076 1824 4155; baseline -0.003 -18"><span class='ocrx_word' id='word_1_658' title='bbox 109 4080 337 4155; x_wconf 84' lang='lat' dir='ltr'>aqua,Spiritus</span> <span class='ocrx_word' id='word_1_659' title='bbox 348 4079 464 4137; x_wconf 91' lang='lat' dir='ltr'>Domini</span> <span class='ocrx_word' id='word_1_660' title='bbox 476 4079 575 4153; x_wconf 89' lang='lat' dir='ltr'>rapuit</span> <span class='ocrx_word' id='word_1_661' title='bbox 587 4077 764 4153; x_wconf 87' lang='lat' dir='ltr'>Philippum,</span> <span class='ocrx_word' id='word_1_662' title='bbox 776 4077 943 4150; x_wconf 87' lang='lat' dir='ltr'>etamplius</span> <span class='ocrx_word' id='word_1_663' title='bbox 998 4078 1185 4135; x_wconf 88' lang='lat' dir='ltr'>alilietiouem</span> <span class='ocrx_word' id='word_1_664' title='bbox 1202 4079 1237 4134; x_wconf 91' lang='lat' dir='ltr'>ab</span> <span class='ocrx_word' id='word_1_665' title='bbox 1254 4077 1296 4134; x_wconf 88' lang='lat' dir='ltr'>eis</span> <span class='ocrx_word' id='word_1_666' title='bbox 1311 4077 1447 4152; x_wconf 86' lang='lat' dir='ltr'>expellat,</span> <span class='ocrx_word' id='word_1_667' title='bbox 1463 4082 1492 4135; x_wconf 92' lang='lat' dir='ltr'>et</span> <span class='ocrx_word' id='word_1_668' title='bbox 1516 4077 1639 4151; x_wconf 83' lang='lat' dir='ltr'>expulso</span> <span class='ocrx_word' id='word_1_669' title='bbox 1652 4077 1763 4151; x_wconf 86' lang='lat' dir='ltr'>Spiritu</span> <span class='ocrx_word' id='word_1_670' title='bbox 1779 4076 1824 4132; x_wconf 90' lang='lat' dir='ltr'>in·</span> 
     </span>
     <span class='ocr_line' id='line_1_44' title="bbox 105 4165 1825 4240; baseline -0.001 -14"><span class='ocrx_word' id='word_1_671' title='bbox 105 4187 166 4227; x_wconf 91' lang='lat' dir='ltr'>non</span> <span class='ocrx_word' id='word_1_672' title='bbox 177 4169 254 4225; x_wconf 79' lang='lat' dir='ltr'>vidit</span> <span class='ocrx_word' id='word_1_673' title='bbox 265 4185 333 4223; x_wconf 90' lang='lat' dir='ltr'>eum</span> <span class='ocrx_word' id='word_1_674' title='bbox 346 4167 517 4237; x_wconf 88' lang='lat' dir='ltr'>eunuchus;</span> <span class='ocrx_word' id='word_1_675' title='bbox 531 4169 592 4224; x_wconf 90' lang='lat' dir='ltr'>ibat</span> <span class='ocrx_word' id='word_1_676' title='bbox 599 4171 697 4224; x_wconf 91' lang='lat' dir='ltr'>autem</span> <span class='ocrx_word' id='word_1_677' title='bbox 709 4183 760 4240; x_wconf 93' lang='lat' dir='ltr'>per</span> <span class='ocrx_word' id='word_1_678' title='bbox 770 4167 846 4222; x_wconf 90' lang='lat' dir='ltr'>viam</span> <span class='ocrx_word' id='word_1_679' title='bbox 858 4182 943 4222; x_wconf 88' lang='lat' dir='ltr'>suam</span> <span class='ocrx_word' id='word_1_680' title='bbox 998 4166 1147 4223; x_wconf 80' lang='lat' dir='ltr'>firmitatis</span> <span class='ocrx_word' id='word_1_681' title='bbox 1164 4166 1319 4222; x_wconf 88' lang='lat' dir='ltr'>sanitatem</span> <span class='ocrx_word' id='word_1_682' title='bbox 1336 4167 1379 4224; x_wconf 88' lang='lat' dir='ltr'>eis</span> <span class='ocrx_word' id='word_1_683' title='bbox 1393 4165 1456 4239; x_wconf 86' lang='lat' dir='ltr'>ipse</span> <span class='ocrx_word' id='word_1_684' title='bbox 1471 4167 1530 4236; x_wconf 87' lang='lat' dir='ltr'>det,</span> <span class='ocrx_word' id='word_1_685' title='bbox 1549 4167 1578 4222; x_wconf 93' lang='lat' dir='ltr'>in</span> <span class='ocrx_word' id='word_1_686' title='bbox 1595 4183 1654 4239; x_wconf 91' lang='lat' dir='ltr'>quo</span> <span class='ocrx_word' id='word_1_687' title='bbox 1669 4170 1715 4223; x_wconf 89' lang='lat' dir='ltr'>est</span> <span class='ocrx_word' id='word_1_688' title='bbox 1728 4166 1825 4224; x_wconf 82' lang='lat' dir='ltr'>ouruis</span> 
     </span>
     <span class='ocr_line' id='line_1_45' title="bbox 108 4256 1645 4334; baseline -0.003 -20"><span class='ocrx_word' id='word_1_689' title='bbox 108 4259 258 4334; x_wconf 85' lang='lat' dir='ltr'>gaudens.</span> <span class='ocrx_word' id='word_1_690' title='bbox 998 4256 1115 4313; x_wconf 82' lang='lat' dir='ltr'>medela</span> <span class='ocrx_word' id='word_1_691' title='bbox 1131 4259 1270 4328; x_wconf 88' lang='lat' dir='ltr'>potestas,</span> <span class='ocrx_word' id='word_1_692' title='bbox 1288 4257 1428 4312; x_wconf 88' lang='lat' dir='ltr'>Dominus</span> <span class='ocrx_word' id='word_1_693' title='bbox 1444 4256 1521 4313; x_wconf 88' lang='lat' dir='ltr'>Deus</span> <span class='ocrx_word' id='word_1_694' title='bbox 1537 4258 1645 4313; x_wconf 89' lang='lat' dir='ltr'>noster.</span> 
     </span>
    </p>

    <p class='ocr_par' dir='ltr' id='par_1_5' title="bbox 147 4343 1592 4418">
     <span class='ocr_line' id='line_1_46' title="bbox 147 4343 1592 4418; baseline -0.001 -15"><span class='ocrx_word' id='word_1_695' title='bbox 147 4348 216 4403; x_wconf 78' lang='lat' dir='ltr'>Tum</span> <span class='ocrx_word' id='word_1_696' title='bbox 230 4346 369 4412; x_wconf 84' lang='lat' dir='ltr'>sacerdes,</span> <span class='ocrx_word' id='word_1_697' title='bbox 385 4347 435 4418; x_wconf 85' lang='lat' dir='ltr'>qai</span> <span class='ocrx_word' id='word_1_698' title='bbox 449 4345 580 4418; x_wconf 74' lang='lat' dir='ltr'>baptizat,</span> <span class='ocrx_word' id='word_1_699' title='bbox 597 4343 688 4400; x_wconf 79' lang='lat' dir='ltr'>dicit:</span> <span class='ocrx_word' id='word_1_700' title='bbox 1032 4349 1167 4402; x_wconf 83' lang='lat' dir='ltr'>Dr&#39;uceeas</span> <span class='ocrx_word' id='word_1_701' title='bbox 1181 4345 1248 4400; x_wconf 85' lang='lat' dir='ltr'>dicit</span> <span class='ocrx_word' id='word_1_702' title='bbox 1262 4363 1271 4400; x_wconf 93' lang='grc'>.·</span> <span class='ocrx_word' id='word_1_703' title='bbox 1288 4345 1374 4400; x_wconf 87' lang='lat' dir='ltr'>Orate</span> <span class='ocrx_word' id='word_1_704' title='bbox 1390 4343 1592 4416; x_wconf 68' lang='lat' dir='ltr'>pro‘lnfirmis.</span> 
     </span>
    </p>

    <p class='ocr_par' dir='ltr' id='par_1_6' title="bbox 111 4430 1829 5035">
     <span class='ocr_line' id='line_1_47' title="bbox 147 4430 1826 4505; baseline -0.005 -13"><span class='ocrx_word' id='word_1_705' title='bbox 147 4436 288 4505; x_wconf 86' lang='lat' dir='ltr'>Sanetus,</span> <span class='ocrx_word' id='word_1_706' title='bbox 300 4440 431 4503; x_wconf 88' lang='lat' dir='ltr'>sauctus,</span> <span class='ocrx_word' id='word_1_707' title='bbox 442 4437 564 4490; x_wconf 88' lang='lat' dir='ltr'>sanetus</span> <span class='ocrx_word' id='word_1_708' title='bbox 574 4432 811 4499; x_wconf 88' lang='lat' dir='ltr'>Dominus,Deus</span> <span class='ocrx_word' id='word_1_709' title='bbox 822 4432 905 4489; x_wconf 86' lang='lat' dir='ltr'>tortis</span> <span class='ocrx_word' id='word_1_710' title='bbox 914 4436 944 4488; x_wconf 90' lang='lat' dir='ltr'>et</span> <span class='ocrx_word' id='word_1_711' title='bbox 1031 4435 1161 4491; x_wconf 72' lang='lat' dir='ltr'>sarcerdos</span> <span class='ocrx_word' id='word_1_712' title='bbox 1175 4441 1266 4490; x_wconf 72' lang='lat' dir='ltr'>auem</span> <span class='ocrx_word' id='word_1_713' title='bbox 1278 4432 1346 4489; x_wconf 85' lang='lat' dir='ltr'>dicit</span> <span class='ocrx_word' id='word_1_714' title='bbox 1357 4451 1367 4488; x_wconf 94' lang='grc'>.·</span> <span class='ocrx_word' id='word_1_715' title='bbox 1378 4432 1510 4500; x_wconf 91' lang='lat' dir='ltr'>Domine,</span> <span class='ocrx_word' id='word_1_716' title='bbox 1523 4432 1600 4489; x_wconf 91' lang='lat' dir='ltr'>Deus</span> <span class='ocrx_word' id='word_1_717' title='bbox 1614 4435 1714 4487; x_wconf 89' lang='lat' dir='ltr'>noster</span> <span class='ocrx_word' id='word_1_718' title='bbox 1728 4430 1826 4487; x_wconf 91' lang='lat' dir='ltr'>omui-</span> 
     </span>
     <span class='ocr_line' id='line_1_48' title="bbox 113 4518 1825 4609; baseline -0.002 -30"><span class='ocrx_word' id='word_1_719' title='bbox 113 4524 304 4592; x_wconf 86' lang='lat' dir='ltr'>immortalis,</span> <span class='ocrx_word' id='word_1_720' title='bbox 317 4523 454 4580; x_wconf 87' lang='lat' dir='ltr'>miserere</span> <span class='ocrx_word' id='word_1_721' title='bbox 468 4523 571 4589; x_wconf 87' lang='lat' dir='ltr'>nostri,</span> <span class='ocrx_word' id='word_1_722' title='bbox 582 4521 714 4578; x_wconf 90' lang='lat' dir='ltr'>Domine.</span> <span class='ocrx_word' id='word_1_723' title='bbox 727 4521 804 4577; x_wconf 90' lang='lat' dir='ltr'>Beati</span> <span class='ocrx_word' id='word_1_724' title='bbox 817 4537 941 4594; x_wconf 93' lang='lat' dir='ltr'>quorum</span> <span class='ocrx_word' id='word_1_725' title='bbox 956 4540 982 4609; x_wconf 66' lang='grc' dir='ltr'><strong>Β</strong></span> <span class='ocrx_word' id='word_1_726' title='bbox 997 4528 1110 4598; x_wconf 91' lang='lat' dir='ltr'>potens,</span> <span class='ocrx_word' id='word_1_727' title='bbox 1122 4539 1260 4596; x_wconf 84' lang='lat' dir='ltr'>rogamus</span> <span class='ocrx_word' id='word_1_728' title='bbox 1277 4529 1301 4578; x_wconf 88' lang='lat' dir='ltr'>te</span> <span class='ocrx_word' id='word_1_729' title='bbox 1312 4525 1340 4578; x_wconf 88' lang='lat' dir='ltr'>et</span> <span class='ocrx_word' id='word_1_730' title='bbox 1353 4537 1533 4593; x_wconf 76' lang='lat' dir='ltr'>quesumus,</span> <span class='ocrx_word' id='word_1_731' title='bbox 1545 4519 1671 4576; x_wconf 86' lang='lat' dir='ltr'>inilrmis</span> <span class='ocrx_word' id='word_1_732' title='bbox 1683 4518 1825 4575; x_wconf 78' lang='lat' dir='ltr'>hatribus</span> 
     </span>
     <span class='ocr_line' id='line_1_49' title="bbox 112 4607 1826 4686; baseline -0.004 -16"><span class='ocrx_word' id='word_1_733' title='bbox 112 4615 246 4671; x_wconf 77' lang='lat' dir='ltr'>remissa</span> <span class='ocrx_word' id='word_1_734' title='bbox 257 4616 327 4669; x_wconf 91' lang='lat' dir='ltr'>sunt</span> <span class='ocrx_word' id='word_1_735' title='bbox 339 4612 557 4686; x_wconf 87' lang='lat' dir='ltr'>iniquitates,et</span> <span class='ocrx_word' id='word_1_736' title='bbox 568 4627 692 4684; x_wconf 91' lang='lat' dir='ltr'>quorum</span> <span class='ocrx_word' id='word_1_737' title='bbox 705 4614 779 4666; x_wconf 82' lang='lat' dir='ltr'>taeta</span> <span class='ocrx_word' id='word_1_738' title='bbox 793 4615 862 4666; x_wconf 88' lang='lat' dir='ltr'>sunt</span> <span class='ocrx_word' id='word_1_739' title='bbox 876 4628 942 4684; x_wconf 85' lang='lat' dir='ltr'>peu·</span> <span class='ocrx_word' id='word_1_740' title='bbox 998 4613 1153 4670; x_wconf 87' lang='lat' dir='ltr'>sanitatem</span> <span class='ocrx_word' id='word_1_741' title='bbox 1173 4610 1260 4672; x_wconf 86' lang='lat' dir='ltr'>dona,</span> <span class='ocrx_word' id='word_1_742' title='bbox 1271 4608 1413 4681; x_wconf 89' lang='lat' dir='ltr'>Spiritum</span> <span class='ocrx_word' id='word_1_743' title='bbox 1430 4608 1609 4665; x_wconf 83' lang='lat' dir='ltr'>infirmitatis</span> <span class='ocrx_word' id='word_1_744' title='bbox 1622 4607 1697 4675; x_wconf 89' lang='lat' dir='ltr'>dele,</span> <span class='ocrx_word' id='word_1_745' title='bbox 1708 4623 1826 4663; x_wconf 85' lang='lat' dir='ltr'>omnem</span> 
     </span>
     <span class='ocr_line' id='line_1_50' title="bbox 112 4695 1825 4774; baseline -0.005 -13"><span class='ocrx_word' id='word_1_746' title='bbox 112 4710 190 4761; x_wconf 84' lang='lat' dir='ltr'>cata.</span> <span class='ocrx_word' id='word_1_747' title='bbox 203 4704 309 4759; x_wconf 83' lang='lat' dir='ltr'>beatus</span> <span class='ocrx_word' id='word_1_748' title='bbox 328 4703 381 4770; x_wconf 83' lang='lat' dir='ltr'>vir,</span> <span class='ocrx_word' id='word_1_749' title='bbox 395 4703 439 4758; x_wconf 89' lang='lat' dir='ltr'>cui</span> <span class='ocrx_word' id='word_1_750' title='bbox 457 4719 514 4757; x_wconf 91' lang='lat' dir='ltr'>non</span> <span class='ocrx_word' id='word_1_751' title='bbox 530 4700 686 4774; x_wconf 85' lang='lat' dir='ltr'>imputavit</span> <span class='ocrx_word' id='word_1_752' title='bbox 711 4699 852 4755; x_wconf 87' lang='lat' dir='ltr'>Dominus</span> <span class='ocrx_word' id='word_1_753' title='bbox 876 4717 944 4773; x_wconf 89' lang='lat' dir='ltr'>pec·</span> <span class='ocrx_word' id='word_1_754' title='bbox 999 4699 1214 4774; x_wconf 79' lang='lat' dir='ltr'>egritudinem,</span> <span class='ocrx_word' id='word_1_755' title='bbox 1226 4700 1254 4753; x_wconf 91' lang='lat' dir='ltr'>et</span> <span class='ocrx_word' id='word_1_756' title='bbox 1268 4714 1384 4752; x_wconf 87' lang='lat' dir='ltr'>omnem</span> <span class='ocrx_word' id='word_1_757' title='bbox 1402 4696 1569 4769; x_wconf 86' lang='lat' dir='ltr'>passionem</span> <span class='ocrx_word' id='word_1_758' title='bbox 1582 4697 1617 4753; x_wconf 92' lang='lat' dir='ltr'>ab</span> <span class='ocrx_word' id='word_1_759' title='bbox 1629 4697 1671 4753; x_wconf 88' lang='lat' dir='ltr'>eis</span> <span class='ocrx_word' id='word_1_760' title='bbox 1687 4695 1825 4754; x_wconf 74' lang='lat' dir='ltr'>transies.</span> 
     </span>
     <span class='ocr_line' id='line_1_51' title="bbox 111 4784 1750 4853; baseline -0.003 -5"><span class='ocrx_word' id='word_1_761' title='bbox 111 4791 370 4849; x_wconf 74' lang='lat' dir='ltr'>eatumdceedite</span> <span class='ocrx_word' id='word_1_762' title='bbox 381 4790 416 4846; x_wconf 88' lang='lat' dir='ltr'>ad</span> <span class='ocrx_word' id='word_1_763' title='bbox 432 4807 499 4846; x_wconf 90' lang='lat' dir='ltr'>eum</span> <span class='ocrx_word' id='word_1_764' title='bbox 513 4794 541 4845; x_wconf 91' lang='lat' dir='ltr'>et</span> <span class='ocrx_word' id='word_1_765' title='bbox 555 4787 736 4846; x_wconf 87' lang='lat' dir='ltr'>illuminabit</span> <span class='ocrx_word' id='word_1_766' title='bbox 746 4793 841 4853; x_wconf 80' lang='lat' dir='ltr'>vos,et</span> <span class='ocrx_word' id='word_1_767' title='bbox 857 4789 945 4845; x_wconf 86' lang='lat' dir='ltr'>iacies</span> <span class='ocrx_word' id='word_1_768' title='bbox 1000 4789 1062 4844; x_wconf 88' lang='lat' dir='ltr'>Cito</span> <span class='ocrx_word' id='word_1_769' title='bbox 1078 4786 1205 4842; x_wconf 87' lang='lat' dir='ltr'>inveniat</span> <span class='ocrx_word' id='word_1_770' title='bbox 1221 4802 1274 4841; x_wconf 91' lang='lat' dir='ltr'>nos</span> <span class='ocrx_word' id='word_1_771' title='bbox 1290 4784 1492 4841; x_wconf 87' lang='lat' dir='ltr'>misericordia</span> <span class='ocrx_word' id='word_1_772' title='bbox 1506 4790 1567 4853; x_wconf 89' lang='lat' dir='ltr'>tua,</span> <span class='ocrx_word' id='word_1_773' title='bbox 1584 4802 1600 4843; x_wconf 93' lang='lat' dir='ltr'>o</span> <span class='ocrx_word' id='word_1_774' title='bbox 1615 4786 1750 4844; x_wconf 81' lang='lat' dir='ltr'>Domine.</span> 
     </span>
     <span class='ocr_line' id='line_1_52' title="bbox 112 4872 1828 4951; baseline -0.005 -16"><span class='ocrx_word' id='word_1_775' title='bbox 112 4885 219 4939; x_wconf 71' lang='lat' dir='ltr'>vestras</span> <span class='ocrx_word' id='word_1_776' title='bbox 235 4896 293 4937; x_wconf 89' lang='lat' dir='ltr'>non</span> <span class='ocrx_word' id='word_1_777' title='bbox 309 4880 536 4935; x_wconf 84' lang='lat' dir='ltr'>contundentur.</span> <span class='ocrx_word' id='word_1_778' title='bbox 550 4883 607 4936; x_wconf 87' lang='lat' dir='ltr'>lste</span> <span class='ocrx_word' id='word_1_779' title='bbox 629 4894 740 4951; x_wconf 87' lang='lat' dir='ltr'>pauper</span> <span class='ocrx_word' id='word_1_780' title='bbox 755 4875 901 4946; x_wconf 87' lang='lat' dir='ltr'>clamavit,</span> <span class='ocrx_word' id='word_1_781' title='bbox 918 4881 946 4933; x_wconf 88' lang='lat' dir='ltr'>et</span> <span class='ocrx_word' id='word_1_782' title='bbox 1035 4878 1171 4933; x_wconf 77' lang='lat' dir='ltr'>Diaconos</span> <span class='ocrx_word' id='word_1_783' title='bbox 1184 4873 1252 4929; x_wconf 87' lang='lat' dir='ltr'>dicit</span> <span class='ocrx_word' id='word_1_784' title='bbox 1265 4872 1300 4928; x_wconf 88' lang='lat' dir='ltr'>ed</span> <span class='ocrx_word' id='word_1_785' title='bbox 1318 4874 1459 4945; x_wconf 82' lang='lat' dir='ltr'>poputum.</span> <span class='ocrx_word' id='word_1_786' title='bbox 1472 4874 1585 4931; x_wconf 88' lang='lat' dir='ltr'>Medela</span> <span class='ocrx_word' id='word_1_787' title='bbox 1603 4874 1720 4941; x_wconf 80' lang='lat' dir='ltr'>anima,</span> <span class='ocrx_word' id='word_1_788' title='bbox 1736 4872 1828 4929; x_wconf 90' lang='lat' dir='ltr'>medi·</span> 
     </span>
     <span class='ocr_line' id='line_1_53' title="bbox 115 4962 1829 5035; baseline -0.008 -8"><span class='ocrx_word' id='word_1_789' title='bbox 115 4969 263 5027; x_wconf 89' lang='lat' dir='ltr'>Dominus</span> <span class='ocrx_word' id='word_1_790' title='bbox 278 4967 425 5024; x_wconf 84' lang='lat' dir='ltr'>exaudivit</span> <span class='ocrx_word' id='word_1_791' title='bbox 438 4984 517 5024; x_wconf 87' lang='lat' dir='ltr'>eum.</span> <span class='ocrx_word' id='word_1_792' title='bbox 1001 4969 1082 5021; x_wconf 80' lang='lat' dir='ltr'>autor</span> <span class='ocrx_word' id='word_1_793' title='bbox 1091 4962 1231 5035; x_wconf 83' lang='lat' dir='ltr'>eorporis,</span> <span class='ocrx_word' id='word_1_794' title='bbox 1240 4965 1271 5017; x_wconf 91' lang='lat' dir='ltr'>tu</span> <span class='ocrx_word' id='word_1_795' title='bbox 1283 4979 1314 5017; x_wconf 89' lang='lat' dir='ltr'>es</span> <span class='ocrx_word' id='word_1_796' title='bbox 1324 4962 1458 5021; x_wconf 88' lang='lat' dir='ltr'>visitator</span> <span class='ocrx_word' id='word_1_797' title='bbox 1465 4963 1668 5020; x_wconf 86' lang='lat' dir='ltr'>omnisoarnis</span> <span class='ocrx_word' id='word_1_798' title='bbox 1678 4966 1707 5018; x_wconf 88' lang='lat' dir='ltr'>et</span> <span class='ocrx_word' id='word_1_799' title='bbox 1716 4975 1829 5025; x_wconf 89' lang='lat' dir='ltr'>eorum,</span> 
     </span>
    </p>

    <p class='ocr_par' dir='ltr' id='par_1_7' title="bbox 152 5050 1830 5128">
     <span class='ocr_line' id='line_1_54' title="bbox 152 5050 1830 5128; baseline -0.007 -12"><span class='ocrx_word' id='word_1_800' title='bbox 152 5057 257 5116; x_wconf 81' lang='lat' dir='ltr'>Deinde</span> <span class='ocrx_word' id='word_1_801' title='bbox 272 5058 338 5127; x_wconf 75' lang='lat' dir='ltr'>leqit</span> <span class='ocrx_word' id='word_1_802' title='bbox 351 5074 386 5114; x_wconf 77' lang='lat' dir='ltr'>ea</span> <span class='ocrx_word' id='word_1_803' title='bbox 403 5057 549 5128; x_wconf 80' lang='lat' dir='ltr'>Euanpetre</span> <span class='ocrx_word' id='word_1_804' title='bbox 562 5057 686 5123; x_wconf 72' lang='lat' dir='ltr'>loannis,</span> <span class='ocrx_word' id='word_1_805' title='bbox 703 5071 762 5127; x_wconf 89' lang='lat' dir='ltr'>cap.</span> <span class='ocrx_word' id='word_1_806' title='bbox 780 5071 821 5109; x_wconf 87' lang='lat' dir='ltr'>nr.</span> <span class='ocrx_word' id='word_1_807' title='bbox 1002 5054 1052 5127; x_wconf 90' lang='lat' dir='ltr'>qui</span> <span class='ocrx_word' id='word_1_808' title='bbox 1063 5051 1241 5124; x_wconf 90' lang='lat' dir='ltr'>aspiritibus</span> <span class='ocrx_word' id='word_1_809' title='bbox 1253 5050 1830 5123; x_wconf 78' lang='lat' dir='ltr'>immundistorquentur,liheraomuem</span> 
     </span>
    </p>

    <p class='ocr_par' dir='ltr' id='par_1_8' title="bbox 116 5135 1838 5663">
     <span class='ocr_line' id='line_1_55' title="bbox 152 5135 1831 5220; baseline -0.007 -17"><span class='ocrx_word' id='word_1_810' title='bbox 152 5148 224 5204; x_wconf 80' lang='lat' dir='ltr'>Erat</span> <span class='ocrx_word' id='word_1_811' title='bbox 239 5152 337 5202; x_wconf 86' lang='lat' dir='ltr'>autem</span> <span class='ocrx_word' id='word_1_812' title='bbox 360 5144 448 5201; x_wconf 93' lang='lat' dir='ltr'>homo</span> <span class='ocrx_word' id='word_1_813' title='bbox 464 5162 498 5202; x_wconf 91' lang='lat' dir='ltr'>ex</span> <span class='ocrx_word' id='word_1_814' title='bbox 513 5138 677 5209; x_wconf 77' lang='lat' dir='ltr'>pharisaeis,</span> <span class='ocrx_word' id='word_1_815' title='bbox 693 5143 870 5199; x_wconf 82' lang='lat' dir='ltr'>Nicodamus</span> <span class='ocrx_word' id='word_1_816' title='bbox 895 5158 949 5198; x_wconf 92' lang='lat' dir='ltr'>no·</span> <span class='ocrx_word' id='word_1_817' title='bbox 1003 5141 1133 5198; x_wconf 87' lang='lat' dir='ltr'>unimam</span> <span class='ocrx_word' id='word_1_818' title='bbox 1159 5139 1297 5195; x_wconf 88' lang='lat' dir='ltr'>ulllictam</span> <span class='ocrx_word' id='word_1_819' title='bbox 1312 5144 1340 5195; x_wconf 92' lang='lat' dir='ltr'>et</span> <span class='ocrx_word' id='word_1_820' title='bbox 1360 5156 1543 5213; x_wconf 89' lang='lat' dir='ltr'>oppressam,</span> <span class='ocrx_word' id='word_1_821' title='bbox 1555 5140 1593 5220; x_wconf 85' lang='lat' dir='ltr'>da</span> <span class='ocrx_word' id='word_1_822' title='bbox 1620 5142 1650 5194; x_wconf 87' lang='lat' dir='ltr'>et</span> <span class='ocrx_word' id='word_1_823' title='bbox 1678 5135 1831 5193; x_wconf 82' lang='lat' dir='ltr'>relaxatio·</span> 
     </span>
     <span class='ocr_line' id='line_1_56' title="bbox 116 5227 1832 5309; baseline -0.007 -17"><span class='ocrx_word' id='word_1_824' title='bbox 116 5237 211 5303; x_wconf 88' lang='lat' dir='ltr'>mine,</span> <span class='ocrx_word' id='word_1_825' title='bbox 237 5234 374 5309; x_wconf 85' lang='lat' dir='ltr'>princeps</span> <span class='ocrx_word' id='word_1_826' title='bbox 402 5234 583 5290; x_wconf 77' lang='lat' dir='ltr'>iudeorum.</span> <span class='ocrx_word' id='word_1_827' title='bbox 604 5232 656 5288; x_wconf 88' lang='lat' dir='ltr'>Hie</span> <span class='ocrx_word' id='word_1_828' title='bbox 685 5231 764 5287; x_wconf 88' lang='lat' dir='ltr'>venit</span> <span class='ocrx_word' id='word_1_829' title='bbox 788 5232 824 5287; x_wconf 90' lang='lat' dir='ltr'>ad</span> <span class='ocrx_word' id='word_1_830' title='bbox 848 5231 949 5287; x_wconf 81' lang='lat' dir='ltr'>desum</span> <span class='ocrx_word' id='word_1_831' title='bbox 1005 5229 1133 5302; x_wconf 88' lang='lat' dir='ltr'>nem‚da</span> <span class='ocrx_word' id='word_1_832' title='bbox 1148 5227 1421 5300; x_wconf 85' lang='lat' dir='ltr'>quietem0mnem</span> <span class='ocrx_word' id='word_1_833' title='bbox 1445 5227 1832 5295; x_wconf 81' lang='lat' dir='ltr'>infirmitatem,etomnem</span> 
     </span>
     <span class='ocr_line' id='line_1_57' title="bbox 119 5314 1832 5393; baseline -0.008 -11"><span class='ocrx_word' id='word_1_834' title='bbox 119 5328 218 5393; x_wconf 84' lang='lat' dir='ltr'>nocte,</span> <span class='ocrx_word' id='word_1_835' title='bbox 230 5328 260 5380; x_wconf 88' lang='lat' dir='ltr'>et</span> <span class='ocrx_word' id='word_1_836' title='bbox 270 5323 342 5380; x_wconf 86' lang='lat' dir='ltr'>dixit</span> <span class='ocrx_word' id='word_1_837' title='bbox 355 5323 380 5380; x_wconf 89' lang='lat' dir='ltr'>ei</span> <span class='ocrx_word' id='word_1_838' title='bbox 395 5339 401 5378; x_wconf 94' lang='lat'><strong>:</strong></span> <span class='ocrx_word' id='word_1_839' title='bbox 415 5321 726 5393; x_wconf 63' lang='lat' dir='ltr'>bethaniamque</span> <span class='ocrx_word' id='word_1_840' title='bbox 742 5336 758 5375; x_wconf 87' lang='lat' dir='ltr'>a</span> <span class='ocrx_word' id='word_1_841' title='bbox 773 5319 830 5377; x_wconf 88' lang='lat' dir='ltr'>Deo</span> <span class='ocrx_word' id='word_1_842' title='bbox 846 5321 950 5377; x_wconf 90' lang='lat' dir='ltr'>venisti</span> <span class='ocrx_word' id='word_1_843' title='bbox 1007 5318 1175 5392; x_wconf 88' lang='lat' dir='ltr'>passionem</span> <span class='ocrx_word' id='word_1_844' title='bbox 1192 5332 1209 5372; x_wconf 90' lang='lat' dir='ltr'>a</span> <span class='ocrx_word' id='word_1_845' title='bbox 1224 5316 1308 5373; x_wconf 90' lang='lat' dir='ltr'>nobis</span> <span class='ocrx_word' id='word_1_846' title='bbox 1327 5316 1497 5380; x_wconf 85' lang='lat' dir='ltr'>extermina,</span> <span class='ocrx_word' id='word_1_847' title='bbox 1514 5320 1542 5371; x_wconf 90' lang='lat' dir='ltr'>et</span> <span class='ocrx_word' id='word_1_848' title='bbox 1556 5332 1574 5371; x_wconf 91' lang='lat' dir='ltr'>a</span> <span class='ocrx_word' id='word_1_849' title='bbox 1589 5315 1677 5372; x_wconf 89' lang='lat' dir='ltr'>domo</span> <span class='ocrx_word' id='word_1_850' title='bbox 1690 5314 1756 5384; x_wconf 86' lang='lat' dir='ltr'>hae,</span> <span class='ocrx_word' id='word_1_851' title='bbox 1768 5330 1832 5386; x_wconf 83' lang='lat' dir='ltr'>qua</span> 
     </span>
     <span class='ocr_line' id='line_1_58' title="bbox 118 5401 1836 5487; baseline -0.007 -17"><span class='ocrx_word' id='word_1_852' title='bbox 118 5412 278 5487; x_wconf 86' lang='lat' dir='ltr'>magister;</span> <span class='ocrx_word' id='word_1_853' title='bbox 290 5428 376 5468; x_wconf 89' lang='lat' dir='ltr'>nemo</span> <span class='ocrx_word' id='word_1_854' title='bbox 391 5411 471 5468; x_wconf 92' lang='lat' dir='ltr'>enim</span> <span class='ocrx_word' id='word_1_855' title='bbox 487 5415 583 5484; x_wconf 86' lang='lat' dir='ltr'>polest</span> <span class='ocrx_word' id='word_1_856' title='bbox 597 5410 658 5466; x_wconf 79' lang='lat' dir='ltr'>hae</span> <span class='ocrx_word' id='word_1_857' title='bbox 674 5409 760 5483; x_wconf 83' lang='lat' dir='ltr'>signa</span> <span class='ocrx_word' id='word_1_858' title='bbox 774 5410 877 5476; x_wconf 84' lang='lat' dir='ltr'>faeere,</span> <span class='ocrx_word' id='word_1_859' title='bbox 888 5426 951 5482; x_wconf 80' lang='lat' dir='ltr'>qua</span> <span class='ocrx_word' id='word_1_860' title='bbox 1007 5409 1120 5463; x_wconf 82' lang='lat' dir='ltr'>imueat</span> <span class='ocrx_word' id='word_1_861' title='bbox 1130 5409 1265 5462; x_wconf 88' lang='lat' dir='ltr'>sanetum</span> <span class='ocrx_word' id='word_1_862' title='bbox 1275 5408 1305 5460; x_wconf 89' lang='lat' dir='ltr'>ot</span> <span class='ocrx_word' id='word_1_863' title='bbox 1317 5402 1502 5460; x_wconf 86' lang='lat' dir='ltr'>benedictum</span> <span class='ocrx_word' id='word_1_864' title='bbox 1514 5420 1621 5461; x_wconf 86' lang='lat' dir='ltr'>noman</span> <span class='ocrx_word' id='word_1_865' title='bbox 1631 5406 1727 5472; x_wconf 88' lang='lat' dir='ltr'>tuam,</span> <span class='ocrx_word' id='word_1_866' title='bbox 1737 5401 1836 5460; x_wconf 51' lang='lat' dir='ltr'>atain„</span> 
     </span>
     <span class='ocr_line' id='line_1_59' title="bbox 119 5492 1834 5571; baseline -0.005 -12"><span class='ocrx_word' id='word_1_867' title='bbox 119 5506 152 5559; x_wconf 85' lang='lat' dir='ltr'>tu</span> <span class='ocrx_word' id='word_1_868' title='bbox 169 5501 255 5571; x_wconf 81' lang='lat' dir='ltr'>tacis,</span> <span class='ocrx_word' id='word_1_869' title='bbox 269 5501 325 5558; x_wconf 89' lang='lat' dir='ltr'>nisi</span> <span class='ocrx_word' id='word_1_870' title='bbox 340 5501 428 5558; x_wconf 81' lang='lat' dir='ltr'>tuerit</span> <span class='ocrx_word' id='word_1_871' title='bbox 443 5505 518 5557; x_wconf 86' lang='lat' dir='ltr'>Deus</span> <span class='ocrx_word' id='word_1_872' title='bbox 540 5517 607 5556; x_wconf 89' lang='lat' dir='ltr'>cum</span> <span class='ocrx_word' id='word_1_873' title='bbox 623 5516 666 5555; x_wconf 93' lang='lat' dir='ltr'>eo.</span> <span class='ocrx_word' id='word_1_874' title='bbox 680 5499 841 5571; x_wconf 78' lang='lat' dir='ltr'>Respondit</span> <span class='ocrx_word' id='word_1_875' title='bbox 854 5498 951 5569; x_wconf 87' lang='lat' dir='ltr'>Jesus,</span> <span class='ocrx_word' id='word_1_876' title='bbox 1007 5495 1142 5570; x_wconf 86' lang='lat' dir='ltr'>gularum</span> <span class='ocrx_word' id='word_1_877' title='bbox 1158 5492 1324 5549; x_wconf 88' lang='lat' dir='ltr'>animarum</span> <span class='ocrx_word' id='word_1_878' title='bbox 1346 5495 1514 5549; x_wconf 87' lang='lat' dir='ltr'>nostrarum</span> <span class='ocrx_word' id='word_1_879' title='bbox 1534 5492 1707 5549; x_wconf 74' lang='lat' dir='ltr'>indemitate</span> <span class='ocrx_word' id='word_1_880' title='bbox 1720 5495 1834 5562; x_wconf 50' lang='lat' dir='ltr'>cauam</span> 
     </span>
     <span class='ocr_line' id='line_1_60' title="bbox 121 5579 1838 5663; baseline -0.005 -13"><span class='ocrx_word' id='word_1_881' title='bbox 121 5597 151 5650; x_wconf 81' lang='lat' dir='ltr'>ct</span> <span class='ocrx_word' id='word_1_882' title='bbox 163 5590 236 5649; x_wconf 86' lang='lat' dir='ltr'>dixit</span> <span class='ocrx_word' id='word_1_883' title='bbox 246 5590 272 5647; x_wconf 88' lang='lat' dir='ltr'>ei</span> <span class='ocrx_word' id='word_1_884' title='bbox 285 5608 291 5647; x_wconf 94' lang='lat'><strong>:</strong></span> <span class='ocrx_word' id='word_1_885' title='bbox 303 5591 405 5659; x_wconf 83' lang='lat' dir='ltr'>Amen,</span> <span class='ocrx_word' id='word_1_886' title='bbox 420 5605 505 5646; x_wconf 89' lang='lat' dir='ltr'>amen</span> <span class='ocrx_word' id='word_1_887' title='bbox 526 5588 591 5645; x_wconf 89' lang='lat' dir='ltr'>dico</span> <span class='ocrx_word' id='word_1_888' title='bbox 602 5587 665 5656; x_wconf 89' lang='lat' dir='ltr'>tibi,</span> <span class='ocrx_word' id='word_1_889' title='bbox 678 5586 734 5643; x_wconf 84' lang='lat' dir='ltr'>nisi</span> <span class='ocrx_word' id='word_1_890' title='bbox 752 5586 818 5663; x_wconf 90' lang='lat' dir='ltr'>quis</span> <span class='ocrx_word' id='word_1_891' title='bbox 835 5594 953 5646; x_wconf 87' lang='lat' dir='ltr'>renatus</span> <span class='ocrx_word' id='word_1_892' title='bbox 1007 5584 1165 5662; x_wconf 84' lang='lat' dir='ltr'>perlectam</span> <span class='ocrx_word' id='word_1_893' title='bbox 1189 5580 1315 5639; x_wconf 85' lang='lat' dir='ltr'>salutem</span> <span class='ocrx_word' id='word_1_894' title='bbox 1330 5579 1446 5659; x_wconf 81' lang='lat' dir='ltr'>largite,</span> <span class='ocrx_word' id='word_1_895' title='bbox 1463 5597 1516 5656; x_wconf 85' lang='lat' dir='ltr'>per</span> <span class='ocrx_word' id='word_1_896' title='bbox 1532 5580 1715 5658; x_wconf 79' lang='lat' dir='ltr'>unigenitam</span> <span class='ocrx_word' id='word_1_897' title='bbox 1730 5579 1838 5642; x_wconf 70' lang='lat' dir='ltr'>uittam</span> 
     </span>
    </p>
   </div>
   <div class='ocr_carea' id='block_1_3' title="bbox 288 5705 1676 5782">
    <p class='ocr_par' dir='ltr' id='par_1_9' title="bbox 288 5705 1676 5782">
     <span class='ocr_line' id='line_1_61' title="bbox 288 5705 1676 5782; baseline -0.006 -1"><span class='ocrx_word' id='word_1_898' title='bbox 288 5718 421 5782; x_wconf 68' lang='lat' dir='ltr'>esraa.</span> <span class='ocrx_word' id='word_1_899' title='bbox 444 5715 631 5779; x_wconf 83' lang='lat' dir='ltr'>cxxxvut.</span> <span class='ocrx_word' id='word_1_900' title='bbox 1636 5705 1676 5773; x_wconf 79' lang='lat'>30</span> 
     </span>
    </p>
   </div>
   <div class='ocr_carea' id='block_1_4' title="bbox 0 0 1944 6098">
    <p class='ocr_par' dir='ltr' id='par_1_10' title="bbox 0 0 1944 6098">
     <span class='ocr_line' id='line_1_62' title="bbox 0 0 1944 6098; baseline 0 1"><span class='ocrx_word' id='word_1_901' title='bbox 0 0 1944 6098; x_wconf 95' lang='lat' dir='ltr'> </span> 
     </span>
    </p>
   </div>
  </div>
 </body>
</html>
