3878 6098
71 321 133 384 III
473 320 683 384 cananeus
707 321 739 381 S.
762 319 940 383 arandum
964 322 1168 386 SUFSSION.
1190 325 1383 391 DECANUS.
1721 327 1778 392 {78

69 454 192 514 Coelitus
206 452 343 522 obtinuit,
359 452 436 511 sicut
451 455 624 527 pradinerat
638 454 719 525 olim,
912 456 999 524 ASic
1015 456 1130 514 Israelis
1146 463 1245 516 noster
1255 462 1313 516 dux
1328 460 1376 516 ille
1392 460 1496 530 fidelis,

67 548 142 619 Ejus
160 544 335 601 mellifluum
351 561 521 617 praeconans
535 544 657 618 angelus
672 547 778 599 ortum.
953 545 1072 603 Cinctus
1087 549 1220 620 utrisque
1234 549 1331 606 clioris
1346 550 1444 606 diuina
1458 551 1544 607 laude
1559 550 1684 618 canoris,

68 634 231 691 Historiam
247 633 332 704 cujus
344 637 442 705 satyra
458 637 624 705 repetamus
640 632 758 688 oralesa.
953 634 1079 692 Delubra
1095 638 1170 692 fudit
1185 638 1280 708 humi,
1296 641 1403 712 quibus
1418 641 1536 696 exitium
1553 641 1609 696 fuit
1623 640 1716 697 humi.

68 725 110 780 Ne
125 723 206 796 quod
222 739 305 778 amor
319 720 422 777 scribit
436 721 519 778 lit'ori
535 722 653 793 deputet
668 722 773 788 hostis,
954 723 1024 779 Inde
1040 728 1141 797 potens
1157 727 1269 782 irreritis
1283 729 1405 784 antistes
1422 730 1530 785 flumen
1547 729 1645 797 adivit,

69 814 143 870 Cum
161 813 200 869 sit
215 815 368 884 peccatum
384 828 441 867 non
456 811 573 868 fraudes
589 811 804 884 hypocritarum
953 813 1083 883 Stipetus
1100 813 1200 869 nitidis
1215 815 1326 887 reliquo
1343 833 1409 872 cum
1426 816 1509 890 plebe
1524 819 1679 887 ministris,

68 909 124 959 Pro
139 904 219 958 dono
235 902 341 974 lingua¹
357 901 463 957 saltem
477 919 616 957 mucrone
632 902 728 967 ferire,
952 902 1149 974 armatusque
1161 904 1216 958 fide
1232 903 1371 959 calcantis
1386 905 1414 960 in
1431 924 1545 978 coquere
1561 908 1636 963 Petri
1655 926 1661 964 τ

70 995 104 1050 Et
117 993 248 1048 nimium
263 991 369 1046 foedam
382 990 506 1063 Cayphm
521 992 676 1062 reprobare
691 990 870 1046 cathedram.
954 989 1007 1044 Per
1023 1008 1127 1046 nomen
1144 992 1269 1062 Triadis,
1285 1010 1336 1065 per
1348 995 1482 1050 virtutem
1501 996 1663 1064 Trinitatis,

71 1080 182 1138 Taliter
196 1080 321 1136 electum
337 1078 477 1134 divinitus
493 1084 581 1152 atque
597 1083 745 1135 sacratum
953 1079 1064 1150 Perque
1081 1080 1176 1136 crucis
1202 1082 1332 1154 signum,
1349 1084 1426 1155 quod
1451 1085 1603 1141 submovet
1625 1104 1711 1142 omne
1727 1105 1778 1143 no-

71 1170 243 1227 Pontifrcem
257 1172 404 1235 sanctum,
421 1169 509 1242 digno
521 1168 601 1224 cultu
616 1169 826 1233 venerandam,
989 1168 1095 1238 cirum,

71 1257 247 1332 Rotbomsgi
262 1258 338 1314 cives
354 1259 463 1314 adeunt
478 1259 612 1314 consulta
626 1262 769 1331 petentes,
953 1261 1081 1329 Imperat
1096 1264 1127 1313 ut
1143 1263 1244 1319 staret.
1262 1278 1313 1316 neo
1329 1263 1364 1317 ad
1381 1262 1519 1319 ulteriora
1533 1269 1652 1330 mearet,

71 1348 307 1423 suppliciterque
322 1352 436 1420 rogant,
448 1365 503 1403 sua
518 1348 560 1403 sic
576 1348 896 1403 discriminonarrant:
953 1345 1043 1410 Quem
1068 1348 1160 1403 tenuit
1176 1349 1304 1420 primum
1321 1354 1453 1422 repetens
1469 1353 1505 1407 ab
1520 1353 1631 1424 origine
1647 1370 1776 1411 cursum.

70 1441 177 1496 Sancte
192 1439 288 1502 Pater,
306 1436 391 1491 nobis
406 1435 498 1491 instat
513 1437 692 1493 saevissimus
708 1436 811 1503 hostie,
953 1434 1036 1491 Paret
1050 1436 1118 1492 huie
1135 1438 1200 1493 fldei
1218 1442 1323 1495 nutura
1339 1441 1432 1495 dicens
1448 1440 1594 1507 clementi

70 1528 202 1585 Plurima
216 1528 325 1582 damna
337 1525 442 1596 ferens,
457 1543 545 1598 penes
561 1527 643 1582 urbis
660 1526 896 1598 rnmoiadegens,
952 1528 1045 1596 Atque
1061 1525 1158 1581 sinum
1175 1528 1289 1598 repetit,
1307 1545 1358 1582 noe
1375 1528 1454 1601 ripas
1471 1530 1600 1585 fluminis
1616 1531 1683 1586 erit.

70 1619 118 1674 Est
134 1617 174 1672 ibi
192 1631 262 1670 narn
279 1618 419 1680 castrum,
437 1615 542 1670 murali
559 1616 662 1670 robore
678 1615 807 1679 firrnnrn,
953 1613 1011 1668 Hoc
1027 1614 1173 1685 siquidem
1191 1617 1267 1671 Iacto
1284 1616 1389 1672 renitet
1403 1619 1609 1673 sanctissimus
1623 1619 1737 1686 archos,

70 1707 100 1763 ln
115 1723 176 1779 quo
191 1703 336 1760 foedarum
352 1703 457 1759 domus
473 1707 537 1758 atra
551 1702 621 1758 lutet
637 1703 833 1771 meretricum,
952 1702 1014 1758 Non
1028 1701 1124 1775 impar
1138 1704 1236 1773 Josue,
1254 1707 1339 1777 cnjus
1356 1708 1583 1763 mernorarimue
1599 1712 1675 1777 ante,

70 1795 243 1852 Fornicibus
257 1792 345 1848 variis
361 1792 444 1848 cecis
458 1793 595 1848 obstrusa
610 1791 738 1847 latebris.
912 1791 1005 1894 Boni
1022 1792 1145 1848 Domino
1161 1794 1223 1849 culi
1240 1796 1360 1850 devotus
1378 1800 1474 1851 mente
1490 1796 1569 1852 fideli

68 1884 129 1941 Illic
145 1881 266 1939 obsceni
283 1880 386 1936 riuales
402 1898 452 1936 seu
469 1881 602 1952 parasiti,
952 1880 1106 1936 Dclrcllans
1122 1881 1236 1937 hostem
1248 1884 1339 1953 jussit
1355 1884 1515 1939 subsistere
1532 1885 1634 1951 solem,

67 1974 119 2029 Vel
135 1988 213 2045 quos
226 1969 335 2042 impuri
345 1970 430 2041 juvat
445 1969 588 2042 ingluvies
605 1970 731 2042 EpIcuri.
952 1968 1048 2025 Donec
1065 1969 1245 2027 inexhaustis
1261 1973 1338 2028 acies
1354 1979 1540 2028 consumeret
1555 1976 1655 2028 armis.

67 2062 161 2119 Sorde
173 2057 307 2132 lupanari
322 2075 439 2130 semper
452 2058 557 2114 sitiunt
573 2057 722 2113 maculari.
952 2058 1007 2113 Par
1021 2058 1113 2113 virtus
1125 2059 1218 2114 radiat
1233 2062 1367 2132 quamvis
1382 2061 1492 2117 distent
1508 2062 1661 2117 elementa.

67 2152 102 2206 In
118 2148 218 2204 medio
232 2146 320 2202 castri
337 2151 415 2218 patet
429 2163 495 2201 arcu
510 2163 590 2201 more
607 2146 722 2214 theatri,
952 2146 1025 2201 Nam
1042 2147 1065 2201 ei
1078 2147 1219 2217 jussisset
1235 2149 1365 2204 rational
1382 2167 1470 2205 causa
1485 2150 1599 2217 suisset,

66 2243 131 2306 Quo
149 2239 251 2292 fanum
265 2235 387 2291 Veneris
400 2234 504 2290 titulus
519 2252 631 2308 spurce
648 2235 780 2290 mulieris
953 2236 1034 2292 Sicut
1048 2247 1076 2290 et
1092 2237 1170 2291 unda
1185 2238 1288 2306 lluens,
1307 2238 1349 2293 sol
1367 2239 1429 2311 ipse
1444 2240 1601 2310 perardua
1616 2255 1737 2295 currens

67 2329 157 2387 Falso
170 2327 383 2398 frequentatur,
400 2325 487 2380 scorti
504 2324 615 2397 species
631 2329 793 2380 veneratur.
952 2325 1096 2380 Redderet
1112 2326 1297 2397 obsequium,
1313 2345 1365 2384 neo
1381 2328 1497 2384 abesset
1511 2329 1634 2407 praeclue
1650 2329 1778 2401 signum.

65 2419 179 2476 Subter
192 2414 280 2470 hlans
294 2418 413 2469 antrum
428 2413 546 2486 penitus
562 2414 685 2470 tendens
700 2413 730 2468 in
746 2415 897 2486 abyssum,
953 2412 1027 2468 Urbs
1040 2413 1081 2469 lto
1097 2414 1236 2480 salvatur,
1254 2416 1401 2488 tantisque
1417 2418 1503 2472 malis
1517 2417 1671 2489 spoliatur,

64 2505 218 2564 Taucibus
233 2508 392 2575 augustum
410 2507 549 2574 tanquam
566 2502 693 2575 Stygiale
718 2503 897 2574 profundum
953 2501 1067 2558 Fertilis
1083 2507 1111 2557 et
1127 2502 1211 2575 pleno
1228 2504 1301 2559 ridet
1317 2505 1371 2560 sihi
1388 2507 1470 2578 capla
1486 2524 1586 2574 cornu,

63 2598 133 2654 Non
151 2591 227 2649 valet
241 2591 357 2665 attingi,
374 2590 454 2646 nullo
466 2591 528 2646 visu
545 2591 689 2663 penetrari
706 2607 712 2644 :
953 2591 1031 2646 Mors
1048 2591 1132 2664 fugit,
1147 2592 1240 2648 hostis
1256 2594 1348 2662 abest,
1366 2612 1442 2667 aqua
1455 2599 1522 2660 slat,
1535 2595 1648 2651 devotIo
1660 2597 1778 2669 gaudet3

61 2687 208 2743 Claustra
221 2681 264 2736 vel
280 2681 334 2735 hos
349 2680 447 2735 aditus
461 2680 555 2752 potnit
571 2680 747 2752 perfringere
761 2678 877 2748 nullus;
953 2679 1061 2735 Praesul
1077 2681 1106 2736 ln
1121 2681 1249 2737 Ecclesia
1265 2682 1379 2755 plaudit
1394 2685 1537 2755 praeconia
1553 2685 1653 2758 digno.

61 2778 167 2833 Tanta
182 2771 378 2840 maIIgnorum
394 2769 438 2825 vis
452 2773 497 2824 est
511 2768 552 2825 ibi
568 2768 789 2824 demoniorum.
952 2768 1086 2824 Christus
1102 2771 1249 2838 adoratur,
1268 2788 1325 2843 quo
1341 2772 1383 2826 rie
1401 2771 1520 2827 infmica
1536 2773 1662 2845 fugatur,

59 2865 180 2928 Altera,
197 2861 313 2924 Sancta,
328 2859 388 2914 tuis
404 2875 457 2930 par
471 2862 517 2914 cst
531 2859 655 2930 irruptio
671 2858 785 2913 mortis.
952 2856 1039 2930 Virgo
1054 2857 1191 2913 laudatur
1206 2876 1257 2931 per
1272 2850 1360 2930 quarh
1374 2859 1521 2932 Cytherea
1536 2866 1693 2930 crematur,

60 2953 146 3011 Nam
157 2951 424 3021 Sequenaevastum
435 2945 731 3018 patImurdIscrimen
743 2964 897 3018 aquarum,
953 2945 1108 3001 Prostibnli
1125 2963 1239 3002 carnum
1257 2949 1345 3003 docus
1361 2949 1414 3003 hoc
1431 2947 1556 3004 abolevit
1571 2966 1729 3006 amoenum.

59 3043 149 3100 Dum
165 3043 266 3094 contra
280 3053 390 3091 morem
407 3039 514 3091 metam
530 3036 694 3107 superando
709 3036 846 3106 priorem.
953 3035 975 3090 0
991 3034 1057 3090 felia
1074 3035 1197 3090 nimium
1214 3036 1396 3109 meruitque
1413 3037 1532 3110 gignere
1546 3037 1706 3104 Christum,

58 3132 179 3188 alvens
193 3126 330 3191 exundat,
346 3125 403 3179 late
419 3124 544 3179 condeio
558 3128 662 3191 vastat,
953 3124 1063 3179 Munda
1075 3125 1168 3179 Icrcne
1180 3126 1333 3189 mundum,
1343 3126 1392 3181 sed
1406 3127 1598 3182 mundificata
1608 3127 1777 3200 peripsum;

59 3221 157 3278 AEdes
172 3214 323 3279 subvertit,
340 3230 445 3286 parvos
461 3212 538 3267 etad
556 3214 645 3267 ubera
661 3212 764 3284 perdit,
913 3196 934 3261 C
952 3211 1040 3284 Virga
1053 3229 1157 3285 gerens
1173 3213 1282 3279 florem,
1300 3214 1417 3285 cupiens
1428 3215 1476 3270 sed
1490 3215 1558 3271 flore
1572 3215 1716 3272 virorem!

61 3307 198 3365 Exitium
215 3302 316 3359 multis
332 3303 418 3358 infert
433 3304 461 3356 et
476 3302 585 3357 damna
600 3301 715 3357 salutIs.
952 3300 1039 3373 Virgo
1056 3306 1148 3356 mater
1164 3319 1225 3366 aro,
1242 3306 1323 3357 tanta
1351 3302 1485 3359 redolens
1500 3304 1616 3385 pietate,

60 3397 141 3454 Inde
157 3392 251 3461 dulor,
267 3391 413 3465 planctus,
429 3407 537 3445 moeror
553 3408 610 3446 non
623 3394 718 3445 cessat
732 3407 861 3456 amarus,
953 3391 1067 3455 Quanta
1082 3388 1168 3444 laude
1184 3393 1286 3453 micas,
1303 3395 1331 3445 et
1346 3392 1456 3446 sanctie
1473 3392 1559 3447 altior
1571 3396 1679 3459 exstas,

62 3485 198 3543 Casibus
211 3481 342 3537 intentis
357 3497 431 3552 quos
447 3480 575 3552 impetus
592 3478 699 3551 ingerit
713 3480 818 3546 arnni's,
953 3477 1063 3550 Inclyta
1078 3495 1135 3549 prm
1151 3479 1264 3534 cunctis
1280 3479 1388 3534 carnali
1406 3484 1561 3537 stemmate
1576 3480 1695 3548 functis,

63 3574 193 3632 Talibus
204 3569 345 3626 arumnis
358 3568 517 3641 affligimur
530 3572 617 3640 atque
632 3567 758 3639 periclis.
952 3568 1006 3623 Per
1020 3573 1047 3622 te
1063 3569 1237 3640 gaudentem
1257 3568 1302 3640 pia
1318 3575 1437 3641 protege
1453 3569 1567 3625 coelitus
1583 3571 1695 3626 urbem.

67 3666 108 3721 De
124 3661 198 3717 curlo
212 3659 297 3715 nobis
313 3657 369 3715 nisi
383 3656 472 3713 stillet
487 3657 552 3712 fons
568 3656 694 3728 pietatis,
952 3656 993 3712 Ne
1005 3657 1095 3727 judex
1112 3656 1205 3722 feriat,
1222 3655 1351 3728 gladIum
1369 3658 1516 3729 suspende
1530 3658 1680 3712 minantis.

66 3753 138 3817 Ouo
153 3749 261 3805 relevat
271 3747 396 3802 miseros
410 3746 513 3801 urbem
528 3744 681 3800 lutulenda
695 3743 786 3800 libido
952 3746 993 3800 Ne
1008 3745 1128 3800 clamnet
1144 3744 1278 3810 inferres,
1296 3744 1369 3799 iram
1387 3762 1538 3816 compesce
1555 3744 1706 3800 Tonantis.

68 3843 112 3898 Ad
129 3837 243 3895 similes
253 3836 384 3892 Sodoma
395 3851 496 3907 poenas
506 3834 602 3890 trahet
614 3851 707 3905 usque
718 3834 896 3890 Gomorrha.
952 3833 1050 3889 Prima
1066 3838 1120 3887 Deo
1136 3850 1264 3904 praesens
1281 3833 1434 3888 modiatrIx
1449 3837 1512 3889 esto
1528 3839 1656 3902 tuorum,

70 3930 128 3987 Sed
143 3934 204 3993 tua,
220 3928 336 3992 Sancte,
353 3941 471 3990 manus,
487 3923 593 3979 solidat
608 3941 671 3995 quaa
686 3922 790 3979 debilis
805 3927 896 3978 artus.
952 3923 1039 3994 Spem
1055 3922 1142 3977 venire
1160 3921 1296 3983 referens,
1307 3939 1343 3977 ne
1358 3921 1422 3978 labe
1437 3928 1523 3978 ruant
1538 3922 1687 3979 vitiorum.

71 4018 203 4074 Monstra
216 4018 340 4071 cruenta
354 4013 447 4085 fugat,
462 4013 528 4068 diso
543 4013 650 4068 virtute
665 4016 808 4077 coruscat,
951 4009 1040 4065 Stella
1055 4009 1155 4078 maris,
1172 4011 1446 4083 portuspigmentis
1461 4012 1596 4068 conscius
1612 4011 1715 4082 hortis,

72 4105 187 4177 Expuat
199 4103 275 4159 banc
290 4101 400 4171 labam,
413 4099 569 4174 Babylonis
585 4101 829 4158 subruatarccm.
952 4098 1102 4154 Fluctibus
1118 4114 1132 4153 e
1148 4098 1251 4153 mundi
1265 4099 1348 4154 trahe
1364 4117 1416 4155 nos
1432 4101 1468 4155 ad
1478 4100 1576 4157 littora
1592 4101 1682 4173 pacis.

107 4193 229 4248 Talibus
239 4190 362 4256 auditis,
379 4190 529 4245 Romanus
544 4188 649 4260 presul
665 4187 765 4244 herilis
952 4187 1004 4242 His
1019 4186 1059 4242 itu
1075 4188 1208 4259 digestis,
1225 4189 1260 4243 ad
1277 4193 1380 4244 cetera
1397 4190 1627 4261 progrediamur,

72 4281 178 4337 Exorat
192 4279 352 4345 Christum,
363 4278 455 4334 totius
471 4277 584 4351 egentis
599 4277 724 4346 asylum,
953 4277 1023 4348 Ejus
1040 4281 1072 4331 ut
1086 4276 1115 4329 in
1129 4280 1229 4330 sancto
1245 4276 1365 4331 laudare
1380 4277 1473 4331 Deum
1486 4294 1652 4332 mereamur

77 4369 176 4424 Pareat
192 4373 223 4422 ut
237 4367 355 4423 afflictIs
370 4366 458 4422 veluti
470 4366 620 4437 quondam
634 4364 770 4420 NinivItis
785 4383 792 4432 ;
989 4365 1025 4421 Ut
1040 4365 1083 4418 vir
1098 4365 1286 4436 apostolicus,
1304 4364 1430 4420 coelestis
1446 4365 1522 4436 regIs
1537 4366 1659 4431 amicus,

80 4459 193 4512 taedet
206 4461 380 4521 etmortem,
393 4454 535 4510 bonitatis
548 4458 679 4510 conterat
693 4453 818 4509 hostem.
955 4453 1092 4509 Reddidit
1106 4453 1267 4509 immunem
1283 4453 1405 4524 paganis
1420 4452 1525 4507 rilibus
1541 4452 1655 4519 urbem,

77 4545 217 4617 Ergodur
231 4544 299 4600 adei
313 4560 410 4599 mores
422 4544 458 4598 ad
474 4541 538 4599 looa
553 4542 701 4615 perniciei
915 4558 937 4623 1)
956 4543 1036 4598 Fecit
1052 4546 1079 4596 et
1094 4541 1270 4595 incolumem
1288 4540 1363 4594 eires
1380 4556 1496 4610 sperare
1511 4538 1647 4605 salutem,

80 4631 111 4686 Et
125 4637 223 4686 centra
237 4633 327 4686 tortas
343 4629 476 4702 proprias
491 4630 526 4685 ad
544 4627 621 4684 belle
635 4629 780 4697 cobortes,
956 4632 1025 4686 Inde
1042 4647 1161 4684 minuens
1177 4645 1307 4700 gressus,
1320 4627 1342 4681 it
1357 4644 1409 4698 per
1423 4627 1486 4682 loca
1501 4627 1700 4700 pontificatus,

80 4717 262 4775 PsalmicInes
276 4736 312 4775 ex
326 4735 406 4775 more
419 4734 532 4791 greges,
549 4715 737 4790 reliquosque
752 4717 864 4786 fideleS,
955 4718 1092 4773 Plebibus
1103 4716 1200 4772 aterni
1216 4717 1387 4788 dispergens
1402 4715 1517 4772 semino
1532 4716 1620 4773 verbi.

83 4810 149 4862 Cum
164 4808 301 4864 crucibus
315 4806 418 4874 sacris,
433 4823 500 4863 cum
518 4805 690 4879 pignoribus
704 4807 850 4878 pretiosis.
956 4805 1092 4878 Proponit
1106 4803 1219 4859 cunctis
1235 4803 1322 4858 slmul
1339 4809 1367 4858 et
1382 4803 1533 4876 pigmenta
1549 4804 1664 4874 salutis,

83 4894 128 4950 Sic
141 4900 268 4952 castrum
283 4894 416 4962 subiens,
429 4895 587 4967 dlenaque
602 4893 716 4966 spicula
730 4895 835 4968 figens,
930 4960 934 4966 ¹
955 4895 996 4950 De
1011 4911 1062 4966 spe
1078 4891 1198 4955 eoelcsti,
1216 4907 1267 4947 nec
1284 4909 1342 4947 non
1358 4892 1506 4948 absinthia
1519 4891 1592 4967 legis

84 4983 189 5040 Ianum
203 4983 356 5050 destruxit,
371 4981 529 5053 labyrinthi
545 4980 675 5039 claustra
690 4983 819 5052 revulsit,
956 4982 1096 5039 Sentibus
1111 4984 1224 5034 aterna
1241 4980 1405 5035 minitantis
1417 4998 1518 5037 amara
1528 4981 1677 5053 gehenne.

10 5094 12 5105 =
83 5071 156 5127 Idola
171 5073 316 5138 content,
331 5071 447 5128 funesta
461 5070 570 5128 sacella
584 5071 716 5141 removit,
956 5072 1064 5127 Doctus
1080 5073 1108 5125 et
1123 5069 1239 5141 ingenio
1255 5069 1397 5140 pallentes
1414 5072 1514 5126 radere
1529 5086 1635 5135 mores,

82 5159 272 5233 Spurcitiique
286 5160 383 5217 locum
398 5159 535 5234 purgavit
549 5160 772 5215 demoniorum.
958 5160 995 5215 Ut
1010 5157 1132 5214 rullonis
1147 5161 1219 5224 erat,
1237 5158 1376 5214 baculum
1390 5158 1560 5230 clavamque
1576 5156 1695 5222 ferebat,

81 5247 206 5306 Territus
221 5249 380 5323 exsanguis
395 5248 439 5304 vis
456 5248 534 5305 illico
549 5248 677 5320 perdidit
692 5251 799 5323 anguis
959 5249 1042 5303 Hunc
1058 5246 1170 5301 civibus
1186 5246 1327 5318 praebens,
1345 5246 1398 5301 hac
1414 5246 1443 5300 in
1460 5243 1647 5315 praedonibus
1665 5246 1760 5299 utens.

80 5335 121 5391 Ad
131 5336 238 5392 Christi
253 5336 462 5409 laborumque
479 5335 616 5409 deposuit
630 5321 824 5392 dominatum.
960 5337 1034 5408 Ergo
1051 5334 1192 5390 festinans
1204 5334 1335 5389 diaecesis
1351 5339 1378 5389 et
1394 5333 1494 5388 abdita
1509 5332 1650 5397 lustrans,

84 5423 119 5480 ut
132 5426 281 5498 quondam
296 5425 385 5482 Josue
399 5425 515 5484 JerIcho
528 5423 652 5481 bellator
666 5424 695 5480 iu
712 5426 783 5482 urbe
964 5423 1100 5497 Itepporit
1115 5422 1222 5478 erroris
1237 5421 1419 5476 monimenta
1435 5420 1561 5474 nefanda
1575 5418 1692 5492 prioris,

84 5512 193 5570 uoieiis
207 5514 331 5570 laudum
346 5530 452 5587 magne
468 5513 604 5587 clangore
620 5515 759 5569 tubarum
963 5515 998 5569 Et
1013 5514 1192 5568 cariosorum
1210 5510 1343 5581 (luendam
1360 5508 1519 5564 simulacra
1535 5508 1667 5577 deorum,

87 5601 191 5659 lteris
204 5602 356 5673 subvertit,
374 5601 539 5660 munimina
554 5619 676 5676 qusque
692 5602 808 5677 subegit
825 5620 831 5658 ;
966 5605 1033 5670 Quae
1048 5600 1127 5656 toris
1142 5599 1256 5667 incesti,
1271 5596 1314 5655 rel
1329 5596 1482 5671 Apollinis,
1498 5600 1585 5672 atque
1599 5597 1707 5666 Diana,
1765 5594 1768 5598 ’
