3878 6098
117 351 196 412 1037
626 353 731 412 uttDD
753 352 804 412 DD
826 350 1091 412 cantentionis
1112 350 1322 415 EGGLESIAE.
1745 359 1823 417 1038

154 484 279 539 Domum
288 488 368 537 tuam
380 498 552 554 quesumus
561 481 679 537 Domine
688 481 945 556 clementeringrc·
958 486 985 553 Α
1002 499 1067 538 rum
1083 486 1224 539 aternum
1234 484 1377 554 Majestati
1390 489 1445 540 tue
1456 485 1558 541 conclis
1571 485 1822 552 habitaculnm,da

115 571 195 639 dere,
207 576 235 627 et
246 572 275 626 in
287 577 404 627 tuorum
416 571 554 626 cordibus
564 571 694 626 iidelium
708 577 877 644 perpetuam
890 572 942 627 tibi
998 572 1181 627 aedilicationi
1197 577 1252 628 tuae
1277 572 1456 629 incrementa
1471 574 1599 630 caelestia
1614 578 1643 629 et
1658 577 1773 646 presta,
1789 579 1823 630 ut

114 665 253 716 construe
268 659 463 725 mansionem,
476 664 503 715 et
516 663 622 731 presta
636 665 668 714 ut
683 661 788 715 domus
805 659 865 716 baec
879 678 943 733 quin
998 676 1123 731 quorum
1138 660 1185 716 bio
1200 660 1340 734 reliquias
1355 663 1403 734 pio
1418 679 1517 719 amore
1539 663 1761 735 complectimur
1776 679 1824 719 co-

114 753 168 804 tua
182 747 317 804 subsistit
332 746 514 803 dedicatione
530 746 679 813 solemnis,
693 751 744 802 tua
759 747 810 802 liat
824 746 941 803 habita·
998 765 1063 804 rum
1081 765 1198 821 semper
1213 750 1326 806 eteritis
1341 751 1525 820 adjuvemur.
1542 752 1605 808 Per.

105 837 193 897 ¹tione
209 836 356 894 sublimis.
373 835 435 892 Per.
1035 838 1108 893 Tunc
1127 839 1214 893 lineat
1235 854 1296 893 earn
1320 855 1381 894 cum
1402 840 1474 895 colec
1488 854 1552 913 quaa
1565 844 1631 895 ante
1644 840 1737 909 stimat
1747 846 1824 910 preu-

153 927 225 982 Tuue
240 926 358 997 accipiat
374 926 503 997 Pontifex
516 927 648 996 teretrum
661 941 723 980 cam
735 925 900 998 presbyteris
915 929 943 981 et
994 930 1104 998 parata,
1121 929 1148 980 et
1165 930 1309 998 postquam
1325 928 1407 983 linita
1421 928 1508 998 faerit
1521 929 1608 999 tanat
1622 944 1730 983 enicem
1743 927 1824 982 deau-

114 1014 293 1085 inprediendo
307 1014 381 1070 scola
395 1013 503 1086 cntipb.
519 1023 591 1070 eant.
993 1031 1045 1087 per
1068 1030 1131 1070 mm
1158 1017 1306 1071 ebriarnate
1329 1016 1452 1072 itinerario.
1468 1016 1500 1072 ln
1525 1016 1652 1072 nomine.
1669 1017 1703 1071 ut
1728 1017 1824 1071 init-tat

152 1103 342 1177 Ingredimini
358 1102 502 1158 benedicti
518 1103 579 1172 Dei,
592 1108 747 1176 pnratacst
756 1103 838 1160 vobis
853 1119 870 1158 a
884 1103 940 1159 Do·
994 1105 1113 1159 ebrisma
1126 1120 1177 1174 per
1191 1109 1310 1175 quatuor
1323 1121 1426 1160 cornua
1440 1107 1538 1161 attaris
1552 1107 1612 1178 ipsa
1634 1105 1823 1177 suprascripta

113 1191 196 1248 mino
211 1190 353 1247 habitatio
369 1191 446 1246 sedis
461 1194 573 1262 vestrae,
589 1192 639 1246 sed
655 1197 683 1247 et
706 1190 831 1264 populus
846 1190 941 1247 tidelis
995 1194 1044 1249 ubi
1056 1193 1169 1248 dicentia
1184 1197 1210 1248 et
1224 1209 1331 1248 crucem
1343 1194 1469 1265 faciendo
1483 1199 1556 1250 corat.
1572 1195 1605 1249 A.
1615 1194 1742 1266 Corpora
1757 1209 1820 1247 san-

113 1298 182 1336 cum
198 1280 306 1353 gaudio
328 1279 492 1352 insequitur
516 1279 569 1335 iter
589 1286 721 1336 nostrum
738 1284 770 1334 ut
785 1280 873 1337 oretis
888 1297 940 1353 pro
995 1286 1108 1337 ctarum
1120 1282 1149 1335 in
1160 1296 1230 1353 pace
1240 1282 1356 1354 sepulta
1365 1287 1435 1338 sunt
1444 1287 1473 1338 et
1481 1283 1578 1339 vivent
1587 1283 1708 1338 nourina
1717 1297 1818 1337 eorum

110 1370 199 1426 nobie
215 1368 397 1440 lliujestntem
413 1369 539 1424 Domini.
554 1370 621 1425 Cum
636 1370 764 1441 limporis.
780 1369 878 1425 Sancti
889 1369 939 1426 Dei
995 1369 1024 1424 in
1041 1375 1194 1425 eternum.
1210 1370 1326 1441 ttjunp.
1343 1369 1441 1426 Gloria
1457 1370 1544 1426 Patri.
1563 1372 1636 1427 Tune
1647 1371 1757 1433 diaconi
1773 1386 1818 1425 oe-

110 1458 194 1515 dedit
206 1458 298 1514 vobis.
993 1459 1184 1513 sternutare
1206 1463 1233 1513 et
1255 1459 1327 1513 aeota
1350 1458 1404 1513 dic.
1420 1459 1527 1529 entipb.
1543 1458 1728 1514 circumdate
1741 1457 1818 1530 Syon

146 1550 180 1602 Α.
198 1545 354 1603 Benedicta
381 1544 474 1618 gloria
504 1548 619 1602 Domini
644 1548 679 1602 de
699 1547 761 1604 loco
782 1564 835 1603 suo
858 1547 939 1604 aevia.
994 1547 1086 1602 levitae
1101 1546 1192 1604 altare
1207 1547 1322 1603 Domini
1336 1547 1439 1604 vestite
1452 1547 1634 1603 vestimentis
1644 1546 1718 1603 albis
1728 1550 1819 1602 estote

108 1653 257 1693 tumetra.
274 1636 394 1691 Cantate
419 1635 542 1692 Domina
568 1635 713 1691 canticum
739 1653 856 1703 novum,
873 1635 939 1692 laus
993 1640 1022 1691 et
1035 1653 1086 1691 vos
1102 1641 1239 1693 canentes
1253 1652 1376 1709 ymnum
1391 1653 1497 1692 novum
1509 1635 1819 1703 dicentesbenedictus

110 1732 178 1801 ejus
192 1729 222 1784 in
236 1727 366 1783 Ecclesia
387 1732 567 1784 sanctarum.
584 1730 617 1783 nt
631 1744 694 1783 cum
709 1727 875 1783 intrauerint
890 1744 937 1782 ex·
993 1728 1080 1781 Deus.
1097 1731 1122 1790 t.
1139 1725 1281 1781 Mirabilis
1296 1730 1372 1781 Deus
1395 1726 1424 1780 in
1449 1725 1558 1781 sanctis
1580 1724 1653 1781 suis.
1670 1724 1705 1780 ut
1728 1722 1821 1796 gloria

111 1823 188 1874 tenso
203 1818 260 1873 veto
275 1819 349 1872 inter
366 1818 498 1888 poputum
512 1822 537 1872 ct
552 1818 651 1871 attare.
666 1818 797 1889 Pontifex
811 1816 938 1871 recondat
953 1847 977 1913 B
993 1813 1080 1870 Patri.
1098 1815 1161 1870 Atia
1172 1815 1205 1869 A.
1223 1814 1255 1869 ln
1267 1812 1431 1869 velamento
1451 1813 1628 1881 clamabunt
1656 1813 1749 1869 sancti
1778 1811 1821 1868 tui
1853 1819 1862 1826 '

110 1907 375 1980 reliquiaeinattari
384 1907 568 1978 etpresbyteri
578 1907 626 1979 qui
639 1922 700 1962 cam
714 1921 744 1961 eo
758 1908 940 1961 suntcantent
994 1903 1117 1958 Domine
1131 1901 1211 1969 aria,
1228 1902 1308 1967 ervia,
1331 1903 1410 1958 aevia.
1426 1903 1576 1973 Posteaque
1604 1901 1700 1974 atterat
1725 1902 1820 1956 incen-

72 1991 74 1995 ’
110 1997 219 2068 anttpb.
992 2008 1065 2060 aunt,
1082 2007 1225 2062 arnousque
1239 1991 1357 2046 dicotur.
1374 1990 1476 2046 Dinnis
1491 1995 1569 2046 terra
1587 1990 1687 2047 adoret
1701 1995 1728 2045 te
1745 1995 1820 2045 Deus

147 2087 179 2141 Α.
197 2084 375 2140 Exultabunt
386 2083 479 2139 sancti
492 2084 520 2138 in
530 2083 632 2156 gloria,
642 2080 940 2139 laetabunturincubi-
993 2084 1022 2136 et
1036 2079 1152 2152 psallat.
1170 2086 1276 2136 Preces.

109 2174 190 2230 libus
206 2173 278 2230 suis.
294 2175 363 2230 Cure
377 2173 491 2246 psaltae.
509 2172 628 2228 Cantate
642 2171 764 2227 Domino
791 2170 939 2226 canticum
995 2167 1652 2240 FundataestdomusDominisupcrverticem
1663 2168 1817 2225 montium.

108 2280 231 2329 novum,
248 2261 313 2317 laus
328 2262 392 2332 ejus
409 2261 438 2316 in
455 2260 583 2316 Ecclesia
598 2265 777 2316 sanctorum.
1029 2260 1105 2315 Bene
1120 2259 1242 2314 lundata
1256 2264 1301 2314 est
1316 2275 1404 2330 super
1418 2274 1521 2313 ornnes
1535 2257 1633 2313 colles.

144 2352 179 2406 lit
191 2355 338 2423 antequam
353 2350 532 2405 rectiatantur
555 2351 683 2420 reliquie
702 2348 776 2403 dicat
791 2349 862 2403 barre
876 2363 938 2403 oro·
994 2348 1135 2403 Dominus
1154 2348 1184 2403 in
1208 2347 1316 2419 templo
1340 2351 1442 2403 sancto
1468 2363 1532 2402 suo.
1549 2346 1689 2402 Dominus
1704 2347 1733 2401 in
1746 2346 1818 2403 caelo

108 2443 225 2496 tionem.
1028 2439 1112 2493 sedes
1127 2437 1201 2509 ejus.

146 2528 224 2584 Deus
239 2527 288 2599 qui
305 2528 384 2581 omni
406 2526 469 2582 loco
493 2526 706 2581 Dominationis
728 2530 783 2581 tuae
809 2524 939 2581 clenrens
992 2530 1102 2582 Domus
1122 2542 1187 2581 mea
1202 2525 1274 2581 dicit
1290 2525 1440 2591 Dominus,
1458 2529 1566 2581 Domus
1581 2524 1722 2581 orationis
1736 2541 1819 2580 vuca-

108 2615 304 2688 acbenignus
335 2616 484 2672 dedicator
514 2614 640 2670 assistis.
657 2614 766 2670 litandi
791 2629 938 2685 nosque·
1028 2615 1117 2671 bitur.

108 2705 445 2761 sumusetcuneecleut
465 2702 641 2758 inviolabilis
669 2703 759 2774 hujus
788 2701 843 2758 loci
873 2718 938 2775 per·
993 2701 1819 2777 ExultabuntSanctiinglorin.letabunturincubilibus

107 2799 229 2851 maneat
266 2793 456 2859 consecratio,
486 2795 514 2848 et
551 2791 692 2847 beneficia
727 2791 768 2846 tui
808 2791 939 2847 muueris
1028 2794 1101 2850 suis.

108 2883 287 2940 universitas
299 2887 405 2938 sancte
413 2880 614 2953 Ecclesiacquac
625 2879 769 2952 supplicat
781 2884 936 2936 tuerentur.
992 2882 1130 2939 Daultent
1142 2883 1217 2953 justi
1242 2883 1272 2939 in
1296 2887 1453 2956 conspectu
1469 2882 1531 2939 Dei.
1547 2882 1581 2938 ut
1595 2881 1775 2938 delectentur
1789 2882 1819 2938 in

109 2973 177 3030 Per.
1029 2972 1138 3028 letitia.
1773 3010 1777 3016 -

148 3065 205 3119 linc
217 3063 326 3135 captata
338 3065 423 3133 ponat
438 3061 557 3117 obrisum
573 3062 603 3114 in.
617 3061 811 3131 rorisesaionnn
824 3076 874 3132 per
887 3077 938 3114 an-
994 3062 1123 3118 Pretiosa
1137 3067 1182 3118 est
1197 3062 1225 3116 in
1242 3066 1400 3135 conspectu
1417 3061 1542 3118 Domini.
1552 3062 1629 3118 Mors
1644 3061 1819 3119 Sanctorum

108 3153 190 3224 putea
203 3155 322 3223 quatuor
336 3151 365 3203 in
386 3165 494 3205 erucem
517 3149 638 3204 dicendo.
655 3150 687 3204 ln
703 3148 821 3204 noniine
844 3147 938 3204 Patris
1028 3153 1102 3223 ejus.

110 3246 142 3298 et
156 3239 221 3296 Filii
236 3245 264 3295 ct
279 3239 405 3311 Spiritus
431 3238 729 3295 sanetiPaatecum.
746 3239 862 3294 Etcum
879 3217 1242 3314 spi-Cuxurgeoomine
1259 3241 1494 3313 adjuvanosDt
1520 3240 1612 3297 libera
1641 3257 1694 3296 nos
1722 3242 1820 3311 proter

111 3331 171 3387 ritu
185 3333 245 3385 tuo.
1029 3347 1135 3386 nomen
1151 3335 1247 3386 tuum.

147 3419 251 3475 Deinde
278 3421 363 3490 ponat
387 3421 440 3473 tres
464 3419 602 3489 portiones
618 3417 691 3489 (201)
706 3419 826 3489 eorporis
841 3418 895 3494 Dni
908 3418 939 3471 in
993 3420 1115 3476 Domine
1129 3419 1232 3475 exaudi
1247 3419 1409 3475 orationem
1424 3434 1531 3473 meam.
1548 3417 1583 3472 Et
1597 3415 1706 3471 elamor
1722 3431 1816 3470 meus.

110 3508 317 3579 contemtorem,
334 3511 360 3561 et
376 3506 476 3561 tresde
490 3507 608 3572 incertae,
625 3509 651 3559 ct
673 3511 738 3560 tunc
762 3506 940 3560 recludantur
1028 3515 1098 3565 ons.
1115 3508 1276 3564 vobiscum.
1293 3508 1326 3561 nt
1338 3523 1406 3562 cum
1422 3506 1471 3577 Sp.
1485 3510 1506 3560 t.

112 3598 242 3668 reliquiae
256 3598 286 3650 iu
300 3597 468 3667 consessione
492 3598 518 3650 et
540 3594 605 3649 tium
629 3595 809 3650 recludantur
836 3597 940 3649 currerat
993 3602 1031 3655 Et
1045 3598 1119 3652 dicat
1130 3598 1256 3668 pontifex
1270 3597 1421 3651 orationem
1436 3595 1515 3649 tiarae.

111 3687 220 3757 antipb.
239 3686 300 3741 Sub
312 3683 402 3740 altare
418 3683 533 3740 Domini
550 3684 633 3738 sedes
649 3683 802 3756 accepistis
817 3684 940 3738 interce·
1030 3686 1190 3742 Descendat
1205 3701 1376 3757 quaesumus
1392 3683 1513 3738 Domine
1529 3687 1604 3739 Deus
1615 3686 1714 3738 noster
1728 3681 1819 3754 Spiri-

112 3775 174 3829 dite
190 3791 241 3845 pro
257 3773 342 3829 nobis
356 3774 393 3829 ud
420 3771 576 3827 Dominum
606 3773 655 3844 qui
679 3790 730 3828 vos
757 3771 852 3845 clegit.
870 3774 941 3829 Cum
994 3781 1064 3833 tuus
1075 3778 1196 3830 sanctus
1206 3790 1295 3844 super
1305 3772 1359 3827 hoc
1369 3771 1470 3839 altare,
1483 3771 1531 3843 qui
1543 3776 1572 3827 et
1582 3770 1681 3844 populi
1692 3770 1733 3825 tui
1745 3771 1822 3826 dona

111 3862 228 3934 psalmo.
243 3860 420 3917 Exultabnnt
445 3860 538 3916 sancti
557 3860 585 3914 in
601 3860 703 3932 gloria,
720 3859 896 3915 letabuntur
912 3860 940 3915 in
996 3864 1171 3951 sanctificet,
1185 3868 1215 3918 et
1226 3861 1437 3918 summentium
1454 3861 1541 3915 corda
1557 3859 1700 3932 purificet.
1716 3859 1778 3914 Per.

114 3950 263 4007 cubilibus
278 3950 350 4006 suis.
1032 3955 1104 4010 etta.
1120 3951 1311 4024 Omnipotens
1322 3949 1500 4021 sempiterne
1510 3953 1587 4005 Deus
1597 3948 1688 4004 altare
1698 3947 1754 4003 boc
1769 3964 1821 4003 no·

998 4044 1071 4100 mini
1096 4047 1147 4098 tuo
1170 4042 1309 4108 dicatum,
1326 4038 1451 4096 caelestis
1479 4038 1596 4095 virtutis
1623 4037 1824 4094 benedictione

998 4132 1159 4198 sanctifica,
1176 4135 1204 4186 et
1220 4130 1358 4187 omnibus
1373 4129 1403 4185 in
1419 4133 1447 4184 te
1463 4128 1651 4202 sperantibus
1666 4126 1766 4183 auxilii
1782 4124 1824 4181 tui

999 4237 1108 4279 munus
1124 4220 1253 4286 ostende,
1264 4222 1297 4274 ut
1310 4217 1358 4274 hic
1373 4224 1623 4274 sacramentorum
1634 4216 1727 4270 virtus
1740 4217 1769 4269 ot
1778 4230 1825 4269 va-

153 4311 230 4364 Deus
245 4306 296 4380 qui
312 4306 416 4363 altaria
431 4306 542 4363 nomini
562 4312 612 4363 tuo
628 4306 753 4363 dicanda
768 4307 945 4375 sanctificas,
1000 4317 1096 4368 torum
1112 4307 1278 4365 obtineatur
1291 4306 1420 4362 ollactus.
1438 4305 1500 4362 Per.

117 4401 224 4469 praesta
233 4413 404 4468 quesumus
413 4400 446 4450 ut
456 4396 534 4468 quod
546 4400 644 4452 nostra
655 4393 797 4467 fragilitas
812 4413 869 4452 non
886 4413 946 4452 me·
1036 4398 1141 4456 Deinde
1157 4400 1311 4453 reuertatur
1328 4397 1455 4466 pontifex
1469 4395 1500 4448 in
1514 4393 1666 4448 cananum
1679 4391 1764 4447 donec
1776 4405 1824 4445 or·

119 4472 201 4542 retu'r
212 4484 422 4541 intercessione
437 4484 512 4540 beati
528 4484 561 4539 N.
578 4483 637 4539 buc
651 4482 778 4556 Spiritus
794 4484 835 4539 tui
852 4484 947 4556 pleni·
1000 4494 1084 4545 netur
1095 4487 1218 4553 ecclesia,
1234 4489 1260 4540 et
1274 4483 1459 4539 accendantur
1479 4481 1642 4556 liminaria,
1658 4484 1685 4536 et
1707 4479 1825 4550 incipiat

119 4572 432 4645 ind⁰d⁸⁸⁰e¹1dsslasl¹¹l
445 4576 473 4628 ⁰i
488 4588 610 4629 munera
623 4577 723 4627 ¹10⁸lffl
736 4572 906 4640 Sflssssllflvel‚
919 4576 948 4629 θῑ
962 4584 985 4648 Β
1001 4583 1097 4635 cantor
1111 4576 1289 4646 arriiplronam
1303 4571 1338 4627 ad
1352 4566 1671 4640 introiturn.„'lerribilis
1684 4571 1729 4624 est
1742 4566 1825 4622 locus

119 4661 333 4735 indulgentiam
349 4661 434 4717 nobis
449 4665 504 4717 tua
521 4661 636 4731 pietalis
651 4660 790 4716 obtineat.
804 4661 866 4717 Por.
1001 4669 1067 4723 ista.
1083 4667 1116 4719 Et
1128 4663 1256 4735 procellat
1277 4661 1404 4732 pontisera
1426 4673 1488 4712 ciam
1509 4657 1650 4713 ordinibus
1674 4659 1739 4724 suia,
1755 4657 1826 4711 simet

153 4752 188 4806 Et
201 4751 339 4821 accipiens
354 4750 478 4805 tabulam
492 4749 526 4804 tte
539 4749 633 4805 subt-as
647 4750 789 4819 contitinet
810 4766 871 4804 eam
884 4767 946 4806 cum
1000 4752 1166 4812 rorrsuetario
1180 4755 1218 4805 est
1234 4750 1262 4803 in
1278 4747 1522 4819 testinatione
1537 4747 1689 4802 celebretur
1701 4744 1827 4800 antenni-

119 4841 269 4895 etaremate
291 4840 321 4893 in
334 4855 442 4894 crucem
457 4840 497 4894 ita
511 4838 612 4893 dicere.
630 4837 662 4892 ln
678 4838 796 4892 nomine
812 4837 905 4892 Patris
920 4843 948 4893 et
1002 4850 1044 4901 ter
1058 4843 1141 4897 misia
1165 4841 1235 4893 sieut
1257 4840 1492 4895 saenimerrtoram
1508 4836 1578 4891 libro
1597 4836 1752 4890 continetur
1765 4849 1828 4887 cum

121 4928 184 4991 filii
200 4932 229 4984 ct
244 4927 371 4998 Spiritus
387 4927 491 4983 sancti.
509 4930 567 4980 ear
586 4930 694 4980 tecum.
713 4925 746 4979 D
760 4942 827 4980 cum
843 4926 948 4997 spiritu
1003 4931 1102 4989 Gloria
1116 4929 1144 4982 in
1161 4924 1281 4982 excelsis
1298 4930 1365 4989 Deo,
1382 4930 1407 4980 rt
1421 4930 1513 4996 pastea
1526 4942 1576 4996 per
1594 4928 1678 4979 totam
1700 4921 1828 4978 ebrtotna·

121 5022 181 5074 tuo.
191 5018 264 5073 Tarne
276 5018 398 5088 imponat
414 5016 537 5071 labatem
551 5031 633 5086 saper
647 5015 778 5086 reliquias
788 5019 814 5069 et
828 5015 872 5070 det
887 5032 949 5070 ara·
1003 5022 1067 5077 tarn
1082 5020 1150 5091 pant
1164 5017 1256 5072 aniane
1269 5015 1389 5086 poeticae
1404 5015 1478 5087 (aaz)
1495 5016 1524 5068 tn
1541 5016 1599 5084 ipsa
1620 5012 1730 5067 ecelesia
1745 5023 1830 5081 usqae

121 5108 225 5163 tionem
239 5104 320 5160 banc.
337 5109 415 5160 Deus
430 5105 480 5177 qui
497 5103 624 5160 exomni
641 5104 824 5176 coaptatione
839 5109 951 5160 sancto·
1004 5110 1039 5166 (nt
1054 5108 1125 5163 diem
1141 5109 1199 5161 ecto
1214 5106 1367 5176 coreptetea.

115 4119 216 4160 omaro
231 4118 268 4158 AD
284 4118 468 4159 DEDICANDUM
484 4118 590 4157 ALTADE
610 4117 678 4156 POST
697 4117 846 4157 introsruns
865 4118 942 4158 aaut·

485 4189 579 4236 0U1AS.

121 5230 352 5302 Pisonemquod
370 5228 560 5285 blabillonins
576 5226 715 5284 describit
731 5228 760 5283 in
776 5228 950 5286 itinereltat.
1007 5234 1090 5297 mini,
1127 5232 1224 5288 nando
1241 5229 1369 5303 reliquiae
1382 5228 1466 5284 nullae
1482 5231 1552 5283 sunt
1567 5223 1733 5310 prestanti
1744 5222 1831 5304 ctiam

121 5300 289 5372 Eodemque
305 5302 454 5373 periment
476 5300 604 5356 ⁰r⁸i⁰tit²
631 5314 694 5372 (1¹¹ae
718 5301 891 5355 Anastasius
907 5302 953 5355 bi·
1007 5307 1096 5362 habet
1146 5301 1292 5360 notificato
1321 5300 1448 5356 Durandi
1466 5316 1473 5355 ε
1489 5297 1685 5371 Deficientibua
1705 5295 1833 5366 reliquus
1875 5349 1882 5358 ,

121 5371 408 5429 blioth.anonnullis
420 5371 611 5444 pontificibus
621 5371 649 5426 in
661 5371 840 5442 baptisteriis
852 5373 954 5429 iecisse
1006 5381 1092 5450 ponat
1106 5392 1153 5431 eor
1191 5392 1204 5428 a
1220 5374 1331 5430 Cbriati.
1768 5435 1774 5447 ο

122 5447 236 5500 ”Will-
320 5488 326 5494 ·
1045 5452 1119 5520 (202)
1161 5463 1200 5501 aec
1225 5444 1339 5500 rubrica
1355 5441 1384 5496 in
1402 5440 1633 5498 Sacramenturio
1656 5437 1834 5510 Gregorrano

155 5516 231 5581 (201)
247 5513 359 5569 Passim
376 5512 430 5568 boc
442 5512 563 5569 inlibris
580 5513 735 5568 ritualibus
751 5511 845 5581 legere
860 5519 904 5569 est
920 5515 956 5572 de
1010 5520 1180 5593 passimque
1194 5517 1225 5571 in
1241 5515 1335 5570 ordin.
1351 5513 1544 5569 dedicationis
1568 5511 1637 5568 eccl.
1653 5507 1835 5589 legiturtritu

120 5586 218 5643 ifllmfl
227 5601 280 5657 1³⁰?
282 5585 662 5656 lit’ssibffi⁰⁰¹·ttsstlfll3htissli
677 5582 818 5655 ponendis
829 5584 856 5638 in
871 5586 955 5642 altari
1011 5590 1228 5662 antiquissimo,
1245 5602 1331 5657 quem
1348 5583 1376 5638 in
1394 5583 1573 5642 dedicatione
1588 5581 1716 5639 basilicae
1735 5579 1835 5642 litero,-

119 5657 295 5714 dedicantlo.
313 5658 394 5722 Quod
421 5656 528 5711 »uidem
546 5656 701 5712 leuandus
717 5655 746 5713 in
762 5654 876 5715 ltaliae.
898 5659 956 5715 div.
1012 5662 1192 5735 solyniitane
1208 5661 1365 5721 serratum,
1382 5655 1486 5713 Eusob.
1504 5654 1556 5712 lib.
1572 5673 1610 5716 rr.
1629 5662 1667 5709 tte
1680 5652 1747 5706 Vita
1761 5649 1836 5726 Con3

120 5728 213 5802 ⁰lfl⁰n
227 5743 253 5788 ⁰·
267 5729 295 5787 7·
312 5675 586 5801 11·23,liaoienrtun1
603 5725 664 5785 vult
680 5741 748 5787 cum
761 5742 881 5801 corpore
902 5734 957 5791 Do·
1013 5731 1133 5792 stantini
1148 5733 1283 5800 testatur,
1294 5714 1866 5801 commemoramussxnamnsannana.
