3878 6098
108 277 176 360 99³
741 281 932 345 rurvrcruu
955 282 1217 351 umuruuuvts.
1337 277 1340 282 ’
1759 298 1825 367 att

105 417 209 481 pectus
224 416 369 478 recipientur
384 409 469 485 (145).
486 410 519 470 Ν.
537 415 570 467 In
586 412 705 469 nomino
721 413 813 472 Putris
834 419 863 471 et
885 414 949 491 Filii
962 418 990 484 Α
1005 417 1035 471 et
1050 415 1375 489 consessioueplacutus
1390 435 1431 487 cs,
1451 418 1490 477 ita
1505 421 1621 479 ethuic
1644 423 1753 482 samolo
1766 431 1826 491 ,tuo

114 501 148 554 et
161 497 288 570 Spiritus
304 499 397 556 sancti
414 499 512 571 accipe
537 502 704 559 sanitatem.
721 503 823 578 Ungue
844 507 945 577 pratus
999 502 1125 575 placare,
1142 507 1171 561 et
1195 505 1332 577 precibus
1357 506 1422 565 eius
1450 508 1595 584 benignus
1619 513 1775 587 aspirant
1796 517 1826 574 in

113 589 201 642 tuum
218 588 253 643 de
268 587 331 644 oleo
346 594 449 649 sancto
464 590 494 663 in
505 592 624 649 nomine
634 597 742 649 sancta
752 593 905 652 Trinitatis
914 597 947 650 ut
999 592 1182 651 consessione
1198 592 1288 661 llebili
1303 611 1480 668 permanens
1494 602 1523 665 et
1533 599 1677 672 petitione
1686 607 1828 676 perpetua

113 675 172 755 troo
187 676 335 741 unctionis
351 684 509 752 prospectu
528 684 640 738 certare
654 680 767 739 sortiter
784 682 883 740 valeas
897 683 947 739 ad·
999 681 1248 739 clementiatuam
1263 682 1395 753 celeriter
1409 692 1517 756 exoret,
1534 670 1703 764 sanctisque
1728 690 1827 753 altari·

112 781 220 833 ¹versus
232 766 326 827 aerias
341 770 482 826 catervas.
492 769 650 848 Proestaute
660 771 723 827 Duo
734 788 786 828 nm
798 771 945 845 lthaui
970 814 984 839 ,
999 770 1056 827 bus
1066 774 1094 828 et
1109 773 1303 837 sacramentis
1312 777 1468 837 restitutus
1477 795 1580 849 rursus
1589 779 1827 856 cmlestisgtorias

114 871 186 912 cum
202 854 405 913 PatreDciudc
419 857 468 932 [oc
482 875 590 929 crucem
604 861 678 917 iuter
690 861 826 933 scopulos,
843 869 870 917 et
888 877 945 917 mc-
1000 860 1195 933 mancipetur.
1213 862 1275 918 Per.

113 944 194 1001 diurn
209 946 396 1023 scapularum.
406 935 440 1003 N.
450 948 482 1004 ln
498 948 617 1021 nomino
628 949 722 1006 Patris
732 953 760 1008 et
775 949 947 1023 FiliietSpi-
1035 949 1108 1005 Atia.
1125 939 1207 1006 Deus
1217 950 1481 1021 miscricors‚Deus
1502 953 1645 1027 clemens,
1662 957 1711 1031 qui
1724 975 1830 1027 ¹scauu-

115 1034 194 1095 ritus
209 1034 303 1092 sancti
319 1035 600 1111 accipesanitatcrn.
622 1039 725 1114 Unguo
740 1038 877 1113 scapulas
891 1039 946 1096 has
1000 1038 1071 1094 dum
1087 1037 1308 1095 multitudinem
1324 1039 1545 1107 miserationum
1569 1046 1689 1100 tuarum
1707 1050 1830 1118 peccata

116 1123 180 1180 sive
190 1123 322 1185 nicetium
337 1124 527 1198 scapularum
543 1128 579 1184 de
594 1127 657 1184 alea
672 1133 802 1198 sacrant
816 1146 851 1186 ex
865 1129 945 1186 omni
999 1126 1203 1201 poenitentium
1224 1127 1314 1196 deles,
1325 1132 1355 1184 et
1367 1130 1581 1202 preteritarum
1596 1131 1754 1190 criminum
1770 1133 1829 1203 aul-

111 1216 201 1291 parte
216 1213 360 1290 spirituali
371 1216 551 1288 protectione
562 1217 800 1290 munitusjaaulu
810 1217 946 1276 diabolici
1000 1233 1054 1290 pas
1070 1216 1156 1273 venia
1170 1216 1354 1275 remissionis
1363 1234 1503 1289 *evacuas
1520 1219 1632 1294 respice
1647 1238 1736 1296 super
1750 1221 1828 1283 hanc

83 1357 86 1361 .
116 1303 248 1377 impetus
263 1302 386 1361 viriliter
396 1309 603 1380 contempnere
614 1324 648 1363 ac
658 1305 759 1381 procul
771 1308 868 1379 possis
878 1325 946 1364 cum
1001 1304 1148 1362 famulum
1162 1309 1258 1374 tuum,
1274 1310 1303 1362 et
1318 1306 1522 1365 remissionem
1538 1309 1595 1366 sibi
1609 1309 1742 1369 omnium
1763 1329 1828 1387 peo-

116 1392 222 1449 robore
234 1392 396 1464 juvaminis
412 1392 561 1468 repellere.
581 1397 611 1451 ln
629 1396 747 1453 nomine
762 1397 815 1453 Dni
832 1397 877 1453 nri
893 1396 946 1453 lhu
1002 1396 1135 1450 catorum
1150 1411 1272 1455 auarum
1287 1399 1349 1450 totu
1360 1395 1455 1451 cordis
1465 1396 1647 1455 consessione
1658 1405 1827 1472 poscentem

115 1481 171 1554 Xpi
191 1482 323 1555 quicum
338 1483 421 1539 Patre
436 1484 586 1557 ctSpiritu
602 1491 703 1543 sancto
717 1486 787 1543 vivit
801 1490 830 1542 et
845 1491 948 1560 regnat
1001 1483 1177 1555 deprecatus
1200 1482 1315 1548 exaudi,
1334 1500 1440 1540 renova
1456 1485 1485 1540 in
1512 1501 1546 1542 eo
1571 1485 1717 1558 piisssima
1732 1492 1846 1556 Palen·

115 1571 197 1635 Deus
209 1588 265 1645 per
278 1571 378 1633 omniu
402 1572 509 1629 secula
532 1573 717 1632 seculorum.
733 1578 835 1633 Amen.
851 1578 948 1634 Postea
1002 1571 1147 1645 quidquid
1160 1575 1277 1635 terrena
1301 1570 1662 1651 tragilitatefeorruptum
1679 1576 1722 1633 vel
1743 1577 1829 1652 qaid·

113 1661 163 1737 sae
175 1676 283 1739 nucem
296 1662 327 1716 iu
339 1661 451 1739 palmis.
463 1662 496 1717 N.
509 1667 542 1735 lp
556 1664 674 1721 nomine
686 1665 781 1732 Patris
797 1668 825 1721 et
839 1664 903 1721 Filii
919 1671 948 1722 et
1002 1659 1073 1733 quid
1089 1659 1235 1727 diabolica
1258 1660 1361 1719 fraudo
1384 1659 1526 1724 violatum
1550 1665 1596 1726 est
1618 1662 1662 1719 vel
1689 1663 1720 1719 in
1736 1650 1828 1728 unum

113 1748 245 1823 Spiritus
259 1750 353 1827 sancti
365 1750 466 1825 ¹accipe
480 1752 649 1810 sanitatem.
663 1754 766 1829 Unguo
777 1757 806 1811 et
820 1754 874 1825 has
885 1771 946 1813 ma·
1002 1750 1169 1806 membrum
1184 1749 1315 1823 corporis
1329 1748 1436 1807 Christi
1451 1755 1480 1806 et
1495 1750 1525 1806 in
1542 1751 1684 1819 unitatem
1695 1752 1829 1810 Ecclesiae

116 1855 178 1913 nus
192 1838 224 1895 in
241 1840 359 1915 nomine
369 1844 475 1916 sancte
486 1842 638 1900 Trinitatis
650 1844 686 1915 de
696 1843 949 1915 oleoconsecrato,
1004 1840 1059 1894 tua
1075 1839 1276 1895 membrorum
1292 1838 1420 1912 perlecta
1435 1837 1608 1909 remissi⁰na
1623 1841 1754 1905 restituo·
1776 1842 1829 1910 tili-

112 1934 152 2007 ,ut
174 1928 318 2005 quidquid
330 1928 442 2003 inlicito
452 1930 497 1989 vel
515 1930 599 1988 noxio
615 1950 701 2007 apere
709 1936 950 2008 peregerunt,per
1002 1943 1098 1984 serere
1114 1927 1829 2007 0110gemituumifflifflfflltffimssrufflteiltffll

115 2016 195 2075 hanc
207 2019 375 2091 unctionem
390 2023 556 2076 evacuetur.
566 2022 670 2093 Deinde
682 2022 763 2095 pedes
786 2031 949 2093 rcnpuaatur
1003 2016 1158 2074 habentem
1174 2016 1312 2073 fiduciam
1326 2016 1381 2085 nisi
1400 2016 1429 2072 in
1445 2021 1496 2074 tua
1510 2017 1712 2080 misericordia
1726 2020 1762 2077 ad
1778 2037 1828 2077 sa·

116 2105 242 2169 dicenda
257 2106 291 2162 N.
312 2107 345 2163 la
367 2107 486 2169 nomine
510 2109 564 2188 llru
583 2111 638 2185 xpi
663 2112 804 2169 Nazareni
819 2129 905 2188 surge
920 2117 948 2170 et
1002 2110 1364 2178 cramcatumquaesumus
1375 2103 1619 2171 reconciliationis
1630 2107 1827 2177 admittel’er.

116 2194 361 2271 ambulaUnguo
383 2197 437 2253 hos
452 2198 542 2271 pedes
554 2199 590 2256 de
605 2199 668 2257 oleo
683 2201 835 2265 benedicto
852 2203 880 2257 in
896 2220 947 2260 aa·
1038 2196 1117 2251 Alia.
1134 2195 1316 2251 Maiestatem
1330 2199 1412 2251 tuam
1437 2194 1498 2251 Une
1519 2194 1668 2269 supplices
1690 2196 1828 2269 depreco-

116 2286 198 2363 mins
209 2285 264 2357 Dpi
280 2285 325 2341 uri
342 2286 395 2343 lhu
419 2286 483 2362 xpi,
501 2291 534 2343 ut
557 2289 702 2363 quidquid
730 2292 879 2364 superfluo
904 2293 947 2349 vel
1002 2301 1079 2351 mur,
1093 2289 1126 2341 ut
1141 2284 1210 2343 huic
1226 2282 1335 2349 lamule
1350 2288 1401 2340 tuo
1416 2283 1503 2358 lo‘ngo
1519 2282 1634 2363 sqalore
1653 2286 1828 2358 paenitentia

115 2375 221 2431 nosco
235 2374 352 2449 incessu
362 2376 575 2434 commiserunt
589 2378 646 2435 ista
658 2379 774 2437 aboleat
784 2382 946 2455 perunctio,
1002 2379 1149 2430 macerato
1165 2373 1364 2436 miserationis
1377 2375 1434 2428 tua
1449 2373 1563 2440 rapiam
1578 2373 1678 2446 largiri
1687 2373 1827 2448 digneris,

115 2467 152 2521 ut
167 2463 222 2521 hac
238 2463 374 2522 unctione
390 2465 593 2523 corroboratus
618 2468 712 2525 aerias
738 2468 836 2527 valcas
860 2489 947 2546 supe·
1003 2466 1036 2518 ul
1050 2463 1173 2536 nuptiali
1189 2467 1267 2519 veste
1282 2466 1397 2536 recepto
1411 2463 1447 2518 ad
1463 2461 1591 2536 regalem
1608 2465 1828 2529 mensflmunde

119 2569 187 2610 rare
202 2556 342 2610 catervas.
1002 2555 1112 2608 eiectus
1125 2554 1222 2608 luerat
1234 2556 1380 2611 mereatur
1394 2551 1524 2609 introire.
1541 2551 1604 2608 Por.

413 2642 544 2717 Sequitur
558 2646 662 2704 Oratio.
1042 2642 1117 2697 utic.
1134 2641 1292 2701 Benedicat
1320 2643 1349 2696 te
1377 2645 1452 2697 Deus
1476 2639 1570 2712 Pater,
1587 2645 1671 2698 sanet
1695 2645 1725 2707 te
1748 2642 1829 2709 Deus

157 2730 349 2805 Omnipotens
365 2732 452 2801 Deus,
464 2733 515 2807 qui
530 2752 581 2807 per
604 2753 637 2795 as
661 2737 738 2794 beati
762 2740 859 2807 lacohi
878 2758 948 2814 apo·
1003 2729 1103 2799 Filius,
1121 2727 1267 2786 illuminet
1281 2733 1309 2786 te
1323 2729 1451 2802 Spiritus
1466 2733 1596 2793 sanctus.
1613 2732 1724 2805 Corpus
1744 2736 1828 2793 tuum

123 2819 195 2895 stoli
210 2820 253 2876 tui
268 2821 322 2887 hoo
337 2821 533 2879 ministerium
549 2824 675 2881 infirmis
693 2828 830 2891 omnibus
855 2830 949 2889 tacere
1003 2820 1150 2875 custodiat
1164 2817 1294 2881 animam
1310 2821 1391 2874 tuem
1406 2816 1507 2885 salvet,
1525 2835 1575 2875 cor
1597 2823 1681 2876 tuum
1696 2819 1828 2891 irradiet,

122 2909 300 2985 precepisti,
316 2927 455 2983 conserva
470 2913 580 2985 famulo
604 2917 654 2985 tua
678 2914 712 2971 N.
728 2920 847 2975 tuarum
873 2920 950 2982 dona
1003 2909 1082 2965 etad
1099 2924 1227 2981 superno
1239 2911 1268 2967 te
1278 2907 1429 2981 perducat,
1444 2922 1628 2980 perseverare
1645 2910 1674 2963 to
1695 2906 1829 2973 Christus
1855 2905 1860 2914 '

122 2999 277 3067 virtutum,
288 3003 317 3056 et
330 3002 464 3071 concede,
479 3006 511 3058 ut
524 3002 668 3059 medelam
681 3009 761 3071 tuam
778 3024 836 3064 non
852 3008 948 3066 solum
1004 2998 1034 3054 in
1050 3015 1103 3054 suo
1118 3003 1219 3054 sancto
1234 2997 1352 3054 servitio
1367 2996 1464 3063 faciat,
1480 2999 1509 3053 et
1523 2996 1665 3069 perducat
1674 3000 1707 3061 ‚te
1730 2996 1760 3053 in
1785 2998 1829 3061 vi·

118 3087 154 3147 io
170 3104 300 3162 corpore,
316 3090 367 3157 sed
384 3089 473 3147 etiam
488 3090 519 3148 in
534 3096 632 3148 mente
645 3094 796 3169 percipiat,
812 3097 875 3154 Per,
1003 3092 1064 3143 tam
1080 3091 1228 3142 aeternam.
1240 3086 1355 3142 Partem
1367 3083 1506 3142 merearis
1516 3085 1625 3154 habere
1640 3102 1707 3142 cum
1718 3087 1829 3153 sanctis

156 3178 230 3253 Alta.
254 3178 377 3235 Domine
398 3155 499 3239 saucts
529 3180 611 3236 Pater
636 3184 821 3257 omnipotens
844 3165 986 3253 etenneC
1003 3180 1032 3233 ei
1045 3175 1145 3233 electis
1159 3174 1220 3232 Dei·
1238 3174 1393 3248 Indulgeat
1415 3173 1469 3235 tibi
1494 3174 1572 3231 Deus
1596 3175 1697 3231 omnia
1711 3180 1829 3250 peccata

119 3265 211 3341 Deus,
226 3267 277 3342 qui
288 3270 337 3342 'cst
350 3266 397 3324 viu
417 3272 445 3324 et
463 3269 569 3347 veritas
584 3273 612 3326 et
623 3270 694 3344 vitu,
712 3274 817 3331 exaudi
838 3264 947 3332 eleon.
1004 3269 1064 3332 tua,
1080 3264 1254 3322 misereatur
1270 3263 1322 3319 tibi
1336 3262 1470 3320 Christus
1485 3263 1565 3320 illius
1577 3263 1643 3335 Dei,
1660 3279 1776 3335 semper
1799 3268 1827 3320 te

116 3371 206 3435 serva
229 3355 308 3433 Duae
337 3354 482 3429 famulum
507 3359 603 3429 tuum,
620 3352 707 3431 quem
732 3361 825 3432 pretio
842 3379 948 3437 magno
1002 3371 1109 3411 sanam
1124 3358 1153 3410 et
1166 3353 1341 3411 incolomem
1357 3356 1386 3411 et
1399 3355 1561 3426 protectum
1578 3352 1614 3407 ab
1629 3351 1827 3419 omnibusin-

115 3444 297 3521 redemendo
324 3443 476 3523 vivificasti
502 3462 583 3519 sacro
610 3446 754 3523 sanguine
769 3450 821 3506 filii
837 3451 881 3507 rui
893 3450 949 3509 no.
1002 3443 1087 3500 sidiis
1102 3442 1289 3499 inimicorum
1304 3441 1437 3499 omnium
1459 3439 1605 3498 custodiat
1624 3443 1710 3496 Pater
1731 3440 1828 3513 amni-

118 3531 197 3609 midi
213 3534 258 3613 uri
274 3533 327 3590 thu
350 3534 405 3607 Xpi
431 3533 481 3608 qui
504 3539 601 3611 tecum
626 3530 695 3611 viiit
718 3543 747 3595 et
769 3545 880 3614 regnat.
895 3544 949 3601 1150
1002 3534 1107 3603 potens
1122 3531 1172 3602 qui
1188 3533 1216 3586 te
1230 3528 1338 3585 creavit
1352 3545 1403 3603 per
1419 3527 1538 3584 unicum
1549 3526 1644 3584 lilium
1655 3528 1828 3585 suumDnm

115 3624 337 3697 coprmuaiectur
350 3625 441 3697 (llo).
459 3624 516 3679 Pax
531 3628 560 3680 et
574 3627 801 3685 communicatio
818 3631 948 3703 comm-js
1002 3635 1069 3675 nrm
1083 3618 1135 3691 qui
1149 3635 1217 3674 cum
1233 3617 1334 3675 eodem
1351 3616 1433 3673 Patre
1448 3615 1594 3689 etSpiritu
1609 3620 1709 3673 sancta
1719 3616 1829 3675 viro'tet

121 3711 325 3797 etl'ssnguinis
344 3712 399 3769 Dni
425 3713 470 3769 nri
495 3713 548 3769 lhu
572 3713 625 3787 ltpi
651 3723 802 3776 conservet
817 3718 948 3790 animam
998 3712 1105 3783 ,regnat
1119 3707 1148 3763 in
1164 3706 1271 3763 Sfflssulss
1284 3704 1469 3764 Sfflssul⁰rum·
1485 3707 1588 3761 Amen.

116 3805 203 3859 tuam
219 3796 250 3857 iia
265 3802 354 3859 vitam
369 3803 518 3875 aeternam.
534 3806 637 3860 elmon.
1037 3798 1110 3853 Atia.
1126 3796 1233 3852 Adesto
1246 3796 1308 3851 Dne
1323 3793 1588 3867 supplicationibus
1603 3793 1778 3863 nastris,nec
1788 3794 1828 3851 sit

321 3872 324 3879 ²
417 3890 654 3965 Alia-Orationes.
1001 3888 1038 3949 ab
1053 3887 1108 3947 hoc
1124 3884 1232 3943 lamule
1255 3889 1307 3943 tuo
1332 3882 1493 3942 clementia
1517 3883 1644 3965 benigna
1666 3884 1827 3954 miseratio,

155 3980 281 4038 Oramus
310 3980 414 4054 iratres
439 3980 515 4037 Dum
546 3998 612 4037 nrm
641 3999 692 4055 pro
722 3984 946 4056 tratre‘nostro,
1001 3994 1074 4034 sana
1086 3976 1217 4041 vulnera,
1234 3974 1356 4047 eiusque
1370 3973 1485 4030 remitte
1504 3976 1633 4046 peccata,
1649 3977 1683 4029 ut
1706 3971 1828 4030 nullisa

117 4084 211 4142 quern
227 4069 298 4125 dure
314 4069 350 4126 ad
366 4086 494 4143 praeseus
510 4068 621 4127 malum
633 4069 782 4145 languoris
795 4073 949 4151 affligir‚ut
1001 4071 1030 4122 te
1045 4064 1250 4139 iniquitatibus
1265 4064 1327 4120 suis
1342 4067 1495 4137 separatus
1511 4061 1563 4119 tibi
1579 4062 1766 4138 sempeane
1778 4062 1828 4129 ‚ud-

117 4174 190 4237 εμπ)
203 4158 320 4231 Domiui
335 4159 430 4233 pietas
442 4157 612 4217 aoelestibus
623 4160 760 4233 dignetur
769 4154 871 4237 curare
887 4181 948 4235 me·
1002 4155 1111 4212 haerssrfl
1125 4153 1230 4210 valeat·
1246 4152 1310 4209 Per·

113 4244 238 4323 diuinis,
250 4251 284 4303 ut
299 4247 349 4320 qui
362 4247 443 4321 dedit
456 4247 545 4304 vitam
557 4249 606 4305 det
619 4248 754 4320 salutem.
771 4251 835 4310 Per.
1038 4247 1116 4301 Alio.
1134 4242 1221 4300 Parce
1237 4241 1361 4309 Domine
1385 4259 1471 4315 parce
1487 4240 1599 4299 tumulo
1614 4245 1665 4307 tua
1679 4257 1767 4314 quem
1781 4257 1827 4303 re·

155 4334 279 4393 Domine
295 4336 359 4409 lesu
375 4334 500 4405 Christe,
515 4337 565 4409 qui
589 4338 773 4412 corripiendo
798 4341 895 4414 parcis
920 4347 950 4401 et
1003 4334 1120 4395 demisti
1133 4332 1246 4399 Christo
1261 4331 1405 4407 sanguine
1419 4335 1480 4399 lu⁰2
1497 4348 1532 4388 ¹¹0
1553 4331 1585 4388 5¹1
1608 4334 1748 4386 &leffium
1769 4327 1828 4384 ira·

120 4424 270 4497 parcenda
280 4424 416 4493 remittis,
426 4425 477 4498 qui
492 4425 667 4500 flagellando
682 4428 804 4502 corripis
820 4434 849 4489 ct
864 4431 948 4491 mise
1002 4424 1096 4496 scaris
1109 4422 1147 4480 ci·
1163 4423 1217 4480 llic
1240 4421 1416 4489 accusatur
1436 4418 1637 4493 mitandum
1657 4415 1760 4488 mimi
1784 4414 1829 4472 Vll

116 4512 215 4589 raudo
225 4514 381 4591 convertis,
397 4530 487 4588 argue
503 4514 648 4574 famulum
663 4519 747 4574 tuum
763 4518 798 4575 N.
815 4519 845 4576 iu
861 4521 948 4579 mise·
962 4534 987 4599 Ι)
1001 4532 1065 4572 cum
1080 4514 1194 4572 taranta
1208 4512 1284 4582 iufra
1296 4513 1408 4575 inserar,

115 4600 247 4683 ricerdis
259 4607 320 4673 tua,
336 4606 365 4660 et
381 4620 440 4675 non
457 4604 487 4660 iu
504 4605 612 4682 lurore,
622 4605 673 4681 qui
688 4623 756 4663 cum
771 4611 949 4683 correctione
1003 4604 1088 4678 llyrie
1104 4602 1140 4660 el.
1156 4603 1216 4676 Xpe
1232 4601 1268 4658 el.
1283 4600 1343 4673 Xpe
1358 4598 1426 4655 audi
1442 4614 1505 4654 nos.

114 4690 172 4773 §aa
195 4691 362 4774 corrigatur
395 4693 578 4771 indulgentia
601 4694 777 4768 consoletur,
793 4699 950 4774 disciplina
1002 4693 1135 4752 Salvator
1146 4690 1248 4747 muudi
1264 4689 1369 4751 adiuva
1384 4703 1448 4744 nos.

116 4777 286 4848 erudiatur,¹
309 4798 339 4837 m
378 4781 455 4839 icius
485 4786 612 4854 curetur,
632 4784 749 4845 verbere
778 4788 949 4863 castigetur,
1001 4786 1108 4839 Sancta
1122 4781 1214 4837 Maria
1226 4795 1278 4835 ora
1291 4794 1344 4850 pro
1359 4776 1453 4833 nobis.

117 4865 232 4963 pietate
247 4875 377 4941 sanetur.
388 4870 503 4929 Placeat
517 4889 586 4947 erga
600 4873 655 4945 tibi
670 4874 869 4946 Domineeam
879 4875 950 4935 libe
1002 4873 1111 4930 Sancta
1125 4868 1217 4926 Maria
1231 4867 1282 4924 Dei
1296 4866 1423 4940 genitrix
1437 4883 1489 4922 ora
1500 4883 1552 4938 pro
1568 4865 1678 4929 [amulo
1692 4869 1752 4922 tua.

117 4971 198 5041 rapa,
213 4957 368 5041 corripere,
385 4961 497 5037 eripere
511 4958 613 5019 et'non
628 4963 806 5037 disperdere.
822 4969 886 5022 Per.
1001 4963 1107 5019 Sancta
1120 4963 1149 5016 et
1161 4961 1303 5032 perpetua
1316 4957 1396 5029 virgo
1411 4973 1550 5015 succurre
1565 4956 1594 5012 in
1606 4954 1751 5029 angustiis
1761 4969 1827 5017 con·

155 5045 231 5127 tlia
247 5046 291 5121 Da
310 5049 397 5124 nobis
413 5049 475 5107 Due
491 5055 522 5107 ut
537 5051 614 5108 sicut
637 5053 787 5126 publicani
812 5055 949 5130 precibus
1038 5051 1153 5108 stituto.

169 5152 232 5233 145)
246 5152 351 5235 iauggi
365 5157 427 5234 hec
443 5176 512 5235 pars
526 5158 655 5235 corporis
670 5160 756 5235 desiit
794 5179 863 5221 uam
877 5162 948 5235 olim
1002 5175 1108 5232 quoque
1130 5158 1185 5215 riti
1210 5155 1398 5230 pectusculum
1422 5155 1511 5228 petiit,
1536 5162 1567 5211 ut
1595 5151 1680 5208 neoris
1708 5157 1756 5218 cat,
1781 5150 1825 5204 ta·

116 5225 328 5311 ⁸9,³111‚‚0iium
357 5229 475 5306 unctam
505 5226 595 5288 fuisse
618 5232 683 5301 jam
708 5178 895 5292 Matilonius
917 5235 947 5291 iu
1001 5248 1021 5287 u
1060 5236 1079 5286 ι’.
1321 5297 1338 5311 ..
1377 5299 1382 5309 .
1499 5296 1505 5310 ι
1552 5296 1558 5308 1
1758 5292 1765 5303 ‚

117 5290 290 5372 praefatione
316 5300 352 5369 ad
377 5298 448 5358 Sao.
465 5319 474 5358 r
489 5302 732 5360 Deracdtctiauma
751 5302 865 5361 Christo
880 5323 947 5363 vero
1050 5304 1113 5370 lla)
1127 5301 1192 5358 Vid.
1218 5301 1341 5356 Lauoou
1364 5297 1438 5354 liber
1460 5313 1506 5353 cur
1537 5293 1643 5352 titulus
1658 5311 1666 5350 :
1681 5291 1827 5374 &plauto

116 5369 189 5423 nata
213 5372 330 5430 sextum
354 5372 518 5430 observavit
542 5391 577 5431 ex
603 5375 663 5431 vita
690 5374 720 5431 S.
736 5376 881 5448 Augendi,
897 5377 948 5450 qui
1001 5382 1076 5431 uetus
1090 5374 1219 5430 Deusta
1232 5368 1471 5428 traditiodeduta
1490 5367 1697 5449 cuflmunpost
1716 5371 1825 5447 sacac·

114 5440 251 5502 extrema
277 5441 456 5504 decumbens
486 5447 707 5518 morbescente
729 5462 786 5502 unc
810 5447 846 5504 ad
867 5464 895 5504 sc
916 5449 949 5506 dc
1001 5462 1065 5504 aem
1077 5445 1266 5510 ducaminis,-
1282 5440 1359 5498 unde
1374 5440 1518 5521 persuade
1532 5438 1588 5521 hpe
1602 5432 1826 5519 raturquruubr-

111 5509 265 5591 Wriblta
294 5516 342 5592 cui
369 5532 431 5592 aaut
463 5517 595 5591 libertate,
612 5517 750 5601 peculiari
772 5518 839 5576 oltra
866 5521 950 5579 ettam
1003 5534 1060 5591 qua
1075 5516 1210 5583 obtinuit,
1223 5511 1380 5571 dicendum
1395 5515 1557 5570 existumavi
1572 5513 1604 5570 P.
1621 5527 1640 5568 u
1655 5508 1780 5583 disquis.
1796 5521 1826 5575 v,

116 5584 294 5673 pcruapeadi
320 5584 444 5663 infirmor
478 5605 545 5664 apua
574 5591 746 5667 injunxerat,
775 5590 949 5650 secretissime
1003 5607 1029 5646 o.
1045 5591 1073 5658 3,
1090 5606 1119 5645 n.
1134 5581 1162 5660 3,
1178 5604 1207 5663 p.
1224 5585 1285 5654 1186.
