3878 6098
70 346 72 351 ,
142 299 223 381 {003

540 304 708 369 nerana.
730 304 782 368 AD
804 304 899 369 SAEC.
922 303 959 368 Χ.
975 338 1014 352 -
1029 302 1280 370 uouendum
1300 300 1458 368 struae.

1776 296 1859 362 ΒΜ

144 441 245 495 mento
260 435 410 504 destituta,
425 435 505 493 illam
528 453 592 494 esse
616 437 738 495 missam
761 439 791 495 iu
814 438 971 497 Gallicanis
986 448 1013 514 Α
1028 443 1056 495 et
1071 437 1122 493 viri
1139 437 1273 494 doctriua
1287 440 1315 492 et
1329 434 1527 492 ecclesiastica
1540 433 1706 490 eruditione
1717 437 1859 515 praetan-

45 559 52 571 ,
144 508 970 584 Ecclesiisusitatam,autequamRomanamrecepissent,

146 581 231 638 facile
246 580 442 646 crediderunt,
455 581 482 635 id
507 597 542 635 ue
559 581 708 637 nonnullis
721 583 897 665 conjecturis
913 587 972 637 sta-

145 653 231 709 bilire
247 652 343 708 conati
360 655 439 706 suut.
451 598 506 707 Sed
518 669 606 723 quam
623 652 794 726 longeabsrt
810 653 870 708 hac
882 653 974 709 missa

147 724 268 780 austeri
285 721 443 790 Gallicana,
456 726 484 778 et
499 739 587 848 quam
603 723 709 779 salsum
726 726 761 781 dc
776 725 840 807 ipsa
856 742 888 780 ac
903 742 974 797 pre-

147 799 298 868 posterum
314 793 459 864 judicium
482 797 512 848 tu
527 795 582 852 erit
607 794 748 868 Illyri-ius,
766 797 813 852 luc
836 795 974 880 primitus

79 873 83 878 '
148 865 317 931 ostendam;
335 880 401 919 moa
416 881 497 921 meas
512 866 547 921 de
559 883 625 922 vera
641 867 789 925 Gallicana
804 885 892 923 misso
910 884 976 923 con·

145 939 277 1066 {poturas
299 952 471 1018 proponam,
497 937 717 1065 periturumque
738 957 770 995 ac
793 940 974 995 eruditorum

172 1008 435 1077 omruum,qu1bus
459 1008 552 1064 Galia
576 1011 654 1064 abuu
678 1015 858 1076 abacosque
883 1010 975 1082 subji-

150 1080 235 1136 ciam.
248 1079 349 1143 Quaero
362 1084 458 1135 autem
477 1079 570 1150 primo
586 1080 648 1137 leco
663 1083 740 1136 uude
756 1083 829 1138 sciat
846 1082 976 1154 illyricus

151 1151 273 1207 missam
288 1166 376 1221 quam
393 1151 484 1206 edidit
506 1168 628 1224 reguum
645 1154 674 1207 Pi
699 1153 757 1225 piui
774 1154 975 1223 antecessisse,

151 1227 202 1279 aut
213 1238 269 1293 quo
285 1225 358 1300 leste
371 1237 463 1293 quove
474 1230 646 1295 argumente
657 1171 809 1308 irsprobet.
821 1228 863 1280 An
878 1226 895 1280 P
917 1225 978 1280 tha·

150 1293 283 1368 gericum
300 1292 372 1347 illud
388 1294 523 1348 clitrudet
540 1311 546 1348 :
563 1298 621 1366 lpse
641 1297 731 1350 diest?
753 1299 789 1350 ut
813 1314 865 1370 ego
889 1243 977 1350 didm

152 1364 226 1421 nulli
241 1363 409 1420 mortalium
434 1366 559 1432 eredere,
578 1367 632 1421 uisi
663 1368 732 1422 dicti
759 1369 806 1423 sui
836 1367 976 1423 rationem

152 1436 265 1492 reddat.
283 1434 374 1490 Credo
402 1435 499 1507 potius
527 1436 587 1492 viro
617 1438 834 1510 sapientissimo
864 1438 978 1511 Hugcui

153 1507 303 1584 licuardo,
319 1507 369 1578 qui
383 1506 445 1563 loce
461 1507 548 1563 citato
563 1508 641 1564 haud
657 1509 878 1566 contemnendis
894 1510 979 1565 ratio-

153 1578 240 1651 nibus
256 1578 438 1633 demonstrat
449 1595 506 1633 uon
521 1584 608 1634 lautas
619 1596 682 1636 esse
692 1582 875 1653 antiquitatis
888 1598 980 1652 quan·

153 1654 214 1705 tam
241 1647 282 1703 illi
308 1649 448 1704 sectarius
465 1650 587 1718 affinxit,
604 1652 655 1706 sed
680 1652 795 1708 duobus
820 1658 870 1707 aut
886 1652 979 1707 tribus

154 1718 270 1776 seculis
285 1720 486 1790 posteriorem.
503 1721 573 1785 Quis
595 1723 683 1777 etiam
709 1722 792 1778 illum
809 1723 907 1778 docuit
922 1723 980 1777 llo-

155 1808 243 1847 maua
257 1790 451 1873 antiquiorem
465 1797 493 1847 et
508 1791 543 1847 ab
559 1808 593 1847 ea
607 1793 751 1850 diversam
767 1794 852 1849 esse?
867 1793 980 1849 Cleusis

154 1861 234 1919 enim
248 1860 292 1918 vel
308 1879 337 1916 ru
352 1867 448 1918 totum
460 1863 619 1920 Homericis
635 1864 728 1921 oculis
738 1865 841 1937 liquet,
855 1870 887 1922 ut
898 1865 982 1937 phra-

155 1932 212 1990 sim
228 1931 399 1990 Tertulliani
424 1951 573 2007 usurpem,
594 1953 659 1991 eam
685 1954 795 1993 meram
820 1954 853 1992 ac
877 1952 981 2009 puram

156 2005 278 2061 missam
305 2005 467 2060 Humanam
496 2023 560 2062 esse
584 2007 706 2063 divorsis
733 2008 913 2064 orationihus
938 2007 982 2062 iu-

155 2076 340 2149 terpclatam.
357 2077 474 2132 Notavit
499 2077 553 2134 hoc
579 2079 719 2151 Georgius
736 2078 897 2144 Wicellius,
924 2078 983 2134 Lu·

157 2147 233 2203 theri
249 2146 377 2219 primum
394 2147 567 2219 discipulus,
585 2155 686 2219 postea
707 2148 869 2206 catholicus
885 2150 915 2205 iu
931 2150 984 2205 de-

158 2218 289 2275 fensione
305 2218 441 2290 Liturgiae
466 2219 677 2285 ecclesiastice,
695 2221 795 2276 statim
811 2239 844 2276 ac
868 2223 897 2276 in
919 2237 983 2276 eam

158 2289 250 2346 oculis
276 2288 349 2344 fixit.
367 2289 468 2355 Edidit,
490 2289 595 2360 iuquit,
611 2292 740 2362 illyricas
762 2301 897 2364 repertam
920 2294 985 2347 mis·

157 2378 218 2417 sam
243 2362 369 2415 Latinam
396 2377 451 2416 nen
480 2362 653 2432 triumphans
681 2372 772 2418 temen
800 2364 832 2419 de
858 2365 985 2419 thesaure

159 2439 233 2488 tants
250 2431 378 2486 adversas
399 2432 553 2495 catholicos,
571 2449 632 2488 enm
646 2434 687 2488 uel
702 2437 857 2491 etecdtienti
879 2436 986 2491 liernini

159 2508 289 2574 appareat
316 2509 402 2557 tetam
427 2502 499 2557 itted
526 2503 596 2575 quod
628 2505 723 2569 edidit,
751 2516 847 2561 coritrn
874 2507 986 2562 lutheri

161 2573 322 2645 Caluiniqne
335 2581 418 2628 sectas
431 2573 557 2642 edidisse,
572 2574 618 2630 sed
636 2584 661 2630 ct
681 2577 760 2633 nobis
773 2577 914 2633 catholicis
928 2593 986 2632 rem

159 2645 239 2712 werpe
251 2645 440 2715 qraticsimnm
452 2647 557 2716 secuse.
575 2647 645 2714 Quid
659 2650 733 2703 enirn
748 2651 790 2703 ibi
803 2651 860 2704 nisi
874 2651 986 2704 mnsam

159 2717 296 2780 detinens,
309 2732 371 2787 quae
385 2716 464 2773 dedic
480 2719 508 2771 in
525 2734 577 2773 esu
597 2720 720 2788 perterrti
734 2729 782 2785 est,
798 2723 917 2777 insciens
933 2722 986 2775 im·

156 2787 330 2860 prudensque
344 2787 484 2859 descedit?
502 2790 616 2844 Tertiam
635 2791 709 2846 abest
731 2799 762 2846 et
783 2808 832 2848 see
855 2799 987 2863 sectaeque

158 2875 236 2914 mere
256 2867 399 2931 oppepcet.
416 2859 586 2930 Locupletier
599 2875 638 2916 est
664 2863 715 2917 iile
739 2863 856 2934 quidem,
871 2863 986 2934 piusque

157 2946 270 3002 prece-m
284 2933 414 2993 eontinet,
429 2931 476 2986 sed
497 2934 607 2988 manino
631 2941 723 2989 tanen
748 2934 841 2990 ecdem
864 2942 904 2990 cst
925 2950 987 2989 curn

159 3002 281 3065 esitcte;
295 3001 374 3068 cujas
392 3003 476 3056 etiem
489 3001 561 3057 dicte
575 3005 702 3074 sectaque
715 3008 809 3060 omnic
826 3007 930 3076 passim
945 3021 985 3059 se-

179 3071 266 3134 citur,
280 3079 310 3125 et
322 3071 457 3126 diuersam
467 3088 523 3126 esse
537 3075 699 3142 eoirfirrnere
711 3092 789 3130 nemo
801 3077 909 3132 cedeet.
922 3076 987 3129 llaec

199 3139 273 3196 icelii
289 3142 376 3197 verba
399 3144 485 3197 rel'ert
513 3147 541 3196 et
570 3142 803 3201 laudatCarolus
833 3147 859 3201 lc
887 3146 987 3202 Coiute

163 3226 239 3268 anno
260 3228 350 3283 supra
373 3216 483 3279 notato,
500 3230 581 3269 uum.
598 3217 644 3270 21.
660 3215 819 3298 Eidemque
844 3186 1024 3273 consentitC

162 3299 327 3356 agnoscens
342 3282 417 3338 hauc
431 3301 495 3340 esse
511 3301 614 3355 puram
631 3290 731 3358 putam
749 3304 869 3343 missam
888 3288 990 3344 lloma-

163 3371 320 3428 namque
344 3355 431 3410 hodie
455 3356 484 3410 iu
510 3373 564 3410 usu
589 3362 643 3417 est,
660 3356 728 3414 lieet
752 3358 851 3430 plnres
875 3359 988 3414 insertae

163 3425 223 3482 siut
238 3426 263 3482 ei
280 3425 434 3482 crationes.
448 3427 494 3482 Ait
509 3427 702 3484 nihilominus
717 3429 792 3485 haue
805 3430 927 3485 missam
943 3429 989 3485 his

105 3509 141 3557 f
163 3496 381 3625 precationibus
406 3503 522 3553 ariciam
552 3499 732 3556 Gallicanam
762 3503 852 3557 luisse
873 3518 880 3556 ι
902 3519 935 3557 ac
964 3502 988 3557 si

189 3567 317 3625 allicauce
334 3567 467 3628 Ecclesiae
483 3574 553 3625 tuuc
570 3570 677 3626 relictis
688 3572 813 3644 propriis
826 3572 931 3627 ritibus
947 3590 990 3629 or-

162 3641 262 3715 dinem
273 3641 438 3695 llomauum
445 3643 533 3713 jussu
550 3641 663 3713 Pippini
674 3645 839 3716 suscepisse
855 3660 990 3700 censean-

162 3716 220 3778 tur,
237 3727 304 3766 cum
321 3711 436 3784 rejectis
459 3712 673 3784 precationibus
699 3714 795 3770 missac
817 3714 922 3787 Illyrici
939 3715 989 3769 ad-

158 3783 272 3855 junctis
287 3800 391 3855 puram
408 3785 530 3839 missam
551 3783 712 3840 llomauam
735 3786 919 3857 frequentare
934 3803 990 3840 coe·

163 3858 279 3927 parunt,
288 3855 365 3926 quod
376 3871 447 3911 sane
459 3856 619 3911 absurdum
630 3856 802 3913 soret.Sicut
812 3857 889 3913 enim
902 3857 989 3912 homo

163 3926 261 3980 nudus
277 3929 306 3980 et
320 3926 396 3981 idem
413 3927 535 3982 diversis
557 3926 678 3983 indutus
702 3928 843 3995 vestibus,
861 3945 937 3983 uuus
962 3933 991 3984 et

163 3996 240 4051 idem
258 3995 344 4051 home
360 4002 413 4063 est,
427 3998 468 4051 ita
482 3997 573 4053 missa
584 3999 714 4054 Romana
730 4016 845 4071 semper
860 4000 991 4055 Romana

164 4070 218 4129 est,
235 4066 350 4122 etiamsi
367 4067 465 4137 plures
485 4069 577 4127 eidem
595 4070 740 4125 orationes
757 4071 988 4126 immisceautur.

164 4136 273 4192 Deinde
290 4135 394 4210 lllyrici
417 4139 508 4194 missa
523 4139 632 4194 nullam
651 4141 739 4195 habet
764 4141 990 4197 similitudinem

164 4214 216 4276 aut
240 4208 472 4264 convenientiam
488 4227 555 4265 crim
579 4209 624 4265 his
645 4228 708 4282 quae
735 4213 770 4267 de
796 4213 988 4269 missaveteri

164 4278 314 4355 Gallicana
329 4297 395 4336 mcx
408 4281 517 4336 citandi
542 4285 674 4336 auctores
690 4283 884 4339 tradiderunt.
902 4285 991 4339 Aiunt

163 4352 242 4409 enim
258 4353 288 4407 in
304 4351 462 4408 Gallicanis
478 4351 578 4408 missis
598 4357 758 4424 martyrum
775 4356 925 4425 passiones
941 4357 990 4412 de·

165 4423 290 4496 scriptas
306 4423 406 4489 luisse,
423 4425 509 4495 cujus
525 4424 564 4478 rei
581 4424 609 4478 iu
628 4424 720 4478 missa
735 4423 839 4497 lllyrici
857 4443 892 4480 ne
908 4427 992 4482 mini·

165 4509 246 4553 mum
267 4495 386 4566 quidem
415 4495 486 4550 vesti
509 4496 570 4550 ium
598 4499 700 4550 exstat.
717 4494 806 4550 Aiunt
835 4498 894 4552 anti

1027 508 1134 566 tissimi
1155 509 1317 579 ilcruerint,
1331 523 1457 579 querum
1481 506 1569 563 etiam
1597 522 1675 562 nrruc
1689 510 1801 577 scripta
1816 503 1859 559 le·

1027 579 1240 655 guntamundo
1255 585 1352 636 lamen
1368 579 1474 634 harum
1494 576 1697 650 liturgicarum
1713 576 1859 649 precatio·

1028 669 1099 708 uum
1114 651 1157 707 vel
1173 652 1270 707 tenuis
1286 651 1392 706 umbra
1406 650 1436 705 in
1451 648 1511 706 illis
1533 652 1664 730 apparet,
1680 647 1759 719 quod
1780 652 1861 703 certe

1028 741 1077 781 rua
1099 723 1127 779 ui
1157 722 1296 778 momenti
1322 726 1366 777 est
1390 722 1425 778 ad
1452 720 1556 794 Illyrici
1584 724 1785 776 commentum
1811 734 1860 773 ex·

1028 740 1208 868 plodendum
1224 795 1260 849 da
1275 793 1369 866 ipsius
1385 793 1477 849 missa
1497 791 1693 848 communiter
1708 790 1739 846 in
1756 787 1861 846 Galliis

1029 884 1102 923 usur
1124 870 1180 921 ata.

1067 883 1248 993 lllpdccedit
1262 936 1341 991 aliud
1359 938 1565 1008 argumentum
1580 934 1615 990 ad
1632 932 1737 989 salsam
1754 931 1861 1004 Illprici

1030 1008 1251 1082 persuasionem
1262 1006 1541 1078 evertendam,qucd
1552 1005 1609 1060 alia
1620 1005 1755 1078 quadam
1767 1004 1862 1060 missa

1030 1082 1131 1136 ecdem
1143 1081 1229 1135 modo
1241 1079 1416 1151 interpolata
1427 1078 1571 1149 reperitur
1580 1076 1616 1132 ad
1630 1093 1717 1131 usum
1732 1074 1861 1145 alicujus

1030 1151 1163 1208 Ecclesiae
1180 1153 1316 1206 Romane
1333 1149 1484 1216 dioecesos,
1496 1165 1585 1229 quam
1606 1152 1771 1220 opportune
1786 1146 1860 1202 mihi

1030 1223 1128 1278 videre
1157 1221 1288 1302 contigit,
1304 1222 1377 1276 dum
1403 1219 1597 1292 Illyricianam
1620 1217 1794 1275 evolverem.
1822 1217 1862 1272 Ea

1031 1299 1123 1350 exstat
1140 1293 1168 1348 iu
1184 1293 1281 1348 codice
1297 1309 1353 1347 ms.
1366 1291 1547 1347 bibliothecae
1557 1288 1786 1346 eminentissimi
1798 1305 1861 1347 car-

1032 1365 1139 1421 dinalis
1161 1363 1616 1431 Ghisti,num.15‘21‚characterc
1628 1360 1859 1434 Langobardice,

1033 1437 1077 1492 cui
1094 1438 1201 1491 ‹lesuut
1220 1435 1353 1506 quaedam
1380 1434 1450 1489 solia
1479 1434 1508 1488 in
1538 1433 1693 1506 principio,
1710 1437 1739 1488 ct
1767 1428 1861 1486 mullo

1033 1507 1118 1581 plara
1133 1508 1162 1560 iu
1179 1507 1246 1561 fine.
1258 1506 1394 1561 Continet
1406 1506 1500 1578 primo
1513 1504 1707 1576 aspirationes
1723 1502 1760 1559 ad
1771 1502 1861 1558 Deum

1033 1596 1067 1635 er
1082 1577 1205 1652 psalmis
1221 1578 1375 1632 artificiose
1397 1580 1558 1643 contextas,
1574 1581 1603 1632 et
1617 1575 1692 1631 alias
1717 1575 1862 1630 orationes

1034 1668 1067 1706 ac
1093 1648 1227 1716 litanias;
1255 1648 1384 1704 secunde
1413 1648 1545 1703 ordinem
1575 1647 1672 1705 missa
1703 1661 1799 1717 usque
1826 1645 1860 1700 ad

1034 1719 1221 1793 Evangelium
1247 1720 1398 1785 duntaxat,
1414 1735 1480 1773 uam
1504 1716 1676 1790 reliquavel
1701 1717 1738 1773 ab
1764 1717 1861 1788 iniqua

1037 1809 1126 1846 manu
1142 1791 1254 1857 avulsa,
1268 1790 1310 1845 vel
1327 1790 1481 1845 hominum
1497 1789 1611 1845 incuria
1624 1790 1743 1853 desunt,
1758 1803 1860 1859 magne

1037 1862 1238 1918 ecclesiasticae
1253 1862 1427 1918 eruditionis
1443 1861 1627 1917 detrimento,
1642 1861 1704 1916 Hoc
1721 1860 1862 1932 fragmen·

1039 1945 1099 1989 tum
1111 1934 1251 1989 hacteuus
1264 1932 1418 2000 ineditum,
1430 1950 1466 1987 ne
1476 1949 1597 2006 prorsus
1607 1932 1742 1996 intereat,
1754 1929 1859 2003 publici

1033 2006 1112 2077 juris
1128 2005 1201 2060 lacic
1213 2009 1278 2076 post
1290 2005 1411 2060 missam
1425 2002 1542 2077 lllyrici,
1553 2003 1599 2058 cui
1617 2002 1676 2058 iere
1687 2003 1717 2057 in
1728 2001 1861 2059 omuibus

1037 2079 1189 2142 consonat,
1222 2076 1356 2157 quamvis
1384 2075 1531 2130 orationes
1563 2073 1761 2146 superaddite
1792 2089 1861 2144 sape

1038 2146 1198 2203 dissimiles
1214 2150 1282 2201 siut.
1299 2147 1364 2201 Hac
1380 2150 1476 2202 autem
1500 2145 1580 2201 uullc
1603 2145 1692 2201 modo
1716 2144 1862 2216 spectabat

1038 2219 1074 2275 ad
1091 2218 1226 2285 Galliam,
1238 2235 1305 2273 uam
1318 2219 1411 2272 utitur
1420 2218 1552 2273 versione
1563 2215 1748 2273 Psalmorum
1768 2215 1862 2271 ltalica

1039 2308 1102 2362 quae
1118 2290 1168 2344 diu
1184 2290 1213 2343 iu
1230 2306 1286 2344 usu
1308 2290 1361 2343 l'uit
1376 2306 1434 2344 uou
1451 2289 1546 2344 solum
1568 2289 1598 2343 iu
1623 2287 1710 2356 Urbe,
1727 2287 1822 2343 sedet
1837 2286 1861 2339 iu

1039 2361 1176 2416 omuibus
1191 2360 1321 2416 ecclesiis
1342 2359 1564 2424 suburbicariis,
1580 2375 1614 2414 ac
1629 2358 1719 2414 etiam
1744 2358 1775 2412 in
1802 2356 1863 2412 aliis

1040 2432 1219 2504 regionibus,
1231 2435 1350 2502 excepta
1364 2431 1457 2487 Gallia
1473 2448 1536 2502 quac
1547 2431 1711 2486 versionem
1729 2447 1747 2483 a
1762 2428 1793 2484 S.
1805 2429 1865 2483 Hie·

1039 2520 1160 2575 rcuymo
1190 2503 1374 2558 emendatam
1409 2502 1507 2558 statim
1536 2501 1656 2574 recepit,
1687 2506 1778 2571 atquc
1805 2501 1864 2554 ideo

1038 2575 1133 2630 versio
1150 2573 1298 2630 Gallicana
1321 2574 1398 2629 dicta
1420 2578 1474 2628 est.
1490 2574 1563 2629 Cum
1579 2573 1670 2645 igitur
1695 2574 1789 2627 missa
1813 2572 1864 2626 llo·

1040 2663 1129 2701 mana
1139 2645 1239 2700 multis
1251 2644 1448 2716 superadditis
1458 2644 1641 2700 orationibus
1652 2643 1687 2698 ad
1698 2642 1795 2698 instar
1804 2643 1866 2713 ejus

1041 2734 1128 2789 quam
1147 2714 1281 2789 illyricus
1296 2722 1421 2771 veterem
1437 2714 1617 2771 Gallicanam
1633 2715 1726 2770 fuisse
1740 2713 1824 2779 dixit,
1839 2714 1866 2767 in

1040 2786 1124 2845 ltalia
1140 2803 1256 2859 quoque
1272 2788 1389 2851 usitata,
1406 2791 1493 2858 atque
1508 2786 1574 2842 aliis
1590 2785 1723 2842 ecclesiis
1738 2801 1867 2840 commu·

1041 2860 1087 2914 uis
1103 2859 1199 2927 suerit,
1217 2858 1284 2913 hinc
1301 2857 1371 2914 satis
1391 2858 1544 2930 perspicue
1565 2857 1690 2912 insertur
1704 2873 1764 2911 nou
1780 2856 1867 2911 fuisse

1041 2946 1109 2986 eum
1124 2930 1212 2985 cllum
1228 2928 1383 3002 specialem
1398 2929 1521 3001 alicujus
1537 2929 1618 3010 regui
1631 2933 1684 2983 aut
1696 2927 1864 3001 provincia;

1041 3002 1091 3057 scd
1108 3002 1159 3055 uni
1175 3006 1289 3056 tantum
1303 2999 1346 3055 vel
1362 2999 1615 3072 aliquntecclesris
1631 2999 1747 3071 privata
1762 2998 1867 3070 proprii

1041 3072 1168 3144 episcnii
1190 3071 1362 3128 auctoritate
1385 3073 1497 3144 absque
1525 3070 1585 3125 ulla
1614 3070 1798 3142 synodorum
1827 3067 1867 3123 rel

1043 3090 1207 3216 apostalice
1222 3144 1301 3198 sedis
1316 3143 1524 3215 approbatione
1538 3142 1695 3196 tributum.
1711 3145 1744 3195 ln
1762 3139 1867 3195 llissali

1044 3215 1113 3269 item
1129 3231 1184 3269 ms.
1197 3214 1377 3270 bibliothece
1387 3213 1542 3279 Vatieauar,
1559 3229 1630 3267 uum
1642 3212 1726 3281 3807,
1739 3211 1869 3284 proponi·

1044 3290 1092 3341 tur
1106 3285 1198 3341 oratio
1213 3287 1327 3341 Serrrme
1346 3285 1470 3341 sacerdes
1486 3302 1536 3357 pro
1551 3283 1729 3340 celebrantis
1754 3282 1868 3338 arbitrio

1044 3357 1203 3421 recitanda,
1220 3357 1290 3411 dum
1306 3356 1335 3410 in
1358 3356 1445 3411 chero
1460 3357 1543 3428 llyrie
1556 3354 1600 3410 vel
1617 3355 1713 3410 Gloria
1728 3359 1868 3418 cantatur,

1044 3427 1151 3483 Eadem
1166 3427 1361 3498 praescribitur
1375 3428 1404 3481 iu
1416 3425 1526 3482 Missali
1542 3425 1726 3498 llispalensis
1742 3422 1869 3481 Ecclesia

1045 3504 1073 3554 et
1087 3497 1199 3553 ordinis
1216 3498 1448 3554 Praedicatorum.
1462 3499 1502 3553 Ex
1517 3498 1625 3569 quilius
1641 3497 1783 3552 omuibus
1798 3500 1826 3551 et
1839 3511 1870 3550 ex

1044 3570 1160 3624 duabus
1172 3570 1272 3625 missis
1282 3570 1368 3624 editis
1377 3587 1393 3624 a
1402 3570 1538 3625 Meuardo
1551 3570 1578 3622 id
1588 3585 1710 3640 quoque
1720 3568 1870 3623 deducitur

1045 3642 1121 3712 quod
1134 3641 1276 3713 praedictae
1286 3640 1522 3714 interpolationes
1533 3639 1563 3694 iu
1572 3640 1643 3695 salis
1654 3639 1758 3694 missis
1770 3638 1871 3693 sulem-

1045 3712 1132 3766 uibus
1148 3712 1244 3767 locum
1260 3711 1416 3779 habebunt,
1434 3714 1466 3766 nt
1479 3715 1540 3766 tum
1559 3711 1697 3766 sacerdos
1713 3726 1805 3782 quam
1820 3707 1871 3763 mi-

1045 3783 1140 3848 nistri,
1164 3782 1307 3854 psallente
1331 3784 1428 3851 chore,
1446 3783 1482 3838 iis
1505 3781 1549 3837 rcl
1574 3798 1610 3836 ex
1633 3781 1749 3854 integro
1773 3778 1818 3836 vel
1841 3795 1872 3835 ex

1044 3859 1126 3925 parte
1146 3854 1303 3909 recitandis
1330 3857 1551 3926 occuparentur.
1568 3853 1610 3908 lla
1634 3851 1753 3908 silentio
1778 3853 1872 3909 autem

1043 3930 1173 3981 veterum
1190 3926 1376 3998 scriptorum,
1392 3925 1442 3997 qni
1463 3923 1573 3981 nullam
1591 3923 1699 3979 harum
1715 3922 1871 3979 missarum

1045 3996 1222 4052 mentionem
1234 3997 1355 4058 iaciunt,
1365 4001 1394 4052 ct
1404 4014 1437 4052 ex
1447 3997 1565 4051 raritate
1576 3994 1714 4050 codicum
1725 3995 1755 4049 in
1767 3994 1873 4066 quibus

1045 4075 1165 4139 reperte
1190 4072 1345 4133 suntuna
1369 4065 1602 4140 improbabiliter
1626 4066 1763 4138 conjicio,
1780 4064 1872 4121 veleb

1045 4138 1186 4203 eeclesiis,
1199 4140 1306 4211 quibus
1322 4140 1434 4194 traditae
1445 4141 1536 4205 eraut,
1550 4155 1606 4193 nou
1619 4137 1714 4193 luisse
1724 4140 1871 4263 recepiret

1044 4209 1088 4265 vel
1105 4211 1203 4265 statim
1220 4228 1287 4266 erim
1312 4211 1375 4267 suis
1395 4210 1564 4267 auctoribus
1587 4209 1748 4269 interiisse.
1765 4209 1789 4263 A
1810 4207 1871 4263 hor·

1044 4288 1109 4336 rent
1119 4281 1197 4337 euim
1215 4281 1346 4353 plerique
1361 4281 1597 4353 aprelixitate,et
1610 4279 1661 4352 qui
1678 4278 1872 4352 religiosiores

1045 4356 1115 4407 sunt
1130 4369 1204 4425 aegre
1220 4353 1399 4408 siccitatibus
1410 4351 1608 4417 consentiunt,
1620 4366 1675 4406 nec
1686 4349 1834 4407 orationes
1846 4350 1871 4404 ia

1045 4423 1169 4495 publicis
1181 4423 1312 4479 Ecclesiae
1328 4423 1526 4479 functionibus
1539 4421 1623 4477 lacile
1633 4421 1810 4488 admittunt,
1821 4419 1872 4476 nisi

919 4515 987 4553 uum
1048 4495 1156 4550 suerint
1166 4495 1251 4565 justa
1266 4496 1415 4551 decretum
1429 4493 1585 4550 Milevitani
1601 4492 1734 4559 concilii,
1744 4493 1873 4565 aliasque

165 4564 297 4621 ordinem
315 4567 472 4622 missarum
489 4512 634 4621 diversum
648 4584 769 4692 prorsus
782 4566 872 4623 inisse
888 4514 923 4623 ab
936 4587 990 4624 usu
1007 4557 1029 4621 l)
1045 4566 1257 4622 ecclesiasticas
1268 4566 1433 4622 sanctiones
1449 4564 1579 4638 synodali
1592 4561 1636 4618 vel
1651 4562 1819 4646 apostolica
1832 4580 1874 4619 au·

166 4637 304 4692 Romanae
316 4637 465 4706 Ecclesiam
483 4645 513 4693 at
529 4636 620 4693 missa
634 4638 645 4692 l
658 4637 739 4710 lyrici
756 4657 772 4693 a
788 4639 919 4696 ltnmuua
934 4657 991 4696 nou

165 4706 271 4776 differt,
296 4706 355 4763 iruc
379 4710 481 4764 cadem
505 4715 561 4774 est,
584 4709 635 4764 sed
661 4708 843 4792 interpolata.
861 4711 992 4783 Denique

165 4779 286 4834 observa
302 4778 412 4834 nullam
426 4780 514 4906 luqius
531 4780 627 4835 missae
643 4779 812 4853 lllyrieraucr
825 4783 902 4854 apud
920 4782 992 4837 auti·

165 4867 239 4923 qnos
255 4850 354 4905 Patres
370 4855 399 4905 et
413 4867 461 4906 ecc
475 4851 625 4907 osiasticos
641 4853 797 4923 scriptores
813 4853 991 4909 mentionem

166 4920 300 4994 reperiri;
322 4920 432 4978 nullam
459 4924 522 4992 ejus
537 4922 566 4976 in
583 4924 714 4979 conciliis
730 4924 790 4978 sive
814 4925 843 4978 iu
869 4925 992 4980 decretis

166 5010 351 5049 summorum
368 4993 538 5066 pontilieum
555 4995 793 5065 approbationem
809 5001 940 5052 exstare:
958 5013 989 5051 cx

166 5081 223 5136 quo
241 5065 395 5120 conficitur
405 5064 517 5137 privata
531 5063 657 5135 alicujus
667 5065 795 5138 episcopi
808 5067 992 5123 institutione

166 5135 262 5192 missae
279 5136 428 5192 communi
445 5142 473 5190 et
488 5135 624 5190 Romanae
639 5141 681 5191 tot
693 5138 839 5193 crationes
851 5139 990 5212 superad-

166 5207 253 5275 ditus,
267 5211 299 5262 ut
316 5207 351 5263 iis
367 5207 523 5264 recitandis
548 5207 682 5263 sacerdos
707 5215 908 5279 occuparetur,
925 5226 991 5265 enm

166 5279 289 5335 missam
305 5277 473 5334 solemniter
488 5279 672 5348 decantabat,
689 5295 722 5334 cn
739 5281 898 5406 praesertim
919 5285 992 5336 tem-

165 5367 235 5472 pore
248 5366 306 5421 quo
321 5348 487 5415 lutroitum,
500 5349 654 5418 Graduale,
670 5350 688 5404 S
710 5368 738 5404 m
761 5349 840 5405 ulum
852 5357 880 5407 et
890 5357 992 5408 cratera

189 5421 336 5490 ujusmodi
353 5420 458 5476 charus
474 5421 651 5476 modulatur.
667 5368 745 5476 Ιᾶγοῐη
762 5439 881 5492 prorsus
897 5424 993 5478 diceu-

167 5490 287 5545 demde
303 5493 416 5548 rlnabus
432 5493 579 5548 similibus
600 5493 708 5555 missis,
725 5510 798 5564 quas
814 5510 846 5547 cx
863 5495 992 5566 :antiquis

168 5562 316 5615 codicibus
340 5579 393 5634 ego
421 5564 576 5618 Menenius
602 5564 690 5618 <elidit
723 5566 750 5618 iu
782 5567 990 5636 aqqnnulicrad

167 5628 274 5687 librum
291 5633 547 5690 sacramentorum
570 5636 599 5690 S.
617 5635 758 5709 Gregorii,
775 5652 824 5691 eas
851 5638 992 5692 nimirum

166 5699 308 5771 peculiari
324 5702 474 5760 devotione
494 5705 530 5760 ab
555 5704 652 5779 aliquo
668 5707 803 5779 episcope
818 5707 990 5764 institutas:

160 5773 277 5829 tentum
292 5773 378 5832 abest
389 5778 421 5832 ut
431 5773 501 5833 olim
517 5775 570 5833 toti
582 5775 680 5834 Gallie
690 5793 862 5834 communes
873 5777 990 5834 luerint.

147 5840 287 5918 Cumque
300 5844 333 5905 in
348 5845 411 5908 illis
424 5848 601 5923 regionibus
615 5854 660 5910 tot
675 5848 800 5911 coucilia
810 5849 915 5910 babitu
925 5848 997 5919 sint,

1046 4638 1180 4693 ctoritate
1195 4639 1371 4710 approbate,
1386 4637 1491 4692 Missas
1507 4635 1680 4707 hujusmodi
1698 4636 1824 4718 caepisse
1839 4651 1875 4689 ar

1046 4709 1138 4764 bitror
1153 4725 1240 4780 prope
1256 4709 1344 4764 finem
1364 4707 1461 4764 seculi
1477 4705 1592 4773 decimi,
1610 4705 1673 4762 sive
1687 4705 1774 4762 initio
1790 4706 1874 4761 unde·

1046 4780 1125 4847 cimi,
1140 4784 1172 4834 ut
1187 4781 1222 4835 de
1238 4780 1300 4835 suis
1316 4779 1421 4834 asserit
1433 4778 1601 4846 Menardos,
1613 4777 1666 4848 qui
1682 4776 1716 4832 Ill
1739 4777 1876 4833 riciauam

1046 4850 1092 4905 his
1107 4852 1302 4923 antiquiorem
1316 4867 1371 4906 uon
1386 4853 1478 4921 putat.
1492 4848 1630 4921 Ejusdem
1642 4794 1830 4908 acciderint
1842 4847 1875 4904 ni·

1047 4921 1154 4977 mirum
1167 4921 1274 4985 sacculi,
1287 4927 1332 4976 est
1349 4921 1439 4977 ceder
1450 4919 1577 4985 Chisius,
1589 4936 1662 4974 nam
1679 4919 1874 4977 characterem

1047 4993 1309 5059 Langobardieum,
1318 5010 1375 5074 qua
1388 4993 1514 5064 scriptus
1526 4996 1579 5057 cst,
1591 4990 1620 5044 iu
1633 4991 1694 5046 llue
1705 4993 1774 5063 eJus
1785 4987 1874 5048 saculi

1046 5063 1169 5119 desiisse
1184 5063 1236 5119 viri
1256 5063 1339 5136 periti
1355 5081 1373 5120 a
1388 5080 1433 5119 me
1454 5060 1579 5119 consulti
1595 5067 1785 5119 asseverant.
1804 5063 1874 5118 ldeu

1046 5134 1193 5208 colligitur
1208 5152 1241 5190 cx
1256 5137 1365 5190 sanatis
1380 5136 1431 5208 qui
1446 5134 1541 5207 prima
1557 5139 1640 5204 parte
1657 5132 1756 5188 libelli
1774 5135 1805 5189 in
1820 5133 1874 5188 lits·

1046 5206 1104 5262 uiis
1121 5211 1324 5273 recensentur3
1340 5223 1409 5262 uam
1425 5222 1491 5261 cum
1512 5220 1615 5260 omnes
1629 5204 1731 5260 sancti
1746 5201 1873 5262 monachi

1047 5276 1217 5350 singillatim
1248 5278 1497 5345 invocentur,nou
1527 5281 1625 5331 tamen
1654 5274 1699 5331 illi
1731 5277 1786 5349 qui
1810 5278 1874 5330 circs

1047 5365 1157 5404 anuum
1181 5347 1370 5404 millesimum
1394 5353 1423 5404 et
1448 5347 1585 5419 deinceps
1608 5347 1792 5403 floruerunt.
1808 5348 1872 5402 Note

1047 5437 1162 5492 quoquc
1179 5420 1346 5486 musicales,
1364 5419 1472 5491 quibus
1487 5420 1516 5474 iu
1532 5417 1634 5473 ordine
1651 5419 1756 5474 missu
1774 5431 1872 5492 prauo-

1047 5497 1147 5546 tantnr
1163 5491 1255 5546 (llario
1270 5493 1298 5545 in
1315 5492 1428 5546 excelsis
1448 5494 1477 5545 ct
1502 5490 1633 5546 dominas
1658 5486 1871 5556 vurdacaelis

1047 5568 1115 5617 sunl
1129 5579 1191 5633 que
1207 5563 1235 5616 in
1253 5580 1306 5617 usu
1330 5569 1411 5618 eraut
1435 5567 1502 5616 aute
1525 5560 1693 5615 Guideucm
1716 5562 1868 5617 Aretinum.

1048 5635 1111 5689 llaec
1126 5634 1236 5700 emnia,
1253 5634 1278 5689 si
1294 5633 1347 5689 rite
1363 5633 1591 5706 perpendantur,
1607 5628 1720 5706 lllyrici
1738 5642 1870 5688 commea·

1047 5711 1109 5760 tum
1125 5705 1272 5771 retellnnt,
1290 5703 1339 5777 qui
1356 5704 1420 5759 sina
1438 5701 1584 5776 probabili
1597 5701 1776 5761 testimonio
1791 5711 1868 5780 arsut

1047 5775 1227 5903 csthqiissam
1240 5793 1257 5833 a
1271 5792 1301 5833 se
1313 5779 1457 5848 repertam
1472 5773 1579 5835 veteris
1588 5771 1750 5833 Gallicana
1762 5781 1866 5835 nomuc

1048 5864 1091 5922 pu
1121 5862 1209 5904 reare.
