3878 6098
142 300 180 364 et
521 298 689 362 nerano.
713 297 765 362 Ab
788 297 883 363 SAEC.
907 298 1248 366 X.-MONUMth'l'rt
1271 303 1429 370 tirone.
1772 303 1836 370 988

121 434 294 493 delictorum
309 437 484 492 vestrorum.
503 439 534 491 ιιι
549 431 720 490 mereamini
736 431 842 490 habero
856 432 948 490 vitum
963 435 989 501 Α
1006 433 1169 505 mitatibus,
1181 439 1209 492 et
1221 436 1335 495 iuribus
1349 438 1587 513 receptisnomen
1600 443 1736 497 sanctum
1747 442 1835 496 tuum

121 532 268 584 eternum.
286 527 339 582 Per
354 541 421 582 cum
436 524 487 599 qui
499 524 578 581 vivit.
683 517 685 521 ’
1000 521 1164 582 instaurata
1179 525 1315 599 protinus
1331 529 1460 585 sanitate
1474 528 1638 587 benedicat.
1656 528 1720 586 Per.

410 617 471 673 liin
485 615 571 672 nisui.
587 616 659 687 ripn.
1033 614 1106 670 ntra.
1124 614 1202 672 Deus
1217 616 1266 688 qui
1282 617 1403 674 beatum
1420 619 1540 675 Petrum
1565 619 1733 693 apostolum
1747 622 1833 676 tuum

157 708 258 764 Frater
271 705 455 764 N.Dominus
464 705 549 762 ech.
562 704 611 778 qui
623 702 777 777 discipulis
787 703 850 760 suis
861 703 942 760 dixit.
999 702 1106 760 misisti
1113 705 1148 760 ad
1161 704 1317 762 Thabiiam
1329 707 1472 763 famulam
1484 707 1833 782 tuam,uteiusprecibus

120 798 304 864 Quacuauue
319 813 491 853 crearemus
507 812 598 852 suren
611 812 724 851 manau
741 811 836 851 snonr
847 812 944 850 creari
999 794 1225 850 resuscitaretur
1236 795 1274 850 ad
1289 795 1388 863 vitam,
1404 796 1509 853 exaudi
1524 813 1579 854 nos
1591 814 1643 873 pro
1657 797 1770 855 famulo
1780 803 1832 859 tuo

120 902 157 948 er
167 893 195 945 ru
206 906 298 946 coneo.
313 905 346 944 sa
360 902 535 950 numeneus
550 874 712 941 sorvnnrrrs
727 900 823 941 raunr
837 900 944 941 sorum
998 880 1032 936 N.
1048 871 1134 953 quem
1152 883 1186 938 iu'
1198 887 1248 939 tuo
1264 885 1383 941 nomine
1396 885 1497 942 visitat
1518 890 1618 943 nostra
1634 887 1781 961 fragilitas
1795 894 1829 947 ut

119 1001 152 1040 ιιι
162 999 191 1038 ιιι
202 994 295 1036 cosm.
308 977 343 1032 de
353 991 477 1047 quorum
490 988 612 1029 numero
623 970 758 1045 qrramvis
772 987 827 1027 nos
848 970 944 1045 indig-
998 975 1118 1027 exorate
1133 971 1279 1029 medicine
1291 978 1349 1030 ture
1372 974 1524 1031 medicine
1540 977 1566 1031 ei
1581 977 1747 1034 subveniet.
1764 978 1830 1037 Per.

119 1087 174 1127 uos
189 1085 254 1125 esse
269 1065 369 1122 voluit.
387 1064 451 1135 lpse
465 1067 494 1118 te
518 1061 649 1118 absoluat
672 1078 724 1134 per
745 1059 943 1116 ministerium
1033 1061 1107 1115 Alia.
1124 1061 1185 1118 Due
1201 1066 1301 1118 sancte
1315 1063 1400 1119 Pater
1414 1080 1499 1138 omps
1514 1069 1621 1122 aeterne
1636 1066 1727 1135 Deus,
1737 1068 1790 1140 qui
1800 1086 1831 1127 es

119 1163 251 1216 nostrum
262 1156 299 1211 ab
310 1153 448 1212 omnibus
458 1151 585 1225 peccatis
600 1149 669 1206 tuis.
679 1148 945 1222 quecunquecogi·
997 1148 1044 1204 vie
1067 1151 1174 1206 ueritas
1197 1153 1226 1207 ct
1248 1151 1316 1218 vite,
1333 1154 1438 1209 exaudi
1462 1157 1491 1209 et
1515 1169 1655 1211 conserve
1683 1155 1830 1214 lemulum

116 1248 228 1305 tatione
243 1244 357 1301 lusione
372 1248 459 1315 atque
473 1240 641 1311 operatione
655 1238 836 1312 negligenter
846 1237 941 1310 egisti.
998 1241 1093 1307 tuum,
1110 1255 1198 1312 quern
1223 1241 1319 1312 precio
1346 1257 1452 1315 magno
1477 1243 1648 1300 redimendo
1672 1245 1829 1304 vivificasti

117 1341 146 1394 et
174 1354 192 1393 a
221 1334 346 1391 nexibus
371 1336 557 1404 peccatorum
586 1327 755 1385 absolutum
785 1327 943 1400 perducere
998 1343 1081 1383 sacro
1096 1328 1240 1402 sanguino
1256 1329 1320 1386 Filii
1334 1329 1378 1386 tui
1394 1330 1445 1386 dni
1463 1332 1506 1386 nri
1523 1332 1576 1388 lbu
1591 1333 1655 1406 lipi.
1670 1334 1736 1399 Qui.

67 1450 70 1455 ·
115 1430 132 1485 d
149 1429 254 1502 gnetur
268 1424 305 1479 ed
321 1438 444 1493 regnum
459 1420 598 1475 coelorum
614 1433 710 1473 amen.
1200 1418 1356 1477 Benedictio
1370 1436 1453 1494 super
1467 1422 1620 1494 infirmum.

455 1509 517 1565 Alio
531 1511 603 1577 einp.
1033 1507 1121 1589 Senot
1135 1511 1164 1563 te
1178 1506 1256 1564 Deus
1271 1508 1355 1565 Pater
1369 1525 1454 1582 omps
1469 1509 1520 1582 qui
1533 1514 1561 1566 te
1574 1511 1693 1578 creavit,
1703 1528 1758 1569 uec
1774 1515 1830 1571 erit

153 1606 251 1661 Frater
266 1603 299 1657 N.
317 1599 531 1656 absolutionem
546 1601 581 1654 et
591 1595 793 1654 remissionem
807 1599 942 1669 peccato·
996 1594 1051 1651 tibi
1061 1595 1181 1652 dolorin
1193 1597 1288 1669 capite
1297 1601 1348 1653 tuo
1358 1614 1411 1654 nec
1422 1599 1450 1654 in
1462 1598 1576 1672 capillis
1589 1599 1660 1669 tuis,
1671 1603 1828 1661 uecoculis

116 1709 181 1750 rum
198 1696 316 1747 tuorum
330 1706 382 1762 per
395 1687 605 1744 invocationem
621 1684 749 1742 n'ominis
768 1684 829 1741 Dei.
848 1691 877 1740 et
892 1700 944 1756 per
996 1683 1066 1751 tuis,
1082 1701 1177 1758 neque
1191 1684 1221 1740 iu
1237 1686 1406 1758 pectoribus
1420 1687 1491 1755 tuis,
1507 1703 1560 1744 nec
1585 1688 1616 1745 in
1641 1694 1742 1746 mente
1765 1696 1826 1759 tue,

115 1779 315 1839 nninisterium
330 1782 465 1834 nostrum
488 1775 635 1849 percipere
650 1774 791 1831 merearis
805 1773 853 1830 hic
868 1779 896 1829 et
912 1772 940 1828 iu
957 1808 982 1874 B
998 1790 1051 1829 noc
1061 1773 1090 1829 in
1101 1775 1303 1842 auribustuis,
1315 1790 1369 1830 nec
1379 1775 1408 1831 in
1421 1775 1500 1831 omni
1513 1793 1633 1849 corpore
1643 1780 1705 1835 tuo.
1722 1780 1825 1854 Surge,

116 1875 258 1928 eternum
273 1885 369 1924 emen.
387 1868 440 1923 llic
458 1874 585 1938 caperent
604 1882 648 1922 eor
669 1881 742 1937 equo
767 1864 905 1920 benedicto
918 1870 944 1919 ct
999 1878 1087 1935 surge
1103 1862 1235 1931 Domine,
1251 1863 1400 1919 diabolum
1424 1864 1525 1936 fugere
1549 1865 1650 1933 iacias,
1666 1871 1696 1924 et
1719 1869 1827 1941 proiice

114 1968 204 2033 posteo
214 1958 729 2019 diectsltxununcolecestrensem
740 1971 757 2008 a
768 1968 945 2009 nonrursmr
998 1950 1082 2008 illum
1098 1953 1135 2008 de
1150 1952 1253 2025 capite,
1268 1952 1304 2008 de
1318 1952 1443 2025 capillis,
1460 1953 1496 2009 de
1510 1953 1614 2023 iroute,
1625 1956 1662 2012 de
1674 1956 1779 2026 oculis,
1790 1957 1825 2015 de

115 2063 345 2106 rerumrerum
355 2044 941 2116 Cunrsrusd’oettoecsnrpuntpoenitentee.
997 2039 1108 2114 lingue,
1126 2042 1232 2098 desub
1248 2041 1401 2114 lingue,de
1416 2043 1519 2109 crede
1533 2047 1664 2116 gutture,
1676 2045 1713 2102 de
1727 2048 1824 2115 corde,

113 2144 141 2197 et
151 2144 314 2196 moneantur
322 2137 356 2192 ot
368 2137 489 2208 episcopo
499 2140 530 2189 ut
539 2133 609 2206 qnod
623 2133 781 2206 penitendo
790 2134 941 2190 diluerent.
998 2129 1034 2186 de
1048 2129 1190 2199 humeris,
1207 2131 1243 2187 de
1256 2134 1366 2198 ventre,
1377 2130 1412 2186 dc
1422 2132 1559 2189 omnibus
1573 2133 1718 2191 membris
1730 2134 1824 2194 istius.

126 2227 239 2285 urendo
253 2242 310 2282 nen
324 2232 456 2281 revocent.
473 2225 540 2280 item
554 2223 619 2279 orde
633 2223 706 2279 unde
719 2239 816 2296 supro.
997 2219 1060 2274 Per.
1077 2219 1243 2276 Benedictio
1257 2218 1307 2276 Dei
1324 2219 1427 2276 Patris.

168 2322 431 2382 oanrronusan
446 2319 670 2377 vrsrrnnnuu
692 2320 886 2377 rnrrnnun.
1032 2308 1224 2382 Omnipotens
1250 2313 1356 2366 eterne
1379 2309 1467 2378 Deus,
1483 2310 1533 2383 nui
1555 2311 1748 2385 aeetudines
1761 2312 1825 2371 eni·

330 2401 405 2473 [dod.
424 2401 470 2457 Τιι.
490 2402 517 2468 V,
533 2402 596 2466 683,
609 2416 673 2458 saec.
687 2405 730 2469 x.)
996 2413 1113 2455 marum
1126 2397 1247 2471 depellis
1257 2401 1286 2454 et
1300 2414 1455 2471 corporum
1470 2397 1572 2455 auxilii
1587 2400 1630 2456 tui
1646 2402 1824 2475 superinde

151 2491 285 2565 Deusqui
297 2490 408 2547 tumulo
419 2494 470 2546 tuo
480 2489 606 2546 Ezechie
621 2490 785 2563 terquinos
800 2507 893 2547 annus
903 2492 940 2547 ad
995 2503 1077 2543 mum
1091 2487 1170 2543 hunc
1187 2489 1308 2545 ostende
1333 2487 1480 2554 virtutem,
1496 2493 1529 2545 ut
1543 2490 1623 2546 omui
1638 2490 1765 2550 sanitate
1779 2511 1821 2551 re·

114 2584 203 2639 vitam
221 2579 345 2647 donasti,
363 2580 404 2635 ita
418 2583 447 2635 et
461 2577 605 2635 famulum
620 2582 705 2634 tuum
717 2578 816 2636 electo
826 2579 941 2654 aegritu·
994 2580 1078 2649 cepte
1092 2575 1254 2650 gratiarum
1278 2575 1331 2633 tibi
1356 2574 1386 2633 in
1409 2576 1596 2636 ecclesiates
1611 2579 1720 2637 referet
1732 2582 1821 2640 ectio-

113 2670 192 2728 dtnis
207 2675 259 2727 tue
272 2668 402 2742 potentia
416 2667 512 2742 eriges
526 2668 562 2724 ad
580 2666 715 2724 salutem.
733 2669 795 2725 Per.
994 2682 1072 2722 nem.
1089 2666 1151 2721 Per.

150 2761 221 2818 Alio.
237 2758 358 2830 Respice
373 2758 434 2814 Dne
449 2757 592 2814 tumulum
608 2761 694 2813 tuum
708 2757 880 2814 iullrmitate
892 2757 938 2814 sui
999 2742 1003 2753 ’
1027 2756 1100 2811 Alia.
1118 2755 1208 2828 Omps
1224 2759 1253 2812 et
1277 2754 1443 2812 misericors
1464 2760 1551 2825 Deus,
1568 2756 1619 2838 qui
1636 2759 1776 2816 subvenis
1791 2761 1820 2817 in

112 2848 243 2923 nemoris
255 2847 613 2914 laborantem,etenimam
626 2847 937 2919 reiovequamcreesti,
992 2843 1129 2917 periculis
1144 2842 1357 2913 laborantibus,
1374 2845 1468 2918 etqui
1482 2850 1629 2919 temperas
1648 2846 1777 2922 tingetis,
1794 2854 1822 2907 te

113 2943 147 2996 ιιι
156 2936 399 3012 castigationibus
414 2936 569 2992 emendate
584 2935 722 2991 contiuuo
731 2935 878 2992 sesentiet
887 2940 938 2992 tue
991 2933 1138 3007 supplices
1150 2951 1315 3001 exoramus,
1327 2934 1536 3005 utvisitetionc
1547 2938 1597 2991 tue
1606 2939 1712 2994 sancte
1726 2937 1821 3013 eriges

113 3026 259 3083 medicina
273 3041 337 3081 esse
352 3023 503 3081 salvatam.
522 3025 584 3080 Per·
992 3021 1137 3079 famulum
1153 3026 1237 3079 tuum
1247 3023 1281 3079 N.
1293 3023 1329 3080 dc
1339 3023 1394 3080 hac
1410 3023 1678 3099 egrotatione,que
1693 3030 1818 3094 tenetur,

148 3115 219 3172 Atio.
235 3112 428 3186 Omnipotens
437 3117 466 3169 et
476 3112 642 3169 misericors
653 3112 739 3181 Deus,
749 3114 799 3186 qui
811 3113 935 3170 immen-
991 3115 1020 3168 et
1038 3116 1196 3185 presentes
1217 3128 1284 3168 eum
1305 3112 1433 3170 ecclesie
1448 3117 1505 3169 tue
1520 3118 1628 3170 sancte
1643 3114 1818 3174 incolomem

112 3220 177 3261 sam
192 3202 331 3275 pietatem
345 3206 439 3273 tuam,
451 3205 485 3257 ut
499 3201 536 3257 ed
551 3200 703 3257 introitum
717 3201 746 3256 in
758 3207 808 3258 tuo
819 3174 973 3260 nomineC
992 3201 1029 3259 ad
1044 3200 1161 3258 leudem
1176 3206 1205 3258 et
1220 3201 1343 3276 gloriam
1359 3202 1488 3259 nominis
1503 3201 1555 3258 tui.
1569 3202 1632 3259 Per.

111 3291 287 3350 humilitatis
303 3293 408 3347 nostre
423 3290 503 3346 hunc
517 3289 662 3347 famulum
677 3294 761 3346 tuum
777 3291 806 3346 in
822 3291 937 3348 habitu·
1146 3291 1301 3348 benedictio
1314 3307 1397 3364 snper
1410 3308 1498 3347 anem
1511 3291 1660 3349 bominem.

111 3381 177 3439 culo
199 3380 342 3437 iacentem
366 3380 477 3437 fessum
502 3379 651 3436 salutifere
664 3379 782 3436 visitare
796 3380 935 3454 digneris,
1026 3381 1183 3438 Benedicat
1194 3384 1222 3437 te
1233 3379 1394 3449 Deuscmli,
1406 3380 1522 3438 adiuvet
1532 3385 1560 3437 te
1574 3380 1712 3441 Christus
1727 3383 1816 3441 Filius

111 3472 187 3528 sieut
196 3468 321 3526 visitasti
336 3469 398 3526 Due
411 3469 533 3527 'lobiam
548 3471 577 3525 et
586 3469 700 3538 Suram,
717 3486 833 3527 socrum
849 3471 935 3539 Petri,
990 3467 1041 3524 uei
1065 3485 1171 3541 corpus
1194 3473 1279 3525 tuum
1296 3469 1325 3523 in
1341 3467 1457 3524 servitio
1474 3472 1523 3525 tuo
1533 3468 1695 3547 ‘custodire
1709 3474 1739 3528 et
1749 3488 1817 3529 con·

111 3574 294 3635 puerumque
331 3557 521 3626 centurionis,
549 3557 590 3615 ita
620 3562 649 3615 et
684 3557 775 3614 istum
812 3559 937 3632 pristine
990 3573 1106 3614 servare
1120 3557 1266 3631 dignetur.
1284 3558 1344 3614 Per.

110 3648 237 3706 sanitate
250 3647 370 3704 visitare
383 3645 523 3722 digneris·
538 3649 601 3704 Per.
1027 3647 1100 3703 Atia.
1118 3647 1244 3703 Mentem
1267 3650 1348 3703 tuarn
1373 3643 1521 3703 illuminet
1533 3651 1562 3702 et
1586 3664 1710 3705 sensum
1736 3654 1818 3706 tuum

352 3754 418 3793 neu
436 3752 509 3793 sarm
528 3753 695 3794 cannones.
991 3736 1146 3805 custodiat,
1163 3736 1287 3809 gratiam
1309 3752 1395 3794 suem
1409 3735 1446 3791 ad
1461 3735 1625 3808 proiectum
1641 3737 1752 3807 enimse
1764 3744 1819 3794 tue

147 3825 269 3883 Domine
279 3826 468 3883 sanctepater
478 3826 665 3899 omnipotens
675 3831 781 3885 aeterne
791 3828 937 3901 Deus,qui
990 3825 1044 3881 tibi
1058 3825 1196 3899 porrigat,
1212 3825 1249 3881 eb
1264 3823 1344 3882 omni
1364 3823 1443 3880 melo
1457 3828 1486 3880 tc
1501 3823 1615 3893 liberet,
1634 3826 1755 3885 dextere
1768 3844 1819 3884 sue

109 3915 299 3988 tragilitatem
314 3914 492 3972 conditionis
513 3918 620 3972 nostre
636 3915 736 3973 infuse
750 3914 866 3974 virtutis
880 3921 938 3975 tue
991 3917 1020 3970 te
1034 3914 1183 3982 desendet,
1197 3913 1289 3987 etqui
1304 3917 1422 3970 sanctos
1447 3930 1517 3970 suos
1541 3930 1662 3988 semper
1690 3916 1818 3981 adiuret,

111 4002 938 4079 dignatioueconllrmas,utsalutaribusremediispietatis
991 4002 1054 4076 ipse
1067 4007 1095 4060 te
1110 4003 1227 4060 adiuvet
1241 4007 1270 4059 et
1283 4004 1319 4059 ad
1336 4002 1465 4060 coelestia
1487 4018 1577 4076 regua
1598 4004 1752 4076 perducat.
1767 4004 1816 4070 Qui

111 4100 169 4150 tuae
191 4107 314 4164 corpore
338 4095 438 4147 nostra
453 4096 481 4148 et
497 4093 630 4149 membra
652 4098 833 4168 vegetentur,
850 4112 937 4168 super
991 4092 1061 4148 vivit
1074 4095 1104 4148 et
1118 4079 1220 4166 regnat
1236 4096 1320 4148 Deus.

111 4180 190 4238 bunc
207 4178 351 4236 famulum
365 4181 450 4236 tuum
467 4180 642 4252 propitiatus
657 4181 786 4251 intende,
803 4186 834 4238 ut
856 4185 937 4240 omni
1026 4182 1098 4238 Atio.
1113 4181 1175 4238 Due
1188 4181 1227 4259 Ds
1241 4185 1347 4238 eterne
1362 4181 1412 4254 qui
1428 4184 1587 4254 utrumque
1602 4198 1708 4240 senum
1723 4185 1760 4241 de
1774 4184 1814 4240 in-

111 4259 285 4328 accessitete
298 4284 443 4341 corporea
458 4267 639 4327 infirmitatis
654 4269 781 4338 exclusa,
798 4272 892 4346 gretia
906 4274 937 4329 in
991 4271 1081 4328 toritu
1096 4274 1241 4344 perpetuae
1258 4269 1361 4327 mortis
1378 4286 1428 4342 per
1439 4269 1540 4326 Jesurn
1556 4268 1708 4328 Christum
1724 4272 1813 4328 tilium

110 4376 145 4415 eo
162 4358 291 4434 pristine
309 4356 445 4415 sanitatis
459 4357 828 4432 perlectareperetur.Per.
991 4364 1077 4417 tuum
1107 4359 1142 4415 dc
1171 4357 1263 4415 Maria
1299 4358 1412 4432 virgine
1450 4362 1553 4415 natum
1590 4358 1814 4417 misericorditer

147 4449 219 4505 ntia.
236 4448 314 4505 Deus
325 4446 374 4520 qui
385 4447 503 4503 iacturae
513 4449 570 4503 ture
582 4445 629 4519 pio
645 4463 761 4520 semper
775 4449 937 4507 dominaris
992 4447 1152 4518 redemisti,
1169 4448 1248 4503 huuc
1264 4447 1408 4504 ramulum
1430 4450 1515 4504 tuum
1531 4449 1637 4505 devota
1652 4453 1752 4506 mente
1764 4445 1813 4504 tibi

112 4538 228 4608 ntectu,
264 4536 375 4593 incline
412 4553 513 4593 aurern
550 4539 633 4592 tuem
671 4537 936 4611 supplicationibus
951 4544 975 4610 1)
990 4537 1163 4596 servientem
1178 4537 1258 4593 omui
1275 4537 1476 4594 bencdictione
1503 4534 1632 4610 spiritali
1646 4535 1813 4595 benedicere

110 4625 231 4692 nostris,
243 4630 272 4681 et
286 4623 431 4682 famulum
446 4628 531 4682 tuum
545 4624 622 4682 Nee
637 4627 757 4683 adversa
771 4627 936 4687 valetudiue
991 4624 1131 4699 digneris,
1154 4627 1187 4681 ut
1215 4625 1292 4682 inter
1320 4624 1447 4699 gretiam
1475 4624 1564 4682 iidem
1593 4624 1713 4696 hebent,
1736 4630 1766 4682 et
1787 4624 1813 4681 in

110 4713 240 4787 corporis
266 4712 447 4770 laborantem
472 4713 604 4786 placatus
626 4715 747 4789 respice,
764 4716 891 4775 etvisite
905 4719 935 4774 iu
991 4714 1144 4789 preceptis
1157 4713 1231 4789 legis
1255 4718 1312 4770 tue
1336 4730 1451 4787 semper
1470 4718 1645 4788 perseveret,
1661 4715 1815 4772 terreueet

110 4802 233 4860 salutari
247 4803 297 4857 tuo
312 4818 346 4858 ec
361 4801 485 4859 coelestis
508 4804 609 4876 gratie
624 4808 730 4877 praesta
748 4805 934 4864 medicinam.
989 4804 1160 4861 transitoria
1180 4803 1332 4878 despiciet,
1348 4806 1456 4861 aterne
1471 4807 1500 4861 et
1522 4803 1683 4862 invisibilia
1708 4804 1815 4862 intente

110 4892 173 4950 Per.
991 4893 1181 4950 meditatione
1191 4892 1374 4966 diligat,utin
1386 4909 1508 4951 numero
1517 4894 1814 4951 Sanctorumtuorum

145 4983 218 5038 Atio.
231 4980 366 5054 Deusqui
375 4980 505 5038 humano
515 4981 763 5055 generietsalutis
774 4985 935 5042 remedium
990 4981 1814 5056 permanenscoelestisponsocumlampadibusbouurum

109 5070 212 5127 etrite
224 5074 336 5126 eterne
349 5086 471 5127 munera
480 5070 784 5140 contulisti,conserva
791 5073 935 5131 famulum
990 5070 1166 5129 ilduciuliter
1180 5075 1323 5128 occurret.
1340 5073 1441 5128 Amen.

109 5165 194 5215 tuum
217 5164 336 5216 tuarum
360 5160 438 5215 done
460 5159 613 5227 virtutum,
629 5164 659 5216 et
673 5162 809 5231 concede,
827 5166 860 5218 ut
874 5179 935 5219 me·
1025 5162 1099 5218 ntia.
1115 5161 1273 5218 Benedicat
1286 5164 1315 5216 te
1329 5160 1418 5229 Deus,
1434 5159 1483 5233 qui
1500 5161 1531 5216 in
1545 5160 1693 5235 principio
1718 5164 1814 5220 cuneta

109 5247 205 5305 delam
229 5253 311 5305 tuem
335 5265 394 5304 non
418 5248 513 5305 solum
538 5248 713 5322 incorpore,
730 5251 781 5307 sed
797 5252 886 5308 etiam
901 5253 930 5308 iu
991 5251 1109 5309 creavit.
1125 5250 1279 5308 benedicet
1292 5255 1322 5306 te
1336 5250 1414 5307 Deus
1429 5249 1532 5318 Filius,
1548 5249 1601 5323 qui
1624 5248 1662 5307 de
1683 5248 1814 5325 supernis

109 5339 208 5394 anime
222 5336 655 5395 sentiat.ltemoiia.Virtutum
670 5337 831 5396 celestium
842 5340 930 5407 Deus,
990 5339 1110 5398 sedibus
1136 5356 1188 5412 pro
1217 5337 1302 5396 nobis
1330 5338 1457 5395 salvator
1483 5337 1647 5396 descendit.
1668 5337 1816 5397 benedicet

109 5427 160 5497 qui
173 5427 209 5482 ub
225 5427 363 5484 humanis
378 5426 549 5500 corporibus
572 5443 691 5484 omnem
705 5427 887 5503 languorem,
903 5434 932 5486 et
989 5434 1017 5488 tc
1028 5428 1155 5504 Spiritus
1170 5433 1302 5500 sauctus,
1313 5427 1363 5501 qui
1377 5427 1408 5483 in
1423 5427 1620 5485 similitudine
1634 5426 1816 5487 columbum

109 5529 226 5569 omnem
238 5513 440 5572 infirmitatem
449 5515 584 5588 precepti
594 5516 639 5572 tui
649 5517 932 5591 potestatcdepellis,
990 5520 1112 5576 iordane
1127 5517 1249 5575 tlumiue
1263 5517 1407 5590 requievit
1422 5518 1451 5574 in
1466 5518 1594 5588 Christo,
1610 5517 1738 5592 ipseque
1751 5524 1779 5574 te
1789 5514 1816 5571 ia

104 5604 210 5659 ateste
220 5601 368 5674 propitius
382 5603 452 5663 huic
466 5603 577 5662 tumulo
592 5610 642 5663 tuo
654 5606 688 5663 N.
697 5606 846 5680 utingetis
857 5607 935 5664 iufir-
987 5607 1129 5666 Trinitate
1144 5606 1319 5680 sanctificet,
1335 5623 1424 5680 quem
1444 5624 1548 5666 omnes
1568 5611 1675 5681 gentes
1688 5607 1815 5665 ttrturem
