3878 6098
115 304 177 367 985
740 295 926 363 lllDlGIUM
946 297 1213 362 POENl’l'EN'l’lS.
1236 305 1239 309 ’
1766 311 1826 375 986

153 436 347 510 Omnipotens
362 437 392 491 et
404 431 571 490 misericors
587 432 663 488 Dens
688 433 737 505 qui
759 438 943 506 pcccatorum
956 432 985 501 Α
999 431 1295 504 gratiatuacontulit,
1307 438 1336 492 et
1347 437 1425 509 quod
1436 436 1825 502 misericordia-reformavit.

111 524 341 601 indulgentiam.
1260 525 1398 583 desolatio
1411 527 1573 601 presbyteri.

151 615 274 674 Domine
282 618 384 671 sancto
394 613 478 668 Pater
488 609 673 684 omnipotens
684 613 790 668 eterne
799 611 886 669 Deus.
898 628 942 675 re·
1034 612 1177 669 Dominus
1191 614 1278 671 lesus
1293 614 1428 672 Christus
1453 617 1503 689 qui
1528 617 1668 691 dignatus
1684 623 1729 676 est
1742 621 1828 679 disci·

108 706 193 780 spice
208 704 364 779 propitius,
379 706 434 758 etc.
998 700 1827 782 pulissuisdicere:quecunqueligavoritismperterram

147 790 488 854 Dousmisericorslleus
499 789 860 863 clemensqnisccundum
870 790 946 846 mul·
998 795 1086 847 erunt
1101 790 1197 848 solute
1211 797 1242 848 et
1252 793 1280 848 in
1290 793 1372 850 caelo.
1382 795 1839 872 de-quorumnumerequamvisr

107 884 269 949 titudinem
292 880 516 938 miserationum
532 883 649 936 tuarum
670 884 788 952 peccata
804 879 945 952 poeniten·
998 879 1152 952 indignum
1164 885 1388 955 etpecoatorum
1403 883 1528 942 vinculis
1542 885 1753 945 astrictumme
1763 906 1839 947 esser

108 974 189 1030 tium
204 971 293 1037 deles,
309 974 367 1027 etc.
999 985 1053 1024 sua
1063 969 1232 1043 dignatione
1245 971 1346 1029 voluit.
1359 973 1424 1045 lpse
1434 991 1486 1031 vos
1498 973 1836 1048 largitluopietatissue-

148 1063 222 1119 Atio.
239 1060 422 1132 Maiestatem
438 1060 522 1114 tuam
536 1074 705 1130 quesumus
721 1057 792 1126 line,
808 1061 862 1114 ete.
997 1058 1085 1126 dono,
1099 1075 1133 1116 ac
1149 1076 1219 1117 mee
1235 1059 1324 1117 simul
1340 1063 1491 1133 pravitatis
1506 1063 1668 1122 ministerio
1679 1066 1836 1125 absolvere-

148 1153 222 1209 Μία.
237 1148 376 1213 Famulos
404 1152 472 1203 tuos
500 1163 669 1220 quaesumus
697 1147 819 1204 Domine
843 1148 880 1203 ab
901 1148 957 1204 ira.
997 1146 1136 1221 dignetur
1150 1150 1187 1205 ab
1201 1150 1340 1208 omnibus
1353 1151 1523 1224 tragilitatis
1542 1158 1645 1211 vestre
1658 1156 1837 1214 excessibus-

109 1245 177 1306 tua,
192 1245 247 1296 cto.
997 1235 1121 1294 interius
1136 1238 1324 1313 exteriusque
1339 1240 1514 1298 humanitus
1539 1243 1712 1301 contractis·
1722 1246 1825 1302 Amen.

150 1331 223 1387 Atio.
241 1328 317 1384 Deus
337 1327 388 1401 qui
411 1325 613 1383 confitentium
631 1325 682 1381 tibi
698 1326 787 1382 corda
802 1326 942 1399 purificas
996 1327 1031 1383 Et
1046 1325 1125 1382 sicut
1140 1332 1258 1399 peccata
1273 1328 1365 1386 totius
1382 1331 1486 1387 mundi
1501 1348 1557 1387 sua
1569 1333 1839 1408 traditione-atque.

109 1424 144 1476 et
158 1421 331 1475 accusantes
356 1432 427 1472 suas
455 1413 701 1471 conscientiasab
722 1414 801 1471 omni
825 1415 941 1472 vinculo
997 1414 1179 1471 immaculati
1196 1417 1352 1489 sanguinis
1364 1419 1508 1476 allusione
1522 1419 1661 1493 dignatus
1670 1425 1832 1496 estexpur⁴

110 1507 281 1582 iniquitatis
291 1503 444 1563 absolutis.
457 1503 724 1576 Deindulgentiam
735 1503 839 1560 reiset
850 1504 941 1561 medi·
995 1520 1076 1578 gare,
1093 1505 1134 1560 ita
1149 1522 1266 1577 quoqne
1282 1511 1447 1564 vestrorum
1471 1510 1676 1582 peccaminum
1692 1511 1825 1570 maculas

109 1596 211 1659 cinam
222 1595 318 1652 tribue
330 1593 501 1650 vulneratis.
515 1596 547 1648 ut
557 1597 693 1665 percepta
703 1592 945 1650 remissioneom-.
996 1593 1225 1651 misericorditer
1240 1612 1297 1652 non
1313 1596 1488 1669 dedignetur
1502 1599 1826 1669 emundare.·lliusdem

110 1686 198 1757 nium
213 1683 439 1758 pcccatorumin
452 1680 644 1739 sacramentis
659 1682 719 1738 tuis
734 1681 849 1739 sincera
863 1682 946 1738 dein·
996 1683 1829 1761 sanctisanguinisinterventions.quiiususestinpecca.

110 1790 183 1848 ceps
190 1773 344 1833 devotione
354 1775 555 1845 permaneant.
565 1776 593 1826 et
606 1769 720 1829 nullum
732 1771 940 1844 redemptionis
991 1775 1094 1851 ¹torum
1107 1772 1321 1832 remissionem.
1334 1776 1437 1832 Amen.
1448 1776 1613 1848 Adiuvante
1623 1776 1844 1835 Duoarolssu.

110 1862 409 1924 eternasustineant
424 1861 644 1918 detrimentum.
662 1861 724 1916 Por.
992 1854 1252 1919 'un-nevelonem
1264 1879 1381 1936 queque
1394 1868 1521 1923 vestram
1536 1863 1577 1921 ita
1592 1866 1731 1939 deinceps
1743 1867 1828 1940 adju.-

152 1955 229 2010 Alie.
243 1951 450 2013 Deushumani
461 1950 577 2023 generis
590 1948 801 2024 benignissimo
812 1951 944 2007 conditor
1000 1951 1074 2007 torio
1089 1951 1190 2024 gratie
1205 1969 1264 2008 suae
1279 1969 1338 2008 non
1354 1954 1529 2026 dedignetur
1543 1955 1741 2011 corroborare.
1757 1972 1828 2027 quo-

112 2038 945 2115 etmisericordissimereformatorquiinreconciliatiene
999 2042 1087 2096 tenus
1102 2043 1131 2096 et
1145 2039 1175 2098 iu
1191 2040 1250 2096 hoc
1260 2041 1366 2098 seculo
1381 2042 1605 2114 subrepentium
1618 2043 1739 2114 laqueos
1754 2042 1831 2100 deli.

113 2131 267 2205 lapsorum
279 2131 366 2187 etiam
374 2146 422 2185 me
431 2128 480 2202 qui
492 2127 693 2185 misericordia
703 2129 818 2201 primus
828 2128 944 2201 indigeo
999 2132 1113 2185 ctorum
1123 2128 1385 2187 valeatis-cvsdore.
1397 2136 1425 2186 ct
1436 2130 1465 2186 in
1477 2131 1577 2187 tatano
1586 2131 1825 2188 vitametornam
1839 2176 1844 2186 .

114 2221 225 2278 servire
239 2220 389 2276 effectibus
401 2217 500 2292 gratia
511 2222 567 2287 ture
584 2235 635 2290 per
650 2218 830 2276 sacordotale
843 2219 945 2275 miste·
1000 2216 1107 2273 Christi
1124 2218 1267 2291 sanguiue
1290 2223 1491 2292 comparatam
1512 2219 1578 2278 sine
1591 2220 1649 2277 sine
1663 2219 1827 2293 possidere·

115 2307 621 2370 riumsoluistiutcessantomorito
632 2307 775 2381 supplicis
785 2308 946 2369 mirantia
999 2308 1281 2380 AmenedJuvante
1296 2308 1826 2382 Dominonostroalesnt'rbaqui·lecit

118 2401 205 2463 fieret
227 2398 410 2472 indulgentia
438 2396 624 2455 remittentis.
640 2397 717 2453 Dens
745 2398 795 2470 qui
822 2397 946 2470 justitie
1000 2413 1054 2452 nos
1069 2413 1136 2452 cum
1152 2414 1210 2453 non
1226 2397 1536 2455 essemusetredemit
1547 2398 1732 2470 cumperditi
1750 2415 1827 2455 esse·

116 2489 195 2562 legis
212 2487 417 2546 misericordie
442 2503 557 2559 semper
581 2486 823 2559 multiplicatione
848 2488 945 2545 modo·
1001 2502 1080 2543 mus.
1095 2487 1132 2543 ad
1148 2486 1265 2544 laudem
1282 2492 1310 2544 et
1321 2486 1446 2561 gloriam
1461 2487 1647 2547 nominissui
1658 2504 1714 2561 per
1727 2485 1827 2545 omnis

118 2574 946 2650 rerisdnmdelinquentibuspoenitcntiamadhibesdnm
1000 2574 1107 2634 secute
1119 2575 1304 2636 seculorum.
1320 2578 1423 2633 Amen.

117 2668 208 2724 etiam
225 2665 312 2722 malis
327 2664 512 2740 providentia
524 2669 580 2720 tue
591 2665 667 2720 done
683 2682 740 2720 non
755 2665 963 2723 subtrahiset·
1296 2667 1435 2724 Ataobctio
1449 2668 1527 2739 Siga.

115 2756 278 2815 vindictam
287 2753 784 2826 moderandosnspsndis.Deusqui
796 2754 945 2814 hominem
1012 2792 1015 2797 »
1036 2752 1447 2828 Sient'pri-neipflli·sententia
1462 2757 1583 2812 constat.
1595 2770 1664 2819 onis
1677 2771 1827 2813 munseo

118 2844 232 2902 inuidia
243 2842 350 2905 diaboli
367 2844 403 2901 ab
419 2842 578 2901 eternitate
592 2843 737 2914 dejectum
748 2842 827 2899 unici
837 2843 890 2899 lilii
901 2843 964 2899 tui·
1000 2859 1181 2900 orrsuonrus
1191 2843 1847 2920 ouansUndeingemiscimusitaprinoippli.

117 2932 264 3008 sanguiue
280 2931 439 2993 redemisti.
455 2930 568 2987 vivifica
582 2930 636 2988 hos
651 2930 777 2991 famulos
790 2937 947 3006 tues.quos
1000 2933 1148 2989 sententia
1159 2933 1472 2998 consolamentoumsr
1487 2950 1845 2992 cournmuusvrscssra..

117 3024 172 3080 tibi
189 3022 358 3087 nullatenus
375 3021 449 3077 mori
464 3020 623 3077 desideras.
640 3024 670 3076 et
685 3037 759 3093 quos
769 3038 830 3078 non
845 3021 947 3079 dereli-
1000 3038 1120 3077 sosrna.
1138 3040 1246 3079 rinscrs
1260 3040 1294 3079 cr
1309 3039 1411 3080 rusrus
1426 3041 1478 3085 ssr
1490 3023 1582 3081 lasus
1593 3022 1738 3081 Gauranos
1753 3041 1827 3081 cou-
1839 3058 1855 3100 χ

117 3112 210 3187 quisti
235 3110 345 3175 devios.
361 3126 478 3169 assume
503 3113 658 3169 correotos.
675 3110 787 3178 Movent
808 3111 948 3183 pietatem·
1001 3126 1086 3168 onon
1112 3127 1147 3167 m
1173 3128 1344 3169 ssorumon
1370 3128 1575 3168 rosemanus
1603 3128 1724 3169 auersa.»
1744 3129 1825 3177 orma

116 3198 942 3260 tuamtletusistemerornmtuorsmmoderevulneribus.
958 3183 1137 3258 Cinasruus
1153 3217 1337 3259 savonarum
1349 3218 1459 3260 rumora
1482 3218 1571 3259 arou
1583 3201 1710 3263 Parma.
1727 3218 1766 3259 ss
1776 3218 1843 3259 aar.

115 3295 147 3348 tn
159 3290 319 3364 benignam
326 3288 627 3362 jacentibusmenum
639 3288 945 3362 porrigeNeecclesia
1000 3305 1177 3346 rnomrrrno
1203 3308 1257 3347 rno
1282 3309 1413 3349 precaris
1435 3307 1565 3348 uomere.
1580 3305 1615 3346 rr
1633 3305 1825 3347 saranescum
1842 3308 1847 3341 r

116 3377 486 3453 tnaaliquesuicorporis
500 3377 633 3451 portiano
648 3378 761 3451 privata
775 3382 943 3439 temeretur.
1000 3393 1056 3433 rno
1084 3395 1167 3437 ansts
1196 3397 1343 3438 rinsmran
1376 3395 1607 3437 cosrmsurssns.
1637 3396 1673 3435 rr
1698 3393 1830 3434 nnnmrr.

114 3473 156 3529 Ne
167 3486 240 3544 grex
254 3473 329 3533 tuus.
337 3467 549 3525 detrimentum
563 3467 718 3524 sustineat.
728 3470 769 3524 Ne
783 3468 819 3525 de
828 3468 944 3527 lamilira
999 3482 1084 3523 sosas
1094 3485 1217 3527 naccam
1227 3486 1345 3526 rosnae.
1356 3485 1515 3526 musanen
1527 3483 1831 3530 raosnsorarnrsreurn·

114 3566 174 3618 ture
190 3561 299 3616 damno
313 3556 452 3613 inimicus
471 3557 588 3613 exultet.
605 3557 646 3613 Ne
670 3561 787 3613 renatas
807 3557 945 3631 lacrymis
997 3571 1083 3612 rann·
1098 3558 1278 3632 Quapropter
1296 3559 1385 3614 freter
1399 3561 1498 3614 noster
1517 3556 1666 3613 confitenti
1686 3555 1741 3613 ,tibi
1756 3571 1824 3630 pec·

114 3648 300 3716 salutaribus
321 3645 435 3704 animas
459 3646 589 3703 secunda
612 3663 692 3703 mors
707 3646 863 3718 possideat.
880 3647 944 3704 Tibi
999 3648 1063 3700 cata
1076 3649 1136 3702 tun.
1153 3663 1205 3720 per
1218 3646 1421 3703 ecclesiastice
1438 3643 1621 3703 auctoritatis
1636 3648 1822 3717 potestatem.

114 3757 187 3814 ergo
198 3737 391 3801 humiliamur
401 3734 582 3795 omnesTibi
595 3734 717 3793 Domine
727 3734 946 3808 suppliccslun·
999 3748 1088 3804 quam
1104 3735 1246 3792 Dominus
1258 3728 1598 3792 nosterlesustlhristus
1608 3732 1729 3815 tradidit
1738 3734 1824 3789 disci·

114 3830 218 3896 dimus
234 3825 399 3900 preoestibi
410 3826 511 3892 ilatum
528 3824 621 3882 nostri
636 3824 733 3881 cordis
748 3825 944 3882 ollerimus.tu
963 3875 966 3882 .
998 3821 1078 3894 pulis
1100 3829 1130 3880 et
1147 3824 1290 3898 apostolis
1302 3870 1305 3875 ,
1318 3823 1380 3881 suis
1392 3858 1395 3863 «
1409 3824 1664 3881 dicens-ronnas
1687 3837 1822 3881 seramus

114 3934 205 3993 parce
216 3915 471 3975 conflentibusut
481 3913 669 3973 imminentes
683 3931 784 3986 poenas
794 3913 945 3987 lutumque
999 3927 1141 3973 seuerus.
1153 3928 1608 3978 ouonunssarssermsrsonars
1617 3928 1823 3970 murmurares

109 4006 220 4081 judicii
239 4004 419 4065 ,sententiam
440 4008 470 4060 te
484 4002 646 4063 miserante.
658 4020 717 4060 non
732 4002 872 4061 incidant.
888 4003 944 4063 Ne·
997 4023 1051 4064 aas.
1067 4009 1096 4062 et
1107 4021 1159 4078 per
1181 4003 1300 4061 eosdem
1317 4000 1567 4076 apostolos-sues
1585 4002 1837 4061 comessoribus*

115 4097 214 4154 sciant
225 4094 303 4167 quod
315 4096 404 4149 terret
416 4092 595 4148 intenebris.
607 4092 690 4160 Quod
701 4091 805 4151 stridet
819 4090 849 4149 in
861 4092 943 4150 llam·
998 4112 1124 4169 quornm
1139 4091 1288 4150 noeslicet
1296 4091 1413 4165 indigni
1419 4096 1565 4150 maenus:
1576 4091 1635 4149 lltsi
1647 4108 1706 4149 eon
1720 4091 1824 4150 merito
1843 4124 1848 4137 ·

115 4185 185 4251 mis.
201 4189 231 4241 et
245 4183 428 4251 aberrarem
443 4181 490 4244 ria
504 4181 539 4243 ad
555 4181 610 4239 iter
620 4179 744 4253 justitiae
758 4181 822 4252 jam
838 4181 944 4243 reversi
999 4188 1096 4241 tamen
1113 4182 1248 4241 nomino.
1258 4186 1346 4255 atoue
1360 4181 1460 4239 ‘oltloii
1482 4181 1669 4255 susceptione
1688 4181 1826 4238 eamdem
1842 4210 1847 4235 0

115 4288 306 4347 nequaquam
317 4269 395 4329 ultra
405 4269 668 4328 novisvulneribus
681 4268 859 4327 saucientur.
875 4270 945 4329 Pro·
999 4276 1172 4347 potestatem
1187 4270 1396 4329 donauitetin
1406 4271 1577 4331 secredenti
1587 4268 1715 4327 fideliter
1728 4268 1821 4325 dixit:
1843 4316 1846 4321 .

115 4363 223 4437 pitisre
237 4359 439 4435 ergollonrine
453 4356 944 4431 trementibus.atquesupplieibus
999 4364 1066 4420 Fra-r
1080 4377 1306 4419 rrarsscuaouu
1319 4378 1407 4419 rrnsu
1420 4359 1626 4433 cumgratia
1640 4362 1674 4414 et
1694 4356 1848 4430 potentin..

116 4452 173 4513 sub
195 4449 346 4509 sententie
367 4454 428 4509 tun
456 4445 681 4521 exspectatione.
697 4448 736 4507 ad
749 4446 944 4509 humilitatem
999 4469 1062 4509 sua.
1075 4450 1181 4508 rirtute
1195 4451 1322 4524 Spiritus
1336 4449 1431 4507 saneti
1446 4447 1562 4521 quiest·
1571 4444 1707 4503 remissio
1719 4461 1822 4518 peeca-

111 4537 278 4614 J'aoentiem
294 4537 507 4597 sublevandam
522 4535 797 4596 dexteramsalutis
810 4536 942 4596 extende.
957 4545 1095 4625 Deorum
1108 4540 1242 4599 emnium
1258 4538 1388 4597 dimittat
1402 4535 1456 4593 tibi
1470 4534 1572 4592 omniu
1586 4537 1705 4607 peceato
1718 4536 1827 4591 tues-et·

114 4625 436 4701 Nebisquoqucservis
447 4625 516 4683 tuis.
527 4624 778 4697 quosapostolicre
794 4624 943 4685 elaviesa-
997 4628 1102 4691 liberet
1116 4629 1195 4687 toab
1207 4627 1291 4685 omni
1306 4625 1561 4684 maloeonservet
1583 4621 1613 4678 in
1637 4622 1718 4679 omni
1737 4638 1823 4695 opere

114 4717 331 4789 cementisque
345 4715 434 4781 obuii
444 4714 608 4773 ministros.
620 4713 947 4778 noneleeeonemeriti.
998 4718 1085 4776 bono.
1095 4715 1592 4775 etdnoatte'invitametsrnamet
1607 4712 1822 4771 adsensorem
1845 4752 1849 4765 .

114 4808 169 4873 sed
183 4808 260 4869 dono
272 4806 372 4880 gratias
386 4809 442 4863 tuae
458 4801 647 4868 consuluistis
663 4803 943 4883 datldsaismtanti
965 4854 967 4861 ,
998 4806 1180 4869 consortium
1193 4818 1395 4877 supernorum*
1404 4800 1511 4859 civium
1521 4816 1620 4859 amen.

114 4896 260 4961 weris,
274 4893 446 4968 exequendi.
463 4895 499 4950 Et
516 4892 579 4966 ipse
600 4891 631 4948 in
655 4895 759 4955 nostro.
780 4893 943 4955 ministerio
963 4944 967 4951 .
1034 4896 1135 4952 Oratio.
1147 4894 1253 4949 Praesta
1263 4907 1435 4965 quaesumus
1445 4888 1567 4947 Domine
1577 4889 1625 4945 bis
1636 4886 1823 4945 iumulistuis
1840 4930 1845 4940 .

112 4987 194 5061 qued
210 4990 268 5051 tua
283 4983 437 5059 potestatis
458 4987 504 5040 est
518 4999 647 5056 operare.
663 4983 798 5056 Agnosce
811 4981 956 5055 piissime.
998 4983 1161 5043 secuudum
1189 4980 1355 5055 piissimam
1383 4978 1614 5037 misericerdiam
1634 4980 1727 5033 tuamr
1742 4975 1823 5031 iuxta

113 5081 218 5152 pastor
231 5090 298 5132 oses
313 5077 369 5130 tna
385 5071 575 5133 redemtionis
589 5076 618 5133 et
631 5071 806 5135 constrictas
818 5071 945 5133 vinculis
964 5124 967 5133 .
997 5073 1232 5135 libitumeorum
1254 5067 1451 5127 absolutionis
1469 5066 1679 5140 peccaminum
1698 5079 1850 5121 suprema

113 5161 802 5240 peecatorumeoelesietuepronibuseruratus
816 5161 943 5223 absolve.
999 5163 1137 5219 fructum.
1154 5157 1263 5219 utsiat
1272 5152 1667 5232 tibidignumbabitationis
1680 5156 1739 5210 ture
1752 5154 1824 5208 tem-

113 5253 296 5319 ltedeeutssd
308 5252 450 5319 unitatem
465 5250 596 5315 ecclesie
608 5255 675 5308 tua.
687 5254 716 5307 et
728 5249 945 5323 postillamdi-
998 5251 1091 5325 plum.
1113 5253 1144 5307 et
1159 5253 1331 5307 mereantur
1345 5247 1496 5317 deinceps
1511 5258 1593 5301 <cum
1619 5240 1714 5298 iustis·
1724 5243 1839 5312 astque·

113 5360 179 5404 ram
192 5342 292 5416 inopis
305 5341 387 5399 exilii
402 5342 510 5400 tamem
522 5340 682 5401 redeuntes
696 5342 777 5397 veste
791 5339 945 5412 splendida
966 5376 969 5405 ;
998 5338 1115 5397 Sanctia
1126 5338 1156 5397 in
1167 5341 1325 5410 conspeetu
1336 5328 1388 5395 trie
1398 5328 1822 5392 astantibus-absolutimaaere
1838 5367 1841 5377 .

114 5431 396 5505 omatmgeudeant
405 5447 437 5493 se
452 5434 573 5503 paterno
586 5430 716 5501 receptas
727 5445 791 5485 esse
801 5428 942 5487 convivio.
998 5428 1037 5486 ab
1047 5426 1365 5487 omninmcriminum
1385 5422 1462 5480 labe.
1478 5421 1531 5478 Per
1544 5419 1647 5476 lesum
1661 5417 1821 5474 Christum.
1847 5461 1851 5469 .

113 5520 191 5585 otest
201 5518 357 5581 deterere
368 5517 623 5594 adoptionis‚nibil
633 5516 946 5583 dehereditatissorte
1032 5505 1665 5575 Atia.Nosetiarnsecnndumeuotoritatem
1674 5503 1830 5562 sobiam·-

104 5609 469 5684 ‚promessionem
480 5608 941 5681 siteieetqusperpetuumguod
998 5605 1094 5679 dignis
1109 5624 1126 5663 a
1141 5607 1200 5669 Dee
1220 5602 1411 5663 commissam
1435 5593 1844 5664 analemmsoartaculo.
