3878 6098
107 354 169 417 929
570 350 675 412 anno
696 347 880 416 nuerrsm
902 352 1117 418 sequanus
1139 353 1357 418 armenes.
1599 388 1602 399 ·
1756 330 1847 423 seo

107 503 179 544 eum
194 489 297 543 sancto
313 478 424 558 Spiritu
439 485 484 540 est
494 480 628 558 gloriaet
647 487 788 559 potestas,
803 502 893 556 nunc,
908 490 936 544 et
949 485 978 555 Α
992 487 1019 544 ei
1043 488 1191 557 virtutem,
1207 492 1236 544 et
1257 492 1377 564 protege
1399 505 1478 559 eum,
1493 494 1522 547 et
1545 490 1688 564 attingere
1711 492 1756 548 lae
1780 493 1817 549 sd

107 593 237 650 semper,
254 578 282 631 et
294 569 324 631 in
340 571 447 630 secula
462 571 646 629 seculorum.
660 575 763 629 Amen.
991 581 1100 634 metam
1116 576 1209 635 atatis
1221 594 1293 634 sua.
1310 577 1374 635 Fiat
1390 579 1508 647 timens,
1522 584 1551 636 et
1563 577 1710 637 coalescat
1721 580 1750 636 in
1766 598 1817 637 uc·

107 671 208 723 Postea
230 660 354 722 sacerdos
376 662 424 719 dot
447 664 518 730 ltus,
533 671 560 720 et
582 657 650 719 dicit
676 663 748 719 lom
773 666 936 722 orationem.
991 662 1136 722 luntatcm
1151 671 1233 724 tuam
1249 670 1392 724 sanetum.
1409 664 1529 726 Custodi
1544 672 1572 725 et
1586 669 1730 726 contirma
1748 685 1819 726 oum

144 752 277 821 Domine,
292 751 369 810 Deus
383 755 495 821 noster,
511 748 708 833 omnipotens,
722 746 806 808 Pater
820 753 937 810 Domini
991 753 1021 810 in
1045 753 1102 811 fide
1126 759 1215 823 recta,
1233 756 1262 812 in
1288 772 1349 829 spe,
1365 773 1447 831 pace,
1467 763 1496 814 et
1519 757 1662 814 charitate
1687 762 1750 829 tun,
1767 774 1819 832 per

108 842 173 914 Dei,
188 849 219 901 et
248 840 452 916 lledemploris
479 841 571 898 nostri
595 841 665 898 lesu
690 840 809 909 Christi,
826 845 939 900 creator
991 838 1112 901 unicum
1129 840 1235 901 Filium
1252 848 1337 903 tuum
1360 845 1462 902 lesum
1487 845 1636 903 Christum
1661 846 1820 917 Dominum
1851 881 1853 884 -

108 933 295 998 seculorum,
321 930 371 1005 qui
400 928 581 987 nativitatem
608 935 739 988 nostram
769 931 873 1000 iecisti,
893 936 937 1002 lu,
991 937 1136 1002 nostrum,
1152 950 1294 1008 euntque
1310 933 1362 1009 tihi
1378 934 1521 1005 conuenit,
1539 952 1600 993 uas
1622 953 1691 993 cum
1716 940 1820 993 saneto

108 1022 244 1093 Domine,
260 1018 415 1080 instituisti
431 1021 548 1094 Moysen
569 1037 685 1078 servum
709 1024 793 1078 tuum
820 1022 850 1079 in
873 1021 937 1099 lege
991 1021 1113 1096 Spiritu,
1130 1021 1223 1096 gloria
1236 1022 1265 1079 el
1278 1023 1441 1097 gratiarum
1456 1027 1543 1093 actio,
1558 1023 1588 1081 in
1604 1023 1711 1082 secula
1730 1040 1820 1082 sacu-

108 1117 211 1185 tua,et
225 1110 350 1168 docuisti
365 1127 433 1166 eum
449 1109 687 1166 constitutionem
703 1111 857 1179 mundam,
872 1129 937 1186 que
991 1111 1098 1170 lorum.
1114 1112 1217 1170 Amen.

109 1201 247 1262 convenit
267 1199 348 1260 omni
374 1199 488 1256 lemine
513 1216 577 1272 qua
602 1199 755 1273 pepererit,
771 1203 804 1256 ut
826 1198 938 1256 scilicet
1026 1201 1157 1259 Sacerdos
1171 1204 1251 1274 eupit
1272 1217 1369 1259 eorum
1390 1205 1518 1276 procura,
1542 1205 1656 1276 [eminae
1678 1192 1782 1261 scilicet
1795 1211 1822 1261 et

109 1292 262 1350 modicum
277 1289 418 1363 temporis
432 1291 632 1361 separaretur;
649 1292 678 1344 et
692 1288 853 1362 precepisti
864 1289 890 1345 ei
902 1305 937 1345 ne
991 1291 1250 1362 intuatisaoctioae
1263 1300 1370 1361 sanctu,
1381 1301 1407 1349 et
1420 1293 1487 1350 droit
1500 1303 1652 1366 sequentem
1668 1296 1822 1357 orationem

107 1380 361 1456 appropinquaret
376 1379 411 1435 ad
429 1381 531 1434 sancta
544 1380 605 1445 tun,
617 1377 667 1433 sed
685 1381 716 1432 ut
731 1394 762 1433 se
777 1377 939 1434 contineret
992 1380 1174 1451 impositiones
1188 1396 1322 1435 manaem
1337 1400 1347 1436 .·

107 1471 208 1545 quoad
223 1468 397 1526 liberaretur
412 1484 419 1522 :
436 1467 477 1522 ito
491 1483 608 1540 quoque
624 1482 763 1540 rogamus
777 1466 937 1523 bonitatem
1028 1466 1162 1536 Domine,
1179 1485 1196 1523 ο
1213 1468 1346 1536 Domine,
1363 1473 1448 1525 Pater
1462 1469 1546 1537 boae,
1563 1468 1640 1526 Deus
1655 1470 1821 1539 noster,im·

107 1564 236 1620 tuamet
250 1573 421 1632 quesumus
436 1572 488 1629 pro
507 1555 613 1612 ancilla
627 1558 678 1611 tua
691 1555 804 1628 N.,qure
815 1555 940 1613 servarit
993 1557 1146 1630 posuimus
1163 1573 1270 1614 manus
1284 1563 1401 1615 nostras
1415 1573 1505 1631 super
1523 1558 1619 1631 capitu
1642 1558 1820 1616 famulorum

107 1648 351 1707 constitutionum
368 1649 460 1712 tuum,
478 1649 506 1700 et
520 1648 601 1718 optat
618 1645 731 1718 ingredi
747 1644 777 1701 ln
802 1649 938 1702 sanctum
992 1646 1155 1722 tuorum,in
1170 1663 1308 1703 coronam
1320 1646 1441 1704 honoris
1456 1649 1486 1704 et
1499 1645 1608 1720 glorie,
1622 1662 1709 1705 amen
1720 1665 1728 1717 ;
1741 1658 1823 1704 enro-
1932 1637 1936 1645 ’

107 1734 334 1795 tabernaculum
357 1739 454 1800 tuum,
472 1737 504 1790 ut
527 1734 628 1789 adoret
650 1737 717 1790 ante
741 1732 831 1790 altare
853 1738 939 1791 tuum
994 1752 1062 1791 nam
1079 1733 1158 1802 fidei,
1171 1740 1199 1791 et
1213 1735 1443 1806 decoris,amen;
1460 1752 1598 1793 coronam
1610 1736 1824 1810 institimus

109 1829 269 1896 sanctum3
285 1829 314 1882 et
327 1822 474 1881 desiderat
489 1838 604 1879 sumere
618 1826 838 1880 sacramentum
853 1826 938 1878 tuum
995 1841 1052 1881 nou
1068 1828 1253 1898 expugnatur
1266 1825 1303 1883 ab
1317 1825 1447 1893 inimica,
1460 1841 1557 1883 aman.
1574 1826 1629 1882 Fae
1644 1838 1743 1883 servos
1756 1829 1825 1884 tuos

110 1920 250 1974 sanetum
266 1918 295 1972 ot
309 1912 460 1969 vivificans
474 1928 481 1967 :
494 1910 941 1986 rogamus,inquam,bonitutem
996 1911 1098 1986 plenos
1113 1913 1213 1987 gratia
1228 1912 1355 1987 Spiritus
1368 1913 1534 1988 sanati,per
1547 1913 1780 1971 misericordiam
1795 1917 1825 1971 st

110 2011 209 2071 tuam,
224 2007 253 2061 et
265 2018 448 2083 quesumus,
463 2017 480 2057 o
495 2004 609 2058 amator
622 2000 745 2056 humani
758 2000 941 2074 generis‚be-
995 2000 1231 2076 propitiationem
1256 2003 1397 2060 amatoris
1421 2001 1544 2060 humani
1569 2003 1695 2078 generis,
1710 2002 1764 2059 lilii
1779 2001 1824 2060 tui

111 2093 200 2151 nediu
215 2091 327 2149 aneilla
344 2094 400 2148 tum
415 2091 449 2147 N.
466 2090 497 2147 in
512 2089 567 2146 hae
582 2088 665 2160 hora,
674 2093 704 2145 et
722 2088 814 2147 libem
823 2106 888 2145 eam
904 2090 942 2145 ab
994 2090 1065 2146 lesu
1080 2090 1199 2161 Christi,
1217 2109 1286 2148 nam
1302 2090 1367 2159 tibi,
1382 2095 1412 2149 et
1425 2090 1493 2166 ipsi,
1504 2107 1573 2148 eum
1588 2090 1822 2164 sanetaSptritsr,

110 2183 193 2241 omni
210 2178 400 2238 immunditia
412 2178 542 2253 maligna
556 2196 622 2252 qum
633 2177 880 2252 propellitaregia
890 2183 942 2234 tua
995 2183 1040 2236 est
1051 2179 1143 2254 gloria
1157 2185 1185 2238 et
1201 2184 1342 2254 potestas,
1358 2181 1388 2239 in
1404 2182 1512 2237 secula
1527 2179 1823 2238 seculorumsmen.

110 2277 228 2342 sancta,
244 2275 273 2327 et
287 2271 331 2327 lae
348 2275 380 2325 ul
393 2268 535 2341 suscipiat
551 2285 584 2324 ex
600 2272 783 2323 sacramento
807 2272 857 2323 tuo
873 2285 940 2323 san·
1030 2271 1126 2326 Postea
1140 2279 1227 2327 unam
1241 2272 1325 2327 admit
1343 2281 1546 2327 sacromentum
1569 2278 1694 2326 sonetum
1716 2269 1824 2325 Docte·

111 2366 171 2418 eto.
185 2359 292 2416 lnlanti
305 2359 392 2414 etiam
409 2358 478 2414 huie
495 2356 624 2432 parvulo,
641 2357 774 2426 Domine,
788 2356 837 2429 qui
854 2361 941 2413 natus
994 2359 1097 2416 rtatim.

110 2455 158 2507 est
173 2468 208 2506 ex
222 2465 267 2517 ea,
282 2446 413 2516 benedic,
430 2447 592 2516 sanctifica,
605 2451 633 2503 et
648 2445 790 2503 confirma
803 2463 888 2516 eum;
904 2447 942 2503 da
1032 2447 1246 2506 Benedictionis
1262 2465 1410 2523 puerpera
1425 2448 1503 2506 linis.

1503 2605 1824 2620 ish-——n——fi

184 2674 191 2686 ·
267 2760 471 2868 ORDO
510 2757 1675 2899 BAP'l‘lSlllSECUNDUMAE'l'HlOPUM
1789 2802 1796 2817 ’

114 3097 135 3207 ξε
167 3165 279 3205 saurus
308 3163 421 3221 ramis,
451 3165 485 3203 er
512 3163 590 3214 mun,
611 3163 645 3201 m
673 3161 803 3202 sararrns
831 3161 941 3202 sascrr.
958 3146 980 3215 G
1000 3140 1092 3219 ptoris
1107 3146 1198 3203 nostri
1214 3146 1285 3204 Jesu
1300 3146 1542 3220 Christi,oraruus
1555 3152 1585 3206 et
1599 3150 1831 3223 rogamusboai-

488 3235 574 3274 east·
1000 3239 1092 3292 tatem
1108 3238 1200 3304 tuam,
1217 3253 1233 3293 o
1249 3240 1362 3293 amator
1375 3236 1497 3293 humani
1511 3237 1693 3310 generis,pro
1706 3237 1827 3297 tumulis

115 3310 283 3374 Orationes
311 3328 381 3388 quae
405 3309 553 3369 dicuntur
576 3305 608 3368 in
637 3312 747 3368 saneto
774 3306 944 3387 baptismo.
1000 3325 1062 3381 tuis
1076 3324 1127 3397 qui
1146 3324 1306 3393 docentum
1322 3325 1406 3382 erudi
1431 3342 1492 3393 eos,
1507 3331 1536 3382 et
1559 3342 1661 3385 ornnes
1686 3325 1828 3398 reliquias

151 3414 283 3473 Sacerdos
295 3416 419 3488 primum
432 3412 499 3470 dicit
519 3400 659 3486 psalmim
677 3414 946 3488 qoinquagesimum,
1001 3408 1171 3470 idololatria
1197 3413 1303 3487 elonga
1325 3419 1354 3470 et
1377 3413 1526 3488 expelles
1548 3415 1687 3472 cordibus
1714 3430 1828 3472 eorum.

114 3506 246 3564 solimet:
1002 3502 1108 3577 Legem
1125 3507 1219 3569 tuam,
1233 3502 1380 3571 timorem,
1398 3508 1428 3560 et
1441 3503 1582 3561 mandata
1595 3507 1656 3571 tua,
1669 3503 1830 3577 justitiam,

117 3593 257 3651 Miserere
271 3590 435 3661 mei,Deus,
452 3592 614 3649 secundum
630 3606 767 3665 magnam
784 3589 948 3649 misericor·
1001 3596 1031 3648 et
1043 3591 1270 3653 constitutiones
1284 3594 1352 3647 tuas
1370 3595 1490 3648 sanctae
1510 3591 1769 3665 imponecordibus
1781 3609 1829 3648 eo·

117 3678 199 3741 diam
216 3687 309 3752 tunm,
325 3680 456 3755 usquein
478 3683 569 3755 fierem
590 3679 660 3738 llus
683 3681 741 3748 dat,
757 3688 783 3737 et
798 3683 949 3752 interrogat
1002 3696 1086 3747 rum;
1102 3683 1132 3736 et
1147 3670 1255 3736 laceo's
1269 3684 1353 3754 aptos
1376 3681 1412 3738 ad
1438 3680 1668 3738 conservandam
1692 3680 1829 3737 virtutem

117 3773 237 3830 nomino
248 3786 342 3828 eorum
355 3773 405 3845 qui
419 3771 580 3844 baptizandi
593 3779 667 3839 aunt,
683 3779 709 3827 et
720 3778 781 3827 orot
800 3784 947 3843 superous.
1002 3768 1082 3826 verbi
1098 3767 1140 3824 tui
1153 3767 1231 3845 quod
1247 3769 1400 3836 docentur,
1415 3774 1448 3826 ut
1461 3768 1492 3825 in
1508 3773 1638 3844 tempore
1660 3773 1772 3828 statuto
1784 3770 1830 3826 in·

156 3864 297 3919 Diaconos
311 3859 378 3917 dicit
392 3880 402 3916 :
417 3859 512 3917 Orate.
1002 3855 1122 3914 veniant
1136 3856 1316 3917 ablutionem
1331 3857 1563 3930 regenerationis
1578 3858 1609 3914 in
1625 3858 1830 3916 remissionem

154 3948 287 4008 Sacerdos
301 3959 394 4006 caten
406 3949 474 4006 dicit
489 3930 624 4006 :Domine
639 3952 747 4018 nomer,
764 3949 834 4007 lesu
850 3946 948 4004 Chris·
1003 3950 1188 4020 peccaterum
1208 3962 1342 4013 suorum,
1355 3950 1384 4003 et
1395 3946 1455 4003 sint
1471 3946 1613 4009 hahitatio
1628 3948 1722 4004 saneti
1738 3947 1830 4022 Spiri-

121 4044 160 4108 te,
176 4037 230 4113 qui
245 4036 393 4095 inclinasti
416 4041 446 4094 et
468 4037 647 4095 descendisti
672 4035 702 4093 in
722 4042 848 4107 terram;
864 4035 949 4108 cujus
1003 4038 1052 4092 tus
1067 4035 1258 4108 pergratiam
1282 4034 1362 4091 unici
1388 4034 1454 4092 Filii
1474 4036 1529 4104 tui,
1547 4036 1658 4104 ullibi,
1675 4043 1704 4094 et
1718 4037 1786 4111 ipsi,
1803 4039 1833 4092 et

120 4130 244 4186 verbum
260 4126 369 4184 scindit
383 4130 654 4200 petras,etacutum
668 4123 951 4200 estplusquamgla·
1004 4128 1105 4182 saneto
1133 4108 1254 4197 Spiritui
1279 4123 1318 4181 sit
1341 4122 1436 4197 gloria
1459 4129 1488 4182 et
1510 4125 1674 4199 gratiarum
1698 4126 1784 4196 aetio,
1800 4125 1832 4181 in

121 4213 309 4289 dius;cujus
337 4213 493 4291 prasentia
519 4220 673 4273 commota
701 4220 772 4272 aunt
797 4232 892 4289 aqua,
922 4217 952 4271 et
1004 4213 1111 4272 saecula
1125 4212 1309 4271 seculorum.
1324 4214 1428 4271 Amen.

121 4312 199 4366 retro
215 4305 363 4381 ingerunt,
376 4323 449 4362 sana
463 4304 655 4363 heslamulos
671 4309 739 4362 tuos
752 4303 802 4378 qui
825 4303 950 4378 ingressi
1040 4304 1144 4377 Accipit
1160 4303 1333 4376 postmodum
1352 4303 1476 4361 sacerdot
1499 4318 1547 4360 eoa
1570 4304 1624 4361 otei
1647 4305 1677 4358 ia
1700 4302 1830 4358 munitas

122 4395 245 4454 suntad
259 4393 423 4453 doctrinam
438 4399 531 4452 tuam.
542 4394 670 4452 Ostende
683 4393 725 4451 eis
738 4393 815 4450 viam
831 4411 895 4467 qua
907 4393 951 4452 eis
1003 4397 1071 4461 suia,
1083 4401 1110 4450 ct
1120 4402 1180 4451 orat
1194 4409 1277 4466 saper
1288 4395 1377 4465 iprum
1392 4394 1422 4449 ia
1436 4394 1510 4448 teuc
1523 4389 1642 4460 modam,
1658 4384 1752 4447 dream
1766 4408 1777 4445 .·

122 4484 269 4554 convenit,
285 4488 318 4540 ut
331 4501 383 4558 per
396 4500 461 4541 eam
476 4483 614 4540 incedant
632 4499 685 4557 per
707 4482 833 4556 gratiam
856 4483 950 4541 saneti
1040 4482 1172 4552 Domine,
1188 4481 1353 4548 ommino,
1370 4482 1454 4539 Pater
1468 4481 1553 4549 bane,
1563 4478 1641 4537 Deus
1656 4483 1757 4536 nomer
1770 4493 1832 4536 em·

122 4572 251 4649 Spiritus
265 4571 490 4642 immaculati,et
500 4572 630 4630 donaeis
640 4571 841 4630 remissionem
851 4588 951 4645 pecca·
1007 4573 1151 4647 nipotens‚
1168 4572 1252 4628 Pater
1266 4570 1382 4628 Domini
1397 4570 1447 4626 Dei
1462 4572 1491 4625 et
1514 4568 1716 4642 Redemptaris
1739 4569 1832 4626 uesta

122 4668 221 4720 torum
237 4677 349 4719 eorum.
367 4660 409 4718 Da
423 4642 618 4735 aldgratram,
636 4665 668 4717 ut
684 4661 833 4717 inveniant
852 4661 951 4717 mede·
1005 4662 1075 4720 lesu
1092 4659 1294 4728 Christi,uaici
1308 4657 1373 4715 Filii
1389 4659 1443 4727 lui,
1455 4657 1542 4715 Verbi
1555 4658 1699 4717 incarnati
1714 4664 1833 4732 propter

122 4749 182 4809 lam
199 4754 385 4824 peecatorum
400 4766 522 4807 suorum
539 4767 603 4823 qua
617 4749 820 4823 coinquinant,
836 4753 865 4805 et
879 4750 953 4806 siant
1007 4767 1061 4807 uos
1075 4754 1207 4822 tempere
1218 4746 1313 4804 Pontii
1322 4745 1405 4803 Pilati
1417 4746 1483 4820 (huo
1493 4747 1571 4803 euim
1584 4761 1651 4808 vere
1660 4747 1831 4821 cmdimasl,

122 4840 205 4916 digni
223 4843 324 4897 sancto
339 4838 487 4912 baptismo
502 4843 553 4895 tuo
569 4839 647 4912 quod
657 4845 703 4895 est
717 4838 896 4913 regeneratio
911 4837 953 4892 in·
1007 4855 1126 4896 oramus
1140 4842 1169 4895 et
1183 4848 1322 4910 rugeam
1338 4835 1496 4893 bonitatem
1513 4842 1604 4907 tuam,
1621 4841 1766 4894 osmator
1780 4837 1834 4893 hu·

122 4926 336 5004 corruptibilis,
360 4932 390 4984 et
413 4928 564 4985 inveniant
589 4926 732 5002 Spiritum
756 4931 903 4994 sanctem,
920 4930 953 4982 ut
1007 4928 1086 4985 mani
1101 4925 1216 5001 generis
1227 4944 1234 4995 ;
1247 4925 1331 4982 mitta
1343 4926 1481 4982 virtutem
1497 4930 1580 4984 tuam
1594 4930 1728 4983 sanetum
1742 4934 1833 4999 super

121 5019 242 5075 videant
256 5016 491 5090 magnitudinem
506 5018 572 5090 ejus
585 5021 614 5073 et
628 5015 801 5087 claritatem,
817 5020 846 5073 et
859 5016 952 5071 virtu·
1007 5016 1061 5073 hoc
1077 5014 1185 5082 oleum,
1196 5020 1226 5072 st
1239 5015 1291 5071 ilat
1304 5014 1401 5083 oleam
1413 5015 1443 5071 in
1454 5015 1676 5072 mundationem
1686 5017 1714 5070 et
1726 5023 1833 5089 prepm

122 5111 184 5165 mm
213 5098 414 5180 intelligentia
442 5110 511 5174 lue,
533 5109 562 5163 et
584 5104 749 5180 glorificent
773 5107 811 5175 te,
829 5104 952 5163 Domine
1007 5103 1166 5181 graculum
1181 5110 1283 5161 contra
1300 5103 1400 5162 omnia
1424 5121 1488 5178 qua
1511 5104 1712 5161 adversantur.
1726 5101 1830 5158 Amen.

123 5200 235 5262 noster,
245 5193 299 5250 tibi
309 5191 388 5251 enlm
403 5193 538 5251 convenit
547 5192 791 5268 gloria,l’atrique
802 5197 853 5250 luo
864 5194 952 5265 bono,
1007 5195 1130 5252 Omnem
1145 5193 1359 5261 infidelitatem,
1373 5198 1404 5250 et
1417 5208 1504 5250 omne
1526 5191 1709 5261 venalicium,
1724 5194 1753 5246 et
1767 5202 1831 5251 om-

123 5288 154 5341 et
177 5280 302 5357 Spiritui
324 5287 436 5350 sancto,
455 5282 622 5352 vivificanti,
636 5299 724 5352 nuuc,
740 5286 769 5338 et
783 5299 908 5357 semper,
925 5286 953 5338 et
1007 5301 1074 5341 nem
1090 5282 1289 5341 adorationem
1304 5281 1448 5340 idolorum
1463 5286 1492 5338 et
1505 5296 1592 5337 omne
1606 5292 1680 5352 opus
1699 5277 1768 5335 mall
1785 5291 1833 5336 re·

124 5371 156 5428 in
169 5369 280 5429 secale
293 5368 480 5429 seculorum.
496 5372 600 5430 limen.
1007 5376 1182 5430 tmvertalur
1196 5384 1247 5445 per
1260 5370 1398 5428 virtutem
1411 5369 1489 5427 unici
1506 5368 1572 5426 lilii
1588 5364 1713 5426 tuilsse
1723 5364 1832 5426 curisti

157 5456 378 5519 Dieoorimdieit'
392 5479 401 5517 :
416 5459 513 5519 Orate.
1007 5459 1123 5518 Domini
1138 5465 1167 5518 et
1181 5457 1383 5532 Redemptorls
1398 5456 1501 5526 namsi,
1517 5457 1564 5513 eui
1576 5461 1748 5526 teramnae
1762 5464 1831 5514 eum

159 5547 291 5607 Sacerdos
304 5557 398 5607 cotem
411 5549 478 5608 dreit
493 5568 503 5606 :
519 5549 649 5617 Domine,
666 5549 752 5606 Pater
774 5549 859 5616 bone,
877 5552 953 5606 Deus
1008 5556 1108 5607 saneto
1124 5549 1246 5624 Spiritu,
1261 5546 1397 5605 convenit
1411 5545 1505 5622 gloria
1519 5549 1549 5604 et
1562 5546 1657 5606 honor
1672 5547 1701 5604 in
1725 5545 1833 5609 secem

125 5642 227 5698 nasim
241 5636 438 5716 omnipotens,
453 5642 540 5698 Pater
560 5638 678 5699 Domini
702 5638 763 5712 Dei,
777 5641 805 5696 et
829 5639 952 5697 liudem·
1008 5638 1192 5700 seculorum.
1207 5640 1311 5698 Amen.
