3878 6098
104 306 175 368 :ms
607 304 735 370 rmus
756 305 946 368 orvouun
970 300 1151 368 consur.
1174 304 1333 369 succus,
1472 288 1475 295 '
1764 314 1823 378 see

112 439 245 499 soletum
276 439 411 515 ejusdcm
440 439 521 498 sedis
551 436 705 515 elegimus.
731 437 786 506 Oui
812 436 942 513 pontifex
955 437 983 506 Α
998 439 1088 494 tstem
1103 438 1141 497 ed
1156 437 1206 496 uei
1230 438 1372 498 bonorem
1397 444 1426 498 et
1449 440 1495 498 sui
1519 441 1700 503 lldelitutem.
1717 447 1822 522 sieque

113 530 270 588 ordinetue
281 546 441 587 assumens
461 529 557 586 selum
580 532 684 585 contre
708 527 855 602 proximos
869 543 943 601 pre-
998 527 1244 586 concordantibus
1268 528 1393 600 cunctis,
1424 535 1486 591 tum
1509 533 1624 591 clericis
1650 548 1740 608 quem
1762 536 1822 594 let-

114 619 280 677 decessoris
308 619 366 686 sui,
395 634 463 676 eum
489 634 541 675 eos
570 622 738 691 persumet
761 635 780 674 e
807 618 870 675 loco
891 617 943 675 de·
996 615 1051 686 cis,
1070 616 1121 690 qui
1145 620 1239 674 exire·
1249 618 1433 678 obsidionem
1454 626 1552 691 esunt,
1578 621 1712 697 pluribus
1732 627 1824 685 etiem

113 708 225 785 pellere
249 724 306 765 non
329 707 448 772 voleret,
478 705 601 763 consilio
625 707 698 763 inito
722 722 791 763 cum
821 706 942 780 quibus·
996 720 1098 762 eorum
1114 707 1164 780 qni
1181 704 1274 764 elensi
1296 709 1474 767 tenebuntur
1495 710 1523 771 in
1552 710 1682 785 idipsum
1703 713 1824 771 lbvesti·

113 798 185 855 dem
214 796 298 853 luicis
325 795 438 853 seiiieet
470 794 647 852 consiliariis
676 795 749 864 suis,
778 795 943 853 *amicitiem
998 794 1066 865 bus,
1079 794 1200 870 eligitur
1222 795 1400 854 humititetie
1425 802 1530 856 nostre
1558 810 1686 873 perseus
1711 801 1744 859 iu
1770 803 1826 861 boe

113 884 252 961 quesivit
275 882 424 943 Heriberti
451 884 579 953 comitis,
609 900 698 957 quum
734 885 804 941 dete
828 884 944 957 jureju·
998 882 1093 956 magis
1108 900 1196 941 onere
1211 900 1300 958 quem
1316 885 1426 944 bonore
1441 887 1826 963 subeundodperientibus

112 975 210 1033 modo
230 988 283 1047 per
300 973 419 1030 eosdem
444 971 628 1030 consiliarios
642 973 769 1029 obtinuit
783 988 818 1029 eo
832 976 943 1039 tenore,
997 972 1116 1028 tendem
1123 977 1185 1029 tum
1192 973 1337 1032 militibus
1346 976 1554 1048 quemeivibus
1561 982 1661 1052 portes
1671 981 1825 1057 urbisregi

114 1068 150 1121 ut
174 1068 241 1137 pest
265 1062 381 1119 obitum
409 1061 503 1135 ipsius
532 1062 569 1118 sd
596 1060 768 1118 eiectionem
797 1060 945 1135 pontilicis
998 1059 1369 1137 Rodullo,etepiseopelem
1385 1065 1617 1124 benedictionem
1628 1068 1701 1124 mibi
1711 1070 1827 1127 beden-

113 1153 226 1211 milites
237 1151 369 1210 ecclesie
382 1151 550 1209 nullalenus
575 1150 740 1225 aspirarent
761 1151 824 1208 sine
845 1148 943 1207 conei-
998 1149 1079 1207 tibus
1093 1151 1305 1225 episcopisqui
1318 1154 1442 1211 ederent
1456 1155 1555 1212 decem
1571 1160 1601 1213 et
1613 1161 1824 1226 potestesse·

112 1242 155 1300 tio
183 1243 280 1318 ipsius
307 1239 450 1297 floriberti
485 1241 564 1296 idem
597 1257 666 1296 vero
698 1255 811 1297 comes·
826 1241 944 1297 lrstrem
997 1238 1147 1313 pieniibus
1162 1245 1294 1299 nostrum
1307 1241 1505 1300 bumilitatem
1519 1248 1581 1301 tem
1596 1245 1674 1303 clero
1688 1247 1825 1307 universo

114 1331 231 1389 lteris-ei
260 1328 403 1405 presulis,
430 1332 461 1385 et
475 1333 596 1402 nepotes
619 1328 717 1402 ipsius
744 1345 762 1383 n
790 1327 945 1402 participe·
999 1344 1088 1401 quem
1104 1328 1826 1410 reliqnisoivibus,inibiinthronizetusebepieeo·

112 1420 195 1478 tiene
222 1432 320 1477 rerum
342 1417 499 1474 tiernensis
519 1418 660 1491 episcopii
689 1421 847 1490 seperaret.
877 1416 946 1484 Qui·
997 1414 1044 1489 pis
1060 1422 1166 1474 nostre
1181 1418 1350 1485 dioceseos,
1361 1418 1533 1494 impositum
1548 1422 1632 1489 mihi.
1649 1430 1736 1497 prout
1748 1426 1826 1485 Deus

112 1511 174 1566 bus
186 1508 321 1582 putretis,
335 1506 503 1564 insimulati
518 1511 589 1564 sunt
602 1507 691 1563 iidem
717 1505 877 1580 propinqui
892 1506 945 1563 lie·
999 1507 1153 1572 concessit,
1166 1506 1363 1569 ministeriun
1377 1526 1536 1583 perennes
1552 1511 1642 1569 lerme
1656 1528 1759 1571 novem
1770 1520 1827 1573 trs·

113 1597 187 1655 rivet
216 1596 350 1670 presulis
377 1613 395 1653 e
422 1594 607 1653 coustumiis.
636 1595 724 1652 Soulti
753 1595 946 1669 episcopide
998 1595 1085 1664 etevi,
1101 1596 1243 1654 ordinans
1257 1614 1309 1670 per
1323 1597 1473 1655 dioeoesim
1488 1599 1641 1674 episcopos
1665 1604 1827 1672 octo,etin

114 1687 290 1745 infidelitete
313 1686 409 1759 ipsius
433 1685 559 1742 senioris
587 1684 643 1753 sui,
670 1684 870 1757 accersitoque
890 1683 944 1740 He·
998 1684 1147 1759 episcopie
1162 1686 1379 1760 multos‚pront
1393 1688 1827 1762 competenevldebetumeleri·

113 1775 356 1845 riberto,eomite
385 1790 453 1831 eum
482 1773 620 1848 muribus
648 1773 710 1830 suis
734 1774 880 1845 jubentur
907 1773 944 1828 sd
1000 1788 1221 1849 susquedeque
1235 1778 1763 1854 nonopostmodumuone,postquem
1775 1783 1830 1840 bu-

115 1866 261 1923 retionem
277 1864 457 1922 reddendum
472 1880 572 1920 eornm
597 1863 670 1937 ipsis
693 1863 801 1919 venire.
826 1863 863 1918 ut
875 1862 946 1934 quie
1000 1862 1134 1921 dovicum
1150 1880 1261 1938 regem,
1277 1865 1391 1922 invente
1414 1866 1535 1941 lingone
1554 1869 1732 1944 cunctisque
1746 1873 1829 1946 regui

113 1959 221 2012 eostre
240 1968 294 2010 eos
319 1969 336 2010 e
361 1953 470 2027 quibus
494 1951 624 2010 eccnssti
649 1952 777 2019 luerent,
800 1949 945 2025 singulari
999 1952 1381 2028 principibus.tierbergnrn
1397 1972 1515 2028 qnoque
1529 1957 1829 2031 reginembeuedise·

114 2043 256 2118 congredi
271 2043 430 2100 eertsmine
443 2040 611 2108 uoluerunt,
628 2039 754 2098 subistis
776 2041 814 2096 eb
835 2041 877 2097 cis
899 2056 945 2097 re-
1000 2047 1197 2099 rsmetsecro
1205 2043 1393 2116 perdideram
1405 2043 1826 2123 chrismeteinstlgetusilugo

113 2134 173 2191 bss
195 2128 270 2207 ques
293 2146 327 2189 es
350 2131 499 2206 episcopio
521 2131 719 2204 possidebant,
742 2129 945 2203 comprehensi
999 2131 1827 2212 comesirnoundimquedeiconsestlmvelconjungire·

114 2227 189 2280 sunt
212 2226 301 2295 etque
323 2220 440 2277 deducti
467 2237 519 2295 per
546 2221 731 2277 tlcribertum
755 2219 892 2276 comitem
907 2220 945 2276 ed
1000 2218 1104 2275 luerim
1120 2219 1827 2295 sdipsineregisinlldelltetem,edbibitissccum

115 2312 290 2370 ltotbertnm
323 2324 432 2383 regem,
462 2327 480 2366 e
510 2326 568 2383 quo
599 2309 689 2366 etiem
723 2309 779 2365 sub
812 2307 947 2365 custodie
1000 2308 1151 2365 floriberto
1167 2309 1273 2366 comite
1283 2317 1312 2368 et
1323 2309 1471 2377 Wilielmu
1482 2312 1738 2371 Nordmeunonsm
1750 2316 1829 2388 puin-

113 2405 189 2458 suot
215 2399 326 2456 deeuti
354 2415 450 2472 usque
477 2398 513 2454 ed
544 2403 667 2454 mortem
689 2397 783 2471 ipsius
803 2397 946 2454 lietberti.
999 2397 1252 2471 cipe,itemensem
1266 2399 1383 2457 obsidet
1398 2400 1510 2458 urbem.
1525 2400 1584 2458 Noe
1599 2401 1731 2476 loegum,
1746 2408 1829 2463 sente

114 2489 217 2547 Tertio
228 2489 350 2545 murum
370 2488 415 2544 sui
429 2486 618 2562 episcopatus
642 2504 719 2544 enno
743 2487 862 2544 Scullus
884 2487 945 2561 epi·
1001 2484 1111 2544 seilicet
1125 2485 1288 2545 obsidionis
1302 2487 1358 2556 die,
1374 2489 1493 2546 deseror
1507 2489 1544 2546 nb
1567 2490 1649 2547 omni
1662 2508 1738 2566 pene
1752 2498 1829 2551 cestu

114 2594 237 2653 scopus,
268 2583 301 2633 ut
330 2576 428 2650 plures
457 2580 603 2645 esserunt,
633 2578 669 2632 ob
692 2576 836 2633 Heriberti
860 2574 945 2632 lumi·
1001 2574 1113 2632 leicsile
1125 2575 1247 2632 militie.
1264 2576 1371 2651 Sicque
1385 2577 1540 2637 derelictus
1555 2577 1593 2636 eb
1612 2578 1707 2648 his,ed
1731 2580 1828 2655 tingo·

116 2667 243 2725 tisribus
265 2683 377 2724 veneno
401 2669 521 2740 polulus
551 2665 731 2738 defungitur.
757 2665 824 2722 iles
847 2665 946 2738 itaque
999 2681 1067 2721 uem
1083 2669 1112 2722 et
1127 2665 1312 2722 floribertum
1327 2665 1488 2740 compellor
1500 2666 1608 2734 exires
1621 2664 1732 2741 quibus
1743 2684 1829 2728 coer·

116 2756 417 2815 onmes···lieriberlus
449 2755 555 2823 urbem
587 2754 760 2812 lismensem
799 2754 883 2821 adiit,
918 2759 947 2811 ct
1000 2757 1096 2812 cletus
1106 2755 1331 2823 etconterritus,
1342 2772 1430 2830 cogor
1439 2760 1549 2814 memet
1559 2754 1715 2832 episoopeii
1727 2774 1830 2832 prome·

115 2846 248 2904 ecclesie
269 2832 388 2915 milites,
403 2844 576 2901 clericorum
601 2861 718 2918 quoque
742 2845 885 2917 quosdam
909 2844 946 2903 de
999 2843 1112 2900 retione
1123 2844 1270 2911 obdidere,
1287 2848 1316 2901 et
1340 2844 1369 2901 in
1392 2861 1439 2902 me
1461 2842 1667 2920 proponentes,
1683 2846 1713 2903 in
1728 2864 1826 2906 cmuc-

119 2934 243 2993 reetcris
266 2934 407 2991 electione
430 2935 466 2991 ud
489 2950 579 2990 suum
602 2933 771 3002 consilium,
788 2949 840 2990 ceu
862 2933 945 3005 juro·
1000 2933 1048 2990 bio
1064 2933 1158 2990 suncti
1171 2933 1268 2991 Boeoti
1290 2933 1423 2992 habitere
1447 2935 1657 2992 constituunt:
1675 2936 1827 3011 lingonem

104 3016 185 3081 'turn
208 3024 313 3089 lueret,
334 3023 486 3080 intendere
504 3021 582 3080 lesit.
596 3023 670 3078 Cum
695 3022 804 3094 quibus
827 3021 863 3077 od
888 3022 944 3079 tto·
999 3039 1066 3080 vero
1084 3022 1176 3080 fliium
1192 3023 1349 3092 Heriberti;
1366 3023 1417 3098 qul
1432 3024 1611 3081 Anttsiodori
1625 3024 1770 3084 dissonus
1784 3043 1831 3084 or·

117 3113 235 3171 dullum
264 3126 362 3186 regem
390 3128 516 3187 pergens
539 3111 568 3167 in
591 3111 802 3185 Burgundiem
818 3111 946 3168 obtinuit
1000 3112 1240 3181 dinetusluerst,
1256 3113 1286 3169 in
1311 3115 1413 3172 urbem
1437 3104 1689 3183 introducuntet
1712 3114 1830 3174 oivltste

117 3204 158 3260 sb
182 3219 229 3270 eo,
253 3205 287 3258 ut
309 3200 365 3258 sibi
389 3202 624 3258 committeretur
647 3201 724 3257 idern
752 3201 946 3273 episcopium,
962 3186 985 3254 C
1002 3200 1828 3278 potiuntur.Ludoviouseutemrexeburgundlerediens,

116 3308 152 3349 so
181 3296 293 3359 muers,
309 3295 343 3347 ut
368 3294 429 3347 tem
457 3289 572 3347 clericis
601 3306 690 3363 quem
715 3289 799 3346 luicis
815 3289 947 3347 debitum
1003 3306 1050 3348 mc
1065 3292 1288 3366 spudssnctum
1304 3292 1441 3350 anoium
1456 3291 1773 3366 moritonensem
1788 3308 1831 3351 se

117 3382 261 3439 bonorem
286 3381 460 3437 concederet
484 3384 514 3435 et
538 3382 732 3445 conservaret,
754 3394 808 3435 nec
832 3379 963 3452 injusti-¹
1002 3398 1081 3451 cum,
1097 3381 1186 3438 simul
1201 3398 1269 3438 oum
1285 3381 1458 3457 propinquis
1474 3381 1558 3450 meis,
1570 3390 1700 3454 quomm
1714 3396 1763 3439 res
1777 3383 1830 3440 ile·

116 3469 191 3527 tism
208 3468 421 3526 elicuiteceret
446 3486 453 3524 ι
479 3468 530 3525 sed
556 3468 653 3541 ipsum
670 3467 851 3542 episcopium
865 3485 948 3542 equo
1001 3470 1129 3526 ribertus
1144 3486 1242 3527 comes
1256 3469 1606 3537 abstulerat,Luudunum
1619 3468 1829 3543 deducit,quod

113 3561 183 3634 jure
196 3559 386 3633 gubsrnsret,
401 3558 494 3614 donec
509 3556 598 3614 telem
614 3556 753 3613 clericum
766 3557 861 3613 eidem
887 3557 948 3632 regi
1002 3563 1132 3617 cestrum
1147 3564 1217 3614 tunc
1231 3558 1631 3615 obsidebontileribcrtuset
1645 3557 1831 3632 lingendu-

115 3651 320 3723 peseesteret,
334 3648 385 3720 qui
410 3648 447 3704 ed
471 3644 637 3720 episcopsle
662 3646 861 3703 ministerium
886 3662 949 3703 exs-
1002 3644 1831 3720 tuqneobsidioneoppidnmingredimurmobtsquemo·

114 3738 270 3812 quendum
299 3736 353 3793 rite
385 3735 515 3793 ordinari
542 3735 662 3792 voleret.
694 3736 748 3802 Oui
781 3751 879 3793 comm
909 3736 948 3792 ed
1002 3736 1083 3791 tetus
1097 3733 1221 3808 degendi
1236 3732 1536 3807 disponitnrlntsrim
1552 3732 1829 3804 clericiooetriioci,

115 3825 256 3883 eumdem
292 3826 396 3882 urbem
427 3840 589 3898 regressus,
619 3840 666 3880 res
691 3823 832 3898 episcopii
861 3829 950 3897 prout
1002 3824 1054 3880 sed
1070 3822 1178 3880 ettelei
1192 3823 1325 3896 quidem,
1341 3822 1470 3896 pessime
1484 3822 1522 3879 eb
1535 3822 1688 3880 ileriberte
1701 3826 1830 3881 trecten-

115 3916 174 3974 sibi
202 3914 315 3990 pleeuit
337 3915 503 3972 leuioribus
528 3913 591 3971 suis
615 3913 723 3981 deicit,
745 3912 858 3971 ceteris
880 3913 948 3970 ebs·
1002 3916 1061 3983 tur,
1073 3915 1101 3969 et
1117 3911 1236 3985 quidem
1250 3910 1424 3969 elericorum
1439 3911 1469 3969 in
1483 3911 1628 3970 custodiis
1639 3911 1831 3970 retruduntur

116 4003 200 4073 snut,
222 4007 256 4061 et
283 4004 393 4077 ubsque
419 3999 482 4059 ulto
504 4000 617 4076 judicio
644 4001 690 4058 vel
715 4001 788 4075 lege,
804 4018 879 4075 quos
901 4018 949 4058 vo
1002 4016 1050 4059 res
1062 4016 1165 4058 eorum
1181 4000 1768 4076 solemnibusquediripiunturpeplss
1780 4018 1832 4076 per

117 4092 177 4150 tuit
192 4093 282 4153 rebus
298 4091 464 4166 expoliavit,
481 4090 525 4148 vel
549 4091 587 4148 eb
609 4092 683 4148 erbe
707 4090 846 4164 propulit.
863 4089 949 4149 Odoi-
1002 4095 1095 4147 totum
1108 4089 1212 4146 urbem
1227 4089 1307 4147 licite
1319 4095 1535 4164 perpetrentur.
1545 4090 1833 4149 interessenvocen-

117 4182 217 4240 sicum
246 4181 374 4255 denique
397 4182 563 4254 ltquensem
592 4180 763 4262 episcopum
793 4179 823 4234 in
847 4181 949 4237 eedem
1003 4185 1053 4237 tur
1067 4178 1195 4253 epiceopi
1220 4183 1324 4235 neore
1345 4179 1562 4239 ·dimcsseossb
1577 4179 1700 4254 liugom
1724 4185 1753 4238 et
1777 4181 1831 4238 its·

117 4271 196 4328 urbs
209 4269 385 4345 suscipiens,
400 4269 568 4344 epiecopeie
589 4268 663 4326 inibi
683 4267 881 4325 ministerium
903 4285 950 4326 ee·
1003 4267 1587 4343 riberto,sstngentibusetqusreutibus
1601 4269 1640 4325 sb
1654 4268 1833 4326 eisdeordi-

117 4359 236 4417 lebrsre
261 4358 409 4433 precepit.
437 4359 545 4432 sicque
578 4375 631 4432 per
658 4374 752 4415 onnes
776 4374 827 4415 sex
860 4362 889 4415 et
916 4374 950 4415 eo
1005 4357 1123 4415 ustione
1138 4357 1269 4431 liuponis
1284 4357 1336 4414 litii
1351 4357 1566 4425 iteriberti.t)ul
1580 4355 1831 4415 beenionisuon·

117 4447 252 4522 smplius
279 4448 357 4506 idem
377 4448 562 4523 episcopium
587 4464 641 4505 suo
664 4447 796 4504 dominio
819 4446 951 4506 reodien-
1003 4446 1296 4523 gregati,mittnnted
1305 4460 1353 4502 mo
1368 4446 1544 4503 Lnuduuum
1558 4441 1830 4518 liitdegmiumepi·

115 4537 172 4603 stt,
193 4550 248 4611 pre
271 4537 357 4594 libitu
382 4537 500 4612 proprio
520 4535 594 4595 illud
618 4540 760 4602 tractans,
776 4541 806 4592 et
828 4535 858 4592 in
882 4537 951 4594 sede
966 4562 990 4626 Ι)
1004 4552 1128 4609 scopum
1143 4548 1212 4592 oum
1224 4533 1480 4608 aliisquibusdem
1494 4532 1789 4607 tegetismundsotes
1798 4538 1832 4590 ut

119 4624 257 4701 presulis
285 4625 419 4683 residens
442 4631 502 4683 tum
535 4626 600 4700 ipse
631 4638 722 4699 quem
739 4626 856 4698 conjux
885 4642 949 4694 sue,
1005 4626 1042 4683 ed
1055 4641 1106 4682 eos
1119 4621 1550 4689 venirem‚edoousentiendum
1562 4619 1831 4694 soillustbujusor»

117 4716 215 4773 denec
240 4714 370 4788 septimo
398 4715 518 4773 taudem
546 4731 635 4782 enno,
652 4714 724 4771 ortis
748 4715 825 4771 inter
851 4715 951 4788 ipsum
1004 4712 1165 4771 dinationis
1181 4708 1830 4785 pertersileti.0utbusremendevl,quodnou

117 4808 149 4862 st
176 4817 278 4877 regem
315 4801 474 4860 Rodnllum
510 4807 597 4876 etque
629 4802 781 4877 ltugonem
814 4805 951 4862 comitem
1003 4807 1082 4861 esset
1098 4800 1171 4858 mibi
1186 4804 1360 4872 competens
1370 4801 1407 4857 sd
1422 4799 1764 4874 obstito-prodeieobubi
1780 4800 1831 4856 ud·

117 4892 301 4966 quibusdem
317 4890 531 4960 simultatibus,
548 4891 692 4949 bedulltse
720 4908 771 4948 rex
794 4909 862 4949 cum
889 4894 950 4950 itu·
1003 4890 1123 4949 versarii
1140 4894 1170 4946 et
1184 4887 1296 4944 inimici
1312 4887 1370 4945 mel
1384 4904 1452 4946 cum
1473 4889 1547 4964 ipsis
1572 4894 1656 4947 erent
1669 4889 1829 4963 eggregeti.

119 4996 197 5056 gone
222 4985 252 5038 et
279 4980 392 5038 bosom
421 4981 512 5037 frotre
538 4998 594 5038 euo
620 4979 792 5054 eaetedsquc
815 4981 952 5054 pluribus
1002 4980 1086 5047 Quod
1102 4978 1127 5035 si
1141 4977 1222 5051 loqui
1236 4992 1352 5034 meeum
1367 4976 1526 5046 vellent,ed
1539 4978 1629 5035 telem
1643 4976 1832 5034 ieoumdeve-

119 5075 183 5129 um
197 5069 346 5144 episeopis
366 5086 459 5143 mem
480 5070 638 5126 comitibus
664 5070 822 5126 Remorum
836 5071 952 5127 obsidet
1004 5069 1111 5138 niceni,
1129 5066 1178 5123 ubi
1195 5066 1260 5123 sine
1272 5066 1453 5141 periculoed
1477 5082 1527 5124 eos
1549 5065 1688 5122 ,secedere
1702 5077 1830 5136 possem

120 5161 240 5228 urbem,
255 5159 499 5218 succensentibus
522 5158 581 5215 sibi
604 5158 759 5232 episcopie,
775 5163 804 5215 ct
826 5175 952 5232 conque·
1003 5159 1116 5226 Quibus
1131 5155 1357 5214 advenientibus
1368 5156 1399 5213 in
1413 5156 1511 5215 locum
1524 5157 1561 5214 eb
1573 5152 1686 5211 eisdem
1710 5150 1829 5220 lectum,

119 5248 259 5306 rentibus
272 5249 414 5306 sdversm
437 5264 517 5314 eum,
533 5247 612 5321 quod
636 5251 697 5304 tum
722 5247 861 5304 diuturno
875 5252 950 5304 mm·
1005 5247 1242 5323 profectuosum
1267 5246 1304 5302 nd
1328 5262 1389 5313 ees,
1403 5245 1583 5318 veniensque
1600 5245 1831 5316 prostetuorco·

117 5352 193 5411 pore
215 5341 320 5393 contre
341 5336 446 5392 divine
479 5335 553 5410 legis
583 5335 771 5393 suctorimtes
796 5334 872 5392 benc
901 5352 949 5393 ur·
1003 5354 1068 5394 rem
1084 5328 1831 5410 ipsie,ebseorensutpropteremoremetbonorem

120 5425 190 5482 hm
217 5424 385 5499 permiserit
412 5442 517 5482 vacere
544 5429 670 5498 pestere.
701 5426 829 5491 Quorum
853 5427 949 5498 queri·
1005 5425 1131 5496 Dei‚tum
1148 5422 1325 5496 mihiquem
1340 5417 1831 5495 sibicempeteusconsiliumdere

118 5514 232 5572 moniis
248 5519 400 5588 permotus
415 5532 464 5572 rex
478 5515 618 5572 admonet
630 5513 742 5570 clerum
761 5518 789 5570 ot
808 5515 950 5587 populum
1005 5515 1166 5572 studerent.
1176 5512 1230 5577 Oui
1245 5527 1292 5568 me
1306 5512 1343 5570 dc
1355 5509 1539 5568 ordinatione
1553 5508 1684 5584 predicti
1699 5505 1831 5581 Bugonlt

121 5603 160 5660 de
183 5603 311 5676 pesteris
335 5603 486 5671 electione,
511 5604 587 5660 dens
610 5603 654 5660 eis
677 5601 708 5660 id
730 5602 835 5676 mendi
861 5604 950 5662 lecul—
1006 5601 1192 5678 interpellare
1206 5597 1648 5677 coepemnt,etbecomoimodis
1661 5597 1832 5666 sustentet
