3878 6098
121 340 198 405 tati
564 375 570 385 ·
755 336 1032 401 FRAGMENTUM
1054 338 1193 403 MlSSAE.

122 475 269 533 munditia
283 474 460 541 sordidatus,
478 492 575 532 amore
588 472 685 531 saculi
696 472 785 530 nimis
799 473 944 543 delemus,
961 470 989 539 A
1001 475 1106 527 Sancta
1120 473 1212 530 Mater
1227 474 1351 542 Domini,

122 565 242 622 avaritia
256 565 545 638 irretit.ns‚jactantia
558 565 663 631 alatus,
678 565 824 638 hypocrisi
840 564 946 620 subdo·
1000 565 1105 617 Sancta
1119 562 1207 635 Virgo
1223 564 1387 638 Virginem.

121 655 178 718 lus,
195 655 379 711 contentione
394 654 656 727 pertinacissimus,
673 653 819 710 discordia
831 652 947 708 fraudu·
1000 655 1105 706 Sancta
1122 652 1231 725 Regina
1246 653 1394 709 emiorum.

121 743 228 810 lentus,
244 743 447 798 susurratione
471 742 721 816 promptissimus,
744 759 863 798 rancore
888 759 948 797 cor·
1000 744 1105 796 Sancta
1120 742 1210 797 hialer
1224 741 1439 798 misericordie.

120 832 166 886 dis
181 836 209 887 ct
223 831 467 904 pusillanimitate
490 833 651 897 affectatus,
677 835 791 904 torpore
810 833 945 904 ignavus,
1000 834 1104 885 Sancte
1120 830 1253 885 Michael.

119 921 149 976 in
160 920 720 996 jurandoinconsideratuS,scurrililata
732 920 944 987 assiduus,ver·
999 923 1101 974 Sancte
1116 918 1240 974 Gabriel.

119 1010 165 1066 bis
180 1010 281 1066 otiosis
294 1015 321 1066 et
337 1009 494 1082 superfluis
517 1016 605 1082 atque
628 1008 794 1066 criminosis
818 1008 944 1076 deditus,
999 1011 1102 1063 Sancte
1118 1007 1256 1080 Raphael.

119 1099 309 1155 fornicatione
322 1103 380 1154 tarn
390 1098 533 1170 spirituali
556 1115 644 1171 quam
660 1096 800 1169 corporali
821 1096 946 1171 graviter
999 1097 1107 1152 Omnes
1123 1096 1216 1152 sancti
1231 1097 1332 1171 singoli
1348 1104 1377 1153 et
1391 1099 1574 1173 Archangeli.

119 1189 259 1261 pollutus,
276 1192 300 1243 et
317 1186 347 1243 in
363 1187 475 1243 cunctis
490 1186 688 1260 voluptatibus
711 1187 740 1241 in
766 1186 874 1258 quibus
888 1185 944 1240 hu·
998 1189 1102 1243 Sancte
1115 1187 1242 1243 loannes
1258 1187 1397 1259 Baptista.

120 1295 206 1333 mana
223 1276 365 1350 fragilitas
380 1275 437 1332 labi
448 1281 543 1349 potest
553 1274 942 1348 miserrimepraeipitatus;
998 1274 1107 1331 Omnes
1122 1274 1214 1331 sancti
1231 1274 1438 1332 Patriarebaeet
1454 1278 1614 1352 Propheta.

119 1372 147 1423 et
163 1367 192 1422 in
208 1365 345 1422 omnibus
360 1365 480 1421 omnino
503 1365 583 1420 vitiis
607 1369 692 1438 atque
713 1364 898 1430 criminibus,
914 1362 944 1419 in
998 1369 1101 1419 Sancte
1117 1368 1209 1419 l‘ctre.

119 1454 407 1529 quibnseogitando,
432 1453 577 1527 loquendo
602 1458 630 1509 et
648 1455 805 1527 operando,
831 1452 944 1526 peccavi
997 1458 1101 1508 Sancte
1116 1452 1213 1508 Paule.

117 1547 222 1617 potest,
239 1559 337 1598 coram
356 1542 489 1597 examine
511 1540 655 1614 equitans
678 1546 734 1595 tua
758 1557 805 1596 me
819 1538 945 1613 graviter
998 1545 1101 1596 Sancte
1116 1541 1240 1597 Andrea.

118 1648 255 1703 peccasse
269 1636 298 1688 ct
312 1647 393 1686 reum
408 1647 473 1686 asse
488 1645 663 1701 recognosco
678 1633 706 1684 et
723 1629 871 1684 confiteor.
888 1627 944 1683 Sed
997 1632 1100 1684 Sancte
1114 1629 1231 1685 Jacobe.

118 1726 149 1776 tu
166 1720 298 1792 piissime
311 1722 339 1775 et
354 1718 627 1774 misericordissime
652 1722 736 1784 Deus,
758 1734 794 1773 ne
809 1717 899 1773 intres
912 1715 943 1772 in
998 1722 1103 1774 Sancte
1117 1718 1255 1774 loannes.

114 1808 261 1880 judicium
277 1825 344 1865 curn
361 1824 443 1864 servo
459 1812 520 1873 tuo,
537 1808 606 1879 quia
620 1806 899 1878 nonjustifrcabitur
914 1805 943 1860 in
960 1811 1101 1906 BSancto
1115 1807 1231 1862 lacobe.

118 1903 276 1970 conspeetu
292 1903 341 1953 tuo
354 1898 451 1953 omnis
478 1896 564 1951 honio
578 1897 686 1962 vivens,
700 1895 808 1967 quippe
830 1895 879 1967 qui
900 1899 944 1950 ost
997 1899 1100 1950 Sancta
1114 1893 1254 1966 Philippe.

120 1989 228 2043 thanum
238 2004 383 2054 arescens,
396 1991 424 2042 et
441 1985 639 2058 corruptibilis
659 2001 736 2050 caro,
757 1983 944 2056 quotidieque
997 1988 1101 2040 Sancte
1117 1982 1334 2040 bartholomee.

119 2078 154 2132 ad
171 2094 228 2133 non
244 2092 307 2132 esse
321 2075 444 2131 tendens
457 2074 658 2138 onrnin0.0nis
671 2090 739 2147 ergo
755 2076 848 2146 potest
861 2089 945 2127 mun·
997 2078 1100 2129 Sancte
1116 2072 1258 2128 Malthace.

119 2166 189 2221 dum
205 2165 242 2220 de
267 2164 419 2219 immundo
439 2166 622 2234 coneoeptum
638 2163 750 2218 semine
766 2162 869 2226 facere,
886 2159 944 2216 nisi
998 2164 1106 2219 Omnes
1120 2162 1217 2218 Sancti
1228 2161 1357 2233 Apostoli
1373 2165 1402 2218 et
1416 2163 1616 2237 Evangelistae.

119 2254 216 2326 tuqui
236 2254 316 2309 solus
341 2270 372 2309 es
399 2252 582 2309 DeuslSicut
604 2251 681 2307 enim
708 2268 824 2323 pannus
846 2267 944 2306 rnens·
998 2256 1100 2307 Sancte
1115 2252 1244 2324 Dionysi.

119 2347 232 2408 truatee,
249 2343 290 2398 sic
306 2342 449 2397 immundi
468 2357 572 2396 sumus
584 2344 651 2395 ante
667 2341 850 2411 aralestatem
864 2337 944 2394 clari·
998 2345 1100 2396 Sancte
1115 2339 1268 2412 Stephane.

119 2432 187 2487 tatis
203 2438 258 2487 tua
274 2431 406 2487 Domine.
420 2430 451 2485 In
463 2436 512 2485 tuo
526 2429 819 2501 namque'conspectn
828 2445 880 2483 nec
888 2426 944 2499 ipsi
998 2435 1099 2485 Sancte
1114 2428 1238 2485 Corneli.

119 2520 184 2576 coeli
200 2525 269 2576 sunt
283 2519 396 2583 mundi,
413 2524 523 2591 quanto
538 2519 633 2591 magis
646 2534 699 2573 rios
714 2517 800 2572 creati
817 2516 945 2572 incarne
997 2522 1100 2574 Sancte
1115 2518 1266 2591 Cypriane.

119 2608 312 2680 corruptibili,
329 2612 416 2681 atque
439 2606 574 2664 homines
598 2605 704 2662 terreni
729 2610 757 2661 et
771 2602 944 2660 immundi?
997 2612 1102 2663 Sancte
1116 2608 1293 2663 sebastiane.

121 2697 193 2764 Quid
210 2698 288 2753 enim
304 2698 391 2769 digne
406 2697 506 2751 offerat
521 2692 832 2759 mortalisimmortali,
849 2710 946 2749 corru—
997 2700 1100 2751 Sancte
1115 2695 1284 2768 Chrysante.

120 2786 231 2859 ptibilis
243 2783 456 2857 incorruptibili
467 2783 618 2840 mutabilis
627 2781 880 2839 incommutabili?
889 2782 945 2838 Sed
998 2789 1101 2840 Sancte
1116 2785 1232 2857 Georgi.

120 2879 152 2929 ut
167 2874 221 2929 hoc
236 2872 343 2928 valeret
358 2872 430 2940 llari,
443 2873 611 2927 incarnatus
623 2888 712 2943 aspro
727 2869 811 2927 nobis
821 2869 874 2925 Fili
882 2869 943 2939 Dei,
997 2877 1101 2929 Sancto
1115 2872 1222 2929 Aureli.

120 2962 251 3019 mundus
266 2968 293 3018 at
308 2960 540 3032 incorruptibilis
555 2976 730 3034 permanens
745 2958 875 3014 siculas.
892 2963 943 3013 Sa·
997 2965 1100 3018 Sancte
1115 2963 1260 3019 Proeessc.

121 3056 302 3106 crumentum
318 3067 433 3123 quoqne
448 3050 577 3121 corporis
588 3048 775 3120 etsanguinis
790 3047 833 3103 tui
846 3046 945 3103 electis
997 3056 1101 3107 Sancte
1115 3051 1247 3108 lanuari.

120 3139 179 3194 tuis
189 3138 344 3204 tradidisti,
357 3155 414 3211 qno
424 3134 944 3202 efficeremurdaimmundismundi,
998 3145 1101 3196 Sancte
1116 3144 1247 3197 Hermes,

119 3229 154 3283 de
169 3227 368 3300 peccatoribns
384 3225 487 3293 saneti,
510 3226 545 3280 de
557 3225 677 3281 incestis
690 3224 772 3292 casti,
789 3227 818 3280 et
838 3224 874 3279 de
889 3225 939 3279 foe·
955 3209 977 3277 G
995 3234 1099 3285 sancte
1113 3229 1188 3285 Vite,

119 3316 208 3371 ditate
224 3316 307 3371 nitidi
323 3320 352 3372 et
364 3331 421 3387 quo
437 3332 591 3386 possemus
607 3319 673 3370 ante
688 3315 868 3386 maJ'estatern
882 3313 942 3386 glo·
995 3322 1098 3374 Sancte
1114 3319 1249 3374 Mercuri.

118 3404 166 3459 riae
181 3411 237 3460 ture
250 3420 388 3476 apparere
399 3401 616 3475 praeclarillrgo
627 3409 657 3458 tu
672 3403 794 3458 Domine
805 3403 941 3458 sacerdos
994 3412 1098 3463 Sancto
1112 3407 1227 3462 Caesari.

117 3486 941 3561 summasanctifrcator‘etsanctificatiosacerdotiimrise-
994 3494 1255 3551 SanctePancrati.

116 3599 179 3638 rere
196 3581 267 3636 mihi
277 3580 387 3637 homini
400 3580 640 3652 peccatori,parco
654 3579 772 3652 indigno
785 3576 939 3645 sacerdoti,
994 3588 1096 3638 Sancte
1111 3582 1274 3639 adelberte.

116 3671 234 3745 ignosce
249 3669 378 3742 mysterii
392 3668 436 3724 tui
448 3674 559 3724 secreta
574 3668 939 3741 tractanti‚neeindignum
993 3676 1098 3728 Sancte
1112 3672 1238 3745 Cyriaee.

116 3758 394 3815 miscricordiaetnae
416 3757 647 3829 judices,quem
675 3773 726 3829 pro
756 3756 940 3830 aliisrogaro
992 3766 1095 3817 Sancte
1110 3760 1227 3816 Mvatiei.

117 3846 274 3921 permittis,
290 3851 318 3901 et
333 3846 360 3900 ln
377 3862 434 3918 quo
451 3844 651 3901 testimonium
675 3845 744 3900 boni
768 3845 864 3920 operis
881 3863 939 3903 non
992 3854 1096 3906 Sancte
1111 3850 1231 3907 Phocoe.

117 3935 262 4008 agnoscis,
278 3934 408 3990 officium
422 3933 526 3989 saltem
543 3932 657 3987 credita
674 3950 730 3987 non
748 3950 864 3990 recuses
879 3935 938 3991 dis·
993 3940 1091 3996 Sancti
1104 3940 1232 3996 loannes
1246 3945 1275 3996 et
1290 3941 1386 3997 Paule.

117 4022 307 4096 pensationis.
324 4023 358 4077 Et
376 4023 426 4077 frat
444 4021 516 4077 mibi
539 4022 600 4077 bac
615 4023 792 4078 sacrosancti
809 4024 939 4096 mysterii
993 4030 1089 4086 Sancti
1103 4029 1215 4085 Tiburti
1232 4035 1260 4084 at
1274 4029 1434 4086 Valeriane.

118 4112 307 4185 frequentatio
332 4110 464 4167 omniurn
494 4111 636 4167 scelerum
666 4127 798 4166 meorum
824 4111 940 4170 indulta
993 4117 1090 4175 Sancti
1106 4119 1242 4175 Faustino
1257 4121 1286 4175 et
1299 4119 1402 4175 Jovita.

116 4201 294 4274 propitiatio,
310 4199 440 4256 Salvator
452 4200 564 4255 mnndi.
579 4199 633 4264 Qui
648 4199 720 4255 vivis
735 4204 789 4256 etc.
993 4206 1089 4263 sancti
1105 4207 1201 4262 Prima
1215 4213 1243 4263 el
1258 4206 1411 4263 feliciane.

441 4290 504 4344 Atio
517 4290 615 4345 oratio.
993 4296 1091 4352 Sancti
1106 4295 1185 4368 Sergi
1201 4300 1230 4351 et
1245 4296 1366 4352 Baccha.

151 4378 228 4433 Deus
243 4376 457 4443 misericordia,
473 4382 502 4433 et
523 4377 629 4433 veritas
651 4376 837 4434 clementiam
858 4383 938 4436 tuam
992 4383 1090 4440 Sancti
1106 4385 1207 4440 Nazari
1222 4389 1251 4441 et
1263 4384 1353 4441 Celae.

114 4465 285 4538 suppliciter
299 4466 437 4537 deprecor
448 4470 501 4520 ete.
519 4465 613 4521 bestat
626 4482 709 4538 supra
725 4468 755 4522 in
770 4469 854 4525 nabao
869 4469 938 4542 Illy·
993 4474 1089 4529 Sancti
1105 4472 1285 4529 Felicissime
1300 4478 1328 4530 ct
1342 4475 1473 4547 Agapile.

114 4556 175 4609 rici.
953 4562 1089 4643 psaneti
1105 4561 1248 4618 Nicander
1263 4562 1459 4620 ctllfarciane.
1541 4602 1543 4606 .

438 4643 500 4697 Alia
514 4651 612 4698 aratro.
991 4650 1087 4706 Sancti
1102 4651 1254 4706 Valentino
1269 4657 1296 4706 et
1310 4651 1411 4707 Hilari.

147 4731 225 4787 Dens
241 4731 364 4803 quinon
381 4737 503 4788 mortem
519 4732 569 4787 sed
579 4732 776 4803 paenitentiam
788 4734 937 4793 desideras
991 4740 1087 4795 Sancti
1104 4738 1198 4794 Cirino
1213 4743 1242 4794 et
1254 4740 1388 4796 Maxime.

112 4825 308 4892 peccalorum.
327 4822 359 4877 ev
369 4837 453 4892 supra
469 4822 498 4876 in
512 4822 596 4876 misac
610 4822 726 4894 Illyrici.
991 4829 1087 4884 Sancti
1103 4827 1300 4901 Quadraginta
1314 4829 1462 4901 Martyres.

385 4925 524 4973 seourrea
540 4926 661 4965 urrann.
990 4922 1095 4973 Sancte
1110 4918 1264 4973 Fortunato
1276 4933 1343 4972 cum
1358 4917 1446 4974 sociis
1456 4915 1524 4976 tais.

110 4996 224 5052 Christe
240 4996 308 5053 audi
323 5014 386 5053 nos.
991 5007 1099 5062 Omnes
1115 5005 1207 5060 saneti
1223 5005 1372 5078 Martyres.

111 5083 196 5140 Pater
210 5085 245 5141 de
259 5084 339 5140 coelis
355 5086 432 5142 Deus
445 5086 582 5143 miserere
595 5088 690 5146 nobis.
990 5099 1093 5149 Sancte
1107 5093 1237 5166 Gregori.

112 5171 164 5228 Fili
182 5173 347 5245 redemptor
359 5175 461 5231 mundi
475 5176 563 5241 Deus,
579 5177 717 5234 miserere
733 5178 827 5236 nobis.
988 5186 1092 5239 Sancte
1105 5181 1238 5237 Martine.

109 5262 234 5333 Spiritus
245 5268 345 5319 sancte
358 5269 443 5333 Deus,
459 5265 597 5321 miserere
612 5265 706 5322 nobis.
988 5274 1091 5327 Sancte
1105 5268 1249 5326 rtmbrosi.

108 5355 215 5406 Sancta
229 5351 358 5408 Trinitas
375 5370 452 5409 unus
468 5359 553 5423 Deus,
572 5355 709 5412 miserere
724 5358 818 5415 nobis.
874 5344 880 5383 ³
988 5364 1090 5416 Sancte
1105 5357 1235 5414 Pauline.

108 5440 213 5496 Sancte
226 5445 395 5497 sanctornm
408 5443 495 5512 Deus,
512 5443 649 5500 miserere
664 5445 758 5503 nobis.
987 5453 1092 5506 Sancte
1107 5448 1240 5503 Maxime.

106 5533 213 5584 Sancta
229 5530 330 5599 Maria,
347 5549 398 5587 ora
414 5549 465 5603 pro
480 5531 575 5588 nobis.
986 5541 1090 5593 Sancte
1106 5535 1193 5592 Felix.

106 5619 211 5673 Sancta
227 5617 276 5673 Dei
292 5619 428 5692 genitrix,
870 5645 930 5684 ova.
987 5630 1089 5682 Sancte
1104 5622 1227 5680 Micelae.
