3878 6098
114 307 174 373 ”S
558 303 615 370 oe
632 303 772 370 pesnis
793 298 915 366 aelst.
938 299 1155 365 hanneton.
1172 335 1212 351 -
1225 302 1327 368 PARS
1347 301 1374 370 l.
1754 303 1815 374 250

107 457 188 516 pape
200 439 239 498 ad
248 437 340 498 deone
351 434 470 514 imperii
484 438 694 506 roborandum,
703 454 770 494 oum
780 436 844 509 ipso
856 433 934 509 peri·
948 432 977 501 A
990 435 1109 510 gitatem
1120 435 1166 493 sni
1179 436 1309 494 nominis
1323 437 1514 512 inscriptione
1526 435 1694 514 dcimam.
1706 439 1814 502 Sancto

108 531 313 604 terproieotus
323 530 512 603 astatqueiu
524 529 589 602 ipsa
598 527 780 602 expeditione
789 525 936 582 abbatiam
990 542 1109 598 quoque
1128 526 1257 583 Amatori
1282 528 1402 584 calicem
1426 533 1597 603 argenteum
1621 546 1689 586 oum
1709 534 1817 603 patena

109 621 207 679 sancti
222 618 346 676 ilariani
361 637 379 675 a
393 620 512 693 prelato
537 620 713 692 imperatore
733 615 869 673 obtinuit.
887 614 938 669 llio
991 615 1095 671 tribuit
1109 616 1240 687 ejusdem
1251 617 1347 689 operis
1363 634 1533 692 quanquam
1546 618 1684 692 ponderis
1693 619 1816 679 minoris

109 711 190 767 idem
201 709 330 782 pontifex
339 707 483 765 ciborium
494 724 583 781 super
593 706 684 763 altare
694 705 787 761 sancti
796 702 937 776 Stephani
992 708 1093 760 sancto
1108 705 1191 760 Petro
1207 706 1460 763 similiter.1lltare
1475 708 1569 765 sancti
1583 708 1701 765 Susehii
1716 710 1818 767 tabula

111 816 186 855 auro
210 802 385 871 argentoqut
407 796 530 853 mirilico
548 795 722 869 composuit.
740 793 819 850 Obiit
838 792 938 848 Idibus
992 798 1129 866 argentea
1139 795 1298 867 exornavit,
1310 795 1429 852 calicem
1440 802 1612 870 argenteum
1628 814 1696 855 cum
1711 804 1818 873 patena

111 886 273 956 Februarii,
290 891 318 943 et
332 884 467 959 sepultus
489 891 535 942 est
557 886 587 942 in
611 884 734 941 basilica
756 882 851 940 sancti
867 881 937 937 Ger·
992 881 1281 957 dadit,ltvangelium
1297 901 1414 958 quoque
1429 892 1601 960 argenteum
1622 905 1689 944 cum
1712 891 1817 947 cande·

111 977 196 1033 vasii.
991 971 1082 1027 labris
1093 973 1249 1044 argenteis,
1263 990 1297 1029 ac
1307 973 1457 1031 thuribulo
1472 976 1666 1035 nihilominus
1680 983 1818 1053 argenteo

289 1065 357 1121 Gar.
374 1063 479 1122 XXXV.
495 1095 529 1107 -
545 1066 582 1120 lic
599 1063 767 1134 AoneieImo.
992 1060 1173 1133 preparatit,
1187 1063 1314 1118 cortinas
1330 1063 1419 1119 etiam
1430 1064 1540 1131 altaris,
1553 1083 1586 1122 ao
1597 1067 1739 1125 nonnulla
1753 1069 1818 1142 pal·

146 1153 507 1228 Angelelmusepiscopus,
515 1152 632 1211 natione
644 1151 845 1225 Bajoarius,ex
856 1152 939 1222 patre
992 1149 1031 1205 lia
1037 1150 1260 1207 condonavitln
1269 1151 1399 1208 coenobio
1410 1153 1503 1208 sancti
1510 1152 1680 1223 Salvatoris,
1686 1156 1818 1214 tabulam

111 1243 248 1303 obtelmo
269 1247 298 1299 et
321 1246 416 1298 matre
443 1243 588 1315 liegarde,
604 1242 680 1299 aedit
705 1258 798 1297 annos
813 1240 858 1296 ti.
874 1238 937 1304 ilic,
992 1242 1161 1310 argenteam
1172 1255 1240 1295 oum
1256 1239 1339 1314 signo
1353 1241 1545 1298 sonorissimo
1561 1243 1648 1300 dedit.
1663 1243 1818 1302 Pertotam

108 1350 179 1391 cum
186 1335 266 1389 essct
276 1330 320 1386 vir
330 1347 454 1387 summe
464 1327 939 1403 simplicitatiseteberitatis.pre·
992 1324 1118 1396 donique
1135 1342 1194 1381 aue
1209 1327 1363 1398 potestatis
1377 1328 1527 1385 diaecesim
1546 1331 1677 1389 ecelesiis
1699 1333 1818 1406 quidem

107 1424 211 1496 noyer
226 1419 390 1488 ordinatus,
404 1423 434 1476 et
446 1419 574 1476 basilice
588 1423 758 1476 sanctorum
772 1416 939 1474 Gervasiiet
991 1412 1102 1470 vicanis
1122 1416 1156 1470 ad
1180 1417 1403 1487 preparandum
1429 1417 1550 1474 calicem
1566 1423 1594 1474 et
1608 1425 1744 1492 patenam
1759 1426 1820 1481 tres

109 1510 240 1570 Protasii
253 1509 345 1566 abbas
360 1508 541 1582 prestitutue
556 1513 610 1565 est.
625 1512 700 1564 Sene
714 1507 871 1564 decedente
885 1507 939 1562 Aa·
992 1501 1083 1559 libras
1089 1504 1201 1576 argenti
1209 1503 1370 1561 distribuit.
1379 1505 1542 1562 Minoribus
1552 1524 1619 1564 vero
1630 1509 1819 1582 capellissuis

108 1617 165 1657 ron
176 1598 327 1674 pontifice,
336 1597 480 1654 ieremias
495 1596 673 1655 Senouensis
689 1595 937 1668 archiepiscopus,
992 1593 1136 1648 duntaxat
1146 1593 1182 1649 ad
1193 1610 1267 1666 opus
1281 1593 1377 1650 simile
1391 1593 1501 1651 eolides
1514 1597 1548 1652 15
1558 1597 1724 1667 destinavit,
1736 1599 1766 1655 in
1775 1600 1817 1655 vi·

106 1690 197 1762 iussn
211 1686 306 1744 Caroli
321 1675 507 1759 imperatoris
520 1686 756 1743 antissiodorum
770 1684 938 1750 veniens,in
992 1680 1035 1737 oie
1047 1697 1162 1754 quoque
1177 1682 1306 1754 prelatis
1321 1699 1480 1756 congruam
1497 1687 1609 1759 argenti
1624 1687 1821 1758 quantitatem

110 1777 240 1835 ecclesia
253 1777 283 1832 S.
299 1775 436 1832 Germani
452 1774 521 1832 cleri
536 1779 564 1831 et
578 1773 679 1848 populi
689 1773 804 1847 collegit
814 1777 937 1842 coetum3
992 1768 1116 1842 largitus
1131 1774 1186 1841 est,
1197 1772 1233 1827 ad
1250 1788 1352 1828 cruces
1367 1773 1397 1828 in
1412 1773 1545 1831 ecelesiis
1560 1775 1753 1833 exornandas.
1769 1776 1821 1834 llis

110 1867 153 1924 ibi
169 1864 300 1941 generali
315 1878 462 1921 consensa
477 1864 641 1932 accedente,
652 1863 700 1919 hio
716 1863 793 1919 idem
808 1862 940 1935 Angclel·
994 1862 1024 1915 et
1032 1859 1203 1931 hujusmodi
1219 1861 1493 1933 bonorumopernm
1505 1863 1640 1937 frugibus
1654 1864 1760 1937 plenus
1771 1866 1821 1923 de·

108 1972 180 2013 nans
190 1952 375 2012 ahamnibus
389 1952 554 2010 electusest
563 1953 717 2025 opiscopus
732 1955 761 2008 et
775 1952 928 2008 ordinatus
994 1947 1092 2015 cessit,
1109 1948 1164 2004 snb
1175 1948 1222 2005 die
1232 1950 1305 2005 Non.
1317 1949 1434 2017 Julian,
1446 1956 1533 2023 atquo
1544 1952 1572 2007 in
1591 1952 1714 2010 basilica
1727 1954 1821 2012 macti

109 2046 258 2117 Suscepto
272 2039 532 2115 igiturpontisrcali
542 2040 810 2097 ministeriototum
820 2041 939 2096 scindi·
995 2037 1131 2094 Germani
1147 2038 1267 2093 honeste
1282 2036 1447 2095 tumulatus
1460 2044 1514 2096 est.

110 2135 214 2191 vinum
224 2129 939 2202 transfuditservitium,incantionibusossiduus,
1167 2127 1236 2182 Cae.
1251 2126 1370 2183 XXXVI.
1388 2157 1422 2171 -
1435 2130 1473 2185 be
1487 2131 1647 2187 lleriboido.

111 2221 296 2294 inlaorymis
307 2220 455 2293 frequens,
467 2220 496 2274 in
509 2219 704 2292 eleemosynis
718 2219 895 2291 precipuus,
906 2237 940 2275 ac
1032 2215 1206 2272 ileribaldns
1223 2216 1389 2289 episcopus,
1406 2235 1440 2273 ex
1456 2222 1537 2290 patre
1557 2217 1695 2275 Antelmo
1717 2221 1821 2293 Bajoe·

110 2306 948 2386 penasuctemporosinguians;terturenimintordum·
994 2305 1048 2372 rio,
1070 2308 1164 2361 matre
1193 2303 1319 2362 Fretilde
1346 2305 1524 2376 vastinensi,
1550 2308 1626 2363 sedit
1652 2325 1746 2366 annos
1775 2311 1820 2368 33.

113 2415 214 2458 amore
228 2396 376 2470 largitatis
387 2395 590 2469 egritudinem
605 2395 815 2463 simulassent
829 2398 940 2469 absque
996 2395 1078 2450 llunc
1092 2394 1129 2449 ab
1144 2393 1262 2450 ineante
1286 2398 1369 2450 etate
1392 2394 1422 2450 in
1443 2395 1551 2468 palatio
1576 2396 1734 2453 educatum
1756 2402 1824 2470 post

114 2488 204 2546 ullius
219 2485 461 2551 contradictione,
478 2502 543 2558 que
558 2485 665 2541 hebere
683 2490 806 2559 poterat,
822 2487 852 2542 in
868 2502 941 2543 usus
995 2484 1148 2540 decessum
1160 2483 1296 2540 avunculi
1308 2483 1353 2540 sul
1364 2483 1525 2558 Angelelmi
1540 2484 1636 2542 clerus
1651 2489 1681 2542 et
1695 2486 1822 2560 populus

114 2593 280 2651 pauperum
296 2579 436 2647 erogaret.
447 2574 606 2630 Ecclesiam
622 2574 715 2631 sancti
731 2574 872 2647 Stephani
883 2592 940 2632 uon
995 2571 1121 2629 solemni
1131 2571 1271 2628 electione
1282 2573 1358 2628 iacta
1368 2573 1548 2645 pontificatui
1566 2575 1754 2642 suffecerunt,
1771 2575 1823 2632 ΑΙ·

114 2663 244 2740 simplici
266 2663 401 2737 largitate
424 2662 536 2731 ditavit,
552 2661 644 2719 altare
661 2664 786 2720 senioris
802 2663 940 2730 ecclesie,
996 2660 1075 2717 drino
1091 2661 1240 2718 Senonum
1265 2660 1483 2733 archiepiscopo
1506 2679 1573 2718 cum
1595 2663 1776 2736 coepiscopis
1788 2681 1824 2721 ex

113 2754 227 2813 tabulis
247 2752 394 2826 argenteis
418 2751 527 2824 ubique
547 2753 704 2825 compegit,
720 2751 810 2809 altare
825 2770 942 2826 quoque
996 2755 1140 2822 precepto
1151 2749 1287 2805 Ludovici
1304 2750 1823 2826 imperatorishujushegotiumpro·

113 2848 224 2901 uncte
233 2839 940 2912 ilarionibilomiaustabulaargenteadeooravit.
996 2843 1126 2895 curante.
1146 2839 1267 2895 Constat
1280 2844 1378 2896 autem
1394 2856 1461 2896 eum
1478 2839 1507 2895 in
1524 2840 1647 2898 ecelesia
1660 2841 1738 2897 beati
1754 2843 1823 2898 Ger·

116 2931 217 2990 Sancti
232 2946 351 3004 quoquo
365 2928 500 3002 Baptista
511 2929 635 2987 loannis
649 2929 739 2985 altare
754 2929 844 2985 simili
860 2947 943 2986 orna·
996 2929 1076 2985 mani
1085 2926 1262 2984 etelectione
1276 2928 1462 3000 designatum
1476 2928 1694 2987 otordinatione
1705 2947 1822 3003 promo·

116 3025 217 3079 mento
231 3018 390 3087 decoravit,
402 3022 469 3076 ante
483 3016 576 3074 altare
592 3019 621 3075 S.
634 3017 775 3091 Stephani
790 3023 851 3075 tres
861 3036 942 3076 coro·
996 3017 1823 3094 tum.Fuitautemviradmodumnobilis,tormaclegaas,

114 3125 171 3167 aaa
190 3110 346 3182 matese
369 3105 507 3180 precipui
537 3107 675 3178 ponderis
704 3107 895 3179 preparavit;
912 3108 941 3165 in
997 3104 1112 3178 eloquio
1124 3105 1246 3169 nitidus,
1257 3105 1398 3179 singulari
1414 3106 1569 3179 prudentia
1581 3107 1823 3182 circumspectus.

114 3197 241 3255 ciminia
251 3194 465 3253 altarisdecom
474 3193 652 3251 candelabra
662 3195 941 3269 maximaetargen-
957 3177 979 3245 C
998 3195 1191 3259 Quamobrem
1207 3199 1236 3250 et
1250 3195 1327 3268 apud
1343 3210 1426 3269 roges
1444 3195 1604 3268 plurimum
1618 3195 1720 3265 valuit,
1735 3196 1777 3254 ita
1791 3200 1826 3253 ut

114 3282 466 3353 teawnetituit‚onlicem
478 3287 650 3357 argenteum
661 3283 805 3353 optimum
816 3301 884 3341 oum
893 3302 944 3358 pa·
998 3283 1028 3338 in
1039 3282 1408 3357 palatio-archicapellanus
1422 3284 1554 3354 allectus,
1561 3285 1694 3342 seculari
1706 3302 1825 3359 quoque

114 3380 186 3433 tua
204 3372 393 3441 condonavit,
409 3389 444 3429 ae
458 3389 511 3429 sua
532 3371 651 3429 nomine
675 3372 871 3446 presignavit.
887 3374 944 3430 Sed
997 3371 1140 3446 dignitate
1164 3373 1389 3445 potentissimus
1408 3390 1444 3430 aa
1465 3377 1640 3446 tempestate
1661 3374 1823 3443 exstiterit;

114 3470 146 3522 et
158 3477 279 3520 erucem
294 3461 505 3536 pernraximam
517 3460 590 3516 inibi
602 3460 862 3535 collocavit,quam
872 3479 945 3519 auro
997 3465 1086 3533 atque
1096 3465 1130 3518 ut
1140 3478 1171 3518 se
1181 3461 1291 3518 habent
1302 3462 1583 3535 human'a,quandiu
1594 3463 1713 3535 quidem
1724 3462 1825 3536 hupins

113 3555 298 3628 ”putoque
309 3548 392 3607 vultu
403 3549 945 3623 Salvatorisdecentissimedecoravit,
998 3550 1078 3606 modi
1093 3551 1245 3623 potestatis
1267 3551 1349 3623 apice
1369 3551 1478 3620 iloruit,
1494 3550 1685 3609 secularibus
1699 3552 1825 3626 negotiis

114 3641 209 3699 altare
223 3643 365 3714 argentee
376 3636 479 3695 tabula
492 3643 630 3695 ornatum
645 3642 712 3695 ante
723 3655 787 3696 eam
799 3644 944 3697 statuens.
999 3655 1063 3695 sese
1075 3638 1260 3694 mediocriter
1275 3639 1363 3695 dedit.
1377 3638 1481 3696 Divino
1497 3642 1595 3695 autem
1611 3645 1745 3712 respectu
1758 3643 1823 3697 tan·

114 3726 945 3802 Samdemecclem'amsignisquatnormaximieetsonoris
999 3728 1064 3784 dem
1080 3726 1253 3799 inspiratus,
1270 3732 1367 3799 atque,
1384 3728 1461 3800 quod
1477 3727 1605 3785 aseculi
1621 3728 1826 3802 appetitupln·

115 3818 278 3886 decoravit,
286 3817 392 3873 recitet
405 3831 526 3889 capsam
540 3816 680 3890 precipui
696 3815 793 3889 operis
808 3834 880 3874 auro
895 3835 945 3873 ar·
998 3816 1108 3872 rimum
1119 3815 1192 3872 solet
1202 3832 1396 3888 compescere,
1407 3816 1740 3890 infirmitatisoorporee
1748 3819 1825 3876 mola

115 3912 265 3980 genteque
278 3902 495 3977 elegantissime
508 3908 667 3976 comptem,
678 3904 729 3960 ubi
744 3921 864 3977 capsam
875 3906 944 3962 bea·
999 3909 1146 3979 gravatm,
1161 3908 1191 3960 et
1205 3918 1313 3971 mores,
1328 3907 1357 3960 et
1370 3904 1471 3961 studia
1485 3905 1515 3961 in
1529 3904 1645 3963 divana
1662 3905 1824 3976 transtulit,

115 3992 468 4060 &moneodanum
478 3991 581 4048 multis
591 3996 761 4050 sanctorum
772 3993 945 4066 pignoribus
998 4009 1091 4066 seque
1099 3997 1193 4050 totum
1207 3992 1313 4050 divinis
1324 3993 1488 4052 servitiiset
1496 3993 1705 4053 ecclesiasticis
1714 3994 1825 4053 utilita-

114 4081 259 4139 madidit.
274 4080 395 4152 Tepetia
409 4080 498 4138 etiam
513 4082 626 4154 optima
638 4081 675 4137 ad
697 4081 802 4138 sedilia
816 4081 944 4140 basilice
997 4081 1078 4139 tibus
1084 4082 1223 4138 exanimo
1235 4081 1459 4154 mancipavit,in
1467 4082 1649 4141 orationibus
1658 4085 1825 4155 continens,

114 4171 287 4229 uoramde
303 4168 431 4242 plurima
445 4169 577 4227 eontulit
995 4169 1029 4227 in
1040 4170 1177 4244 lacrymis
1191 4170 1378 4243 prolesnata
1389 4188 1538 4228 servorum
1554 4172 1605 4230 Dei
1620 4173 1762 4231 subsidiis
1771 4173 1827 4231 lar-

147 4259 249 4330 llau'es·
260 4261 393 4331 tempore
407 4257 571 4315 antoricus
582 4259 754 4332 imperator,
772 4259 846 4316 iacto
861 4275 945 4333 gene-
997 4275 1065 4333 gns.
1081 4259 1111 4315 in
1126 4259 1316 4316 ecclesiarum
1331 4259 1515 4333 reparatione
1534 4261 1779 4328 ferventissimus,
1795 4262 1825 4317 ia

115 4347 167 4406 rali
179 4346 496 4415 conventmeanonicis
511 4347 673 4420 regularem
689 4348 781 4404 vitam
791 4348 943 4420 imposuit,
998 4365 1161 4422 pauperum
1178 4348 1355 4405 recreatione
1369 4349 1559 4422 singulariter
1572 4349 1727 4418 mirabilis,
1739 4350 1827 4407 mira·

116 4436 258 4510 atqeeob
272 4435 395 4492 tutelam
408 4434 558 4510 religionis
573 4436 695 4493 claustri
710 4437 876 4495 custodiam
887 4438 945 4494 ine
998 4437 1097 4494 biliter
1125 4436 1293 4510 singularis.
1317 4437 1477 4493 Ecclesiam
1502 4437 1595 4494 sancti
1619 4437 1771 4510 Stephani,
1797 4443 1826 4495 et

116 4525 207 4595 titaril,
219 4539 254 4582 ao
277 4525 409 4582 divesne
424 4529 683 4598 competentesque
695 4526 829 4582 cilicinas
842 4543 944 4583 eorum
959 4542 983 4607 1)
997 4525 1159 4598 parietibus
1174 4532 1203 4581 et
1216 4525 1406 4599 laquearibus
1420 4526 1579 4591 renovavit,
1594 4525 1694 4582 vitreis
1707 4540 1825 4599 qnoque

115 4613 387 4681 aaihneordinavit,
397 4629 457 4686 qua
466 4614 639 4671 auctoritate
654 4613 732 4670 idem
748 4615 879 4687 pontifex
889 4615 943 4673 de·
985 4632 1032 4670 *ec
1055 4614 1179 4688 picturis
1202 4614 1323 4686 optimis
1347 4613 1504 4683 decoravit,
1525 4631 1648 4672 coronas
1672 4619 1826 4689 argenteas

116 4701 241 4761 laetatus
254 4700 422 4770 villem,cui
435 4700 614 4759 pulverenus
630 4716 738 4760 nomen
751 4706 806 4772 est,
818 4703 944 4760 Fratrum
998 4707 1125 4776 quatuor
1136 4702 1273 4769 instituit,
1282 4701 1699 4778 circaaltaresanotistcphani
1708 4703 1825 4762 tabulae

116 4789 325 4849 memorum
340 4789 454 4847 scilieet
466 4790 624 4864 stipendiis
636 4791 797 4864 deputavit.
815 4793 860 4862 lit,
876 4791 945 4865 quia
999 4797 1162 4866 argenteae,
1176 4795 1205 4847 et
1220 4789 1373 4863 sculptura
1386 4795 1415 4847 et
1427 4792 1523 4864 operis
1546 4791 1691 4868 elegantia
1704 4806 1826 4850 mnove-

116 4877 603 4952 qaedambenetica'ataerautque
618 4879 753 4953 protinus
767 4879 876 4936 auferri
886 4897 944 4936 non
998 4880 1050 4950 vit,
1065 4897 1184 4954 capsam
1194 4880 1283 4936 etiam
1294 4893 1366 4936 auro
1377 4885 1557 4955 argentoque
1568 4882 1693 4939 mirilico
1706 4883 1826 4939 deeora·

117 4971 265 5042 pateram,
279 4968 432 5025 decretum
446 4972 501 5036 esi,
517 4973 550 5025 ut
564 4967 624 5026 iliis
635 4969 856 5038 decedentibus,
872 4986 944 5026 con·
998 4969 1049 5038 vit,
1061 4969 1111 5025 ubi
1124 4969 1300 5027 vestimenta
1313 4969 1508 5028 sacratissimi
1520 4971 1659 5028 liciniani
1676 4969 1824 5042 reposuit;

118 5057 201 5115 tiano
213 5057 472 5114 eanoniciinsuos
487 5074 559 5114 usus
574 5059 765 5115 reflecterent.
778 5058 944 5129 liesetiam,
999 5058 1152 5115 basilicam
1176 5058 1270 5115 sancti
1291 5059 1414 5116 loannis
1439 5059 1576 5132 Baptista
1599 5063 1665 5133 post
1679 5057 1825 5114 deiectum

117 5162 181 5220 que
204 5160 241 5202 ex
260 5145 330 5216 jure
352 5145 470 5219 proprio
484 5147 685 5213 nitescerent,
699 5151 759 5202 tam
775 5145 806 5202 in
826 5146 943 5215 Siliam,
998 5147 1105 5203 veteris
1119 5147 1156 5203 ab
1177 5145 1247 5202 imis
1267 5151 1420 5205 exstruens
1436 5146 1636 5204 fundamentis
1652 5147 1681 5202 in
1697 5144 1825 5202 sublime

115 5235 253 5308 mania
271 5235 378 5305 durau,
393 5236 563 5295 eorumdem
587 5236 695 5292 usibus
721 5235 874 5309 delegavit.
890 5235 944 5299 Qui
999 5235 1148 5307 fastigium
1165 5235 1278 5304 extulit,
1292 5254 1326 5292 ae
1341 5255 1359 5292 x
1374 5237 1495 5292 Kalend.
1511 5233 1826 5292 ianuariisolemniter

116 5322 768 5397 eimmeugentenplurimaeprnoipnn
776 5322 808 5378 in
823 5323 942 5380 thesau-
998 5324 1151 5381 dedicavit.
1168 5323 1357 5381 Postmodum
1374 5338 1440 5378 vero
1464 5325 1635 5378 sanctorum
1659 5325 1821 5395 martyrum

116 5411 302 5485 demadem
316 5410 447 5470 ecclesie
461 5410 622 5481 collocavit,
634 5416 735 5470 saneto
747 5412 944 5470 Germanoca·
996 5409 1375 5485 Alexandriethrysanthi
1387 5410 1596 5482 pigneraque
1606 5409 1724 5468 abnrbe
1732 5409 1825 5467 Rome

114 5499 399 5577 lieemaegenteum,
409 5517 477 5560 eum
493 5507 599 5576 paena
611 5501 696 5559 dedit
706 5501 841 5574 ejusdem
857 5501 943 5558 sebe·
997 5501 1151 5569 detulerat,
1167 5501 1198 5556 in
1213 5500 1314 5556 eadem
1330 5496 1453 5554 ecclesia
1467 5497 1758 5567 decenteroondidit‚
1769 5499 1825 5556 ire·

113 5590 315 5665 atatim-eujus
326 5593 360 5648 et
371 5590 552 5666 seponerem
568 5591 686 5659 iecerat,
701 5590 873 5663 hujusmodi
888 5589 944 5648 lar·
996 5591 1126 5664 denque
1144 5604 1212 5646 cum
1230 5584 1368 5645 concedis
1391 5585 1517 5659 benigno
1539 5586 1639 5648 studio
1662 5586 1822 5656 eaomavit,
