3878 6098
128 273 187 339 667
459 272 627 339 terena.
651 277 704 341 AB
727 278 823 342 SAEC.
846 276 882 339 Χ.
900 310 939 323 -
953 275 1206 342 fronduerint
1228 275 1504 347 eleuoulrtcs.
1776 282 1855 348 668⁴¹

126 413 197 484 plici
211 412 349 468 ooluntato
363 412 405 468 rei
418 413 558 468 unitatem
571 412 656 469 sicini
670 415 957 489 estproscssc.Sicmc
970 414 998 481 Α
1013 413 1170 485 confitebor.
1192 414 1306 471 Tantum
1328 417 1434 474 oisemo
1454 424 1566 490 propter
1589 416 1639 475 uei
1662 432 1792 487 amorem,
1808 425 1840 476 at

129 503 238 575 adjuvet
251 502 393 563 Dominus,
414 503 463 574 qui
474 510 625 574 peccatores
638 504 750 560 salucra
764 507 847 574 veuit,
863 515 958 578 etpco-
1012 505 1081 560 meis
1094 504 1220 575 precibus
1243 505 1423 562 desideratam
1444 507 1663 565 mismicordtam
1683 509 1744 579 jam
1761 508 1837 567 modo

128 600 189 649 cata
203 591 365 663 simpliciter
373 608 406 647 ac
414 593 545 648 ueraciter
557 592 749 662 confitentibus
761 611 852 650 tiaram
868 595 958 651 indul·
1011 594 1175 649 concedatis.
1184 593 1257 650 ltine
1268 598 1367 650 nestra
1377 594 1542 652 sollicitudo
1554 597 1717 669 requisivit,
1725 615 1762 652 an
1773 599 1837 671 ipse

128 683 249 750 acutiam
265 682 403 752 promisit,
419 683 443 735 si
461 681 534 736 ailsil
546 682 630 751 fiapo,
647 683 674 737 si
688 698 754 738 uera
767 686 880 755 propria
895 702 957 742 eoae
1012 681 1137 738 ulterius
1152 683 1220 738 inde
1234 682 1364 755 aliquam
1379 683 1465 739 vellet
1479 685 1696 757 querimoniam
1712 704 1835 759 movere,

127 772 291 839 pronatucio,
320 779 346 826 et
375 771 529 826 litterarum
557 771 740 842 chirographo
769 790 827 828 reru
854 782 957 842 pastam
1011 777 1062 827 aut
1078 772 1194 843 aliquas
1209 771 1364 844 aliquande
1380 773 1502 830 insidias
1523 773 1631 843 meliri,
1647 774 1673 830 si
1689 793 1749 832 sue
1765 777 1834 849 peti·

127 859 259 931 confirmo
274 878 284 913 :
299 863 366 932 quio
390 861 560 916 tolerabilius
583 867 623 915 est
643 862 727 928 mili,
742 863 911 933 ilaprnrdcuti
924 880 957 918 ao
1010 860 1081 917 lieni
1095 861 1365 917 fieretsatisfactum
1375 863 1473 934 ;eujus
1482 863 1690 936 obligationem
1700 870 1729 920 et
1738 869 1836 922 nostra

126 952 244 1024 deceptae
257 952 379 1021 feminac,
395 966 486 1004 eoram
499 949 657 1004 torniellus
671 951 781 1022 culpam
794 953 956 1024 simpliciter
1009 949 1087 1006 illico
1112 949 1294 1006 unanimitas
1317 951 1357 1006 ita
1373 957 1527 1024 prosecuta
1542 959 1587 1009 est
1604 969 1611 1007 :
1626 955 1717 1021 Scias,
1733 955 1833 1026 afilia,

127 1043 258 1113 confiteri,
275 1056 357 1111 quam
372 1048 435 1093 ente
454 1039 579 1093 tribuual
605 1041 720 1095 Domini
742 1043 897 1097 erubescere
911 1050 953 1097 at·
1008 1042 1073 1113 quia
1084 1042 1110 1094 si
1119 1048 1240 1094 nostra-m
1253 1042 1281 1095 iu
1293 1049 1316 1096 tc
1327 1049 1453 1113 tuarnquc
1462 1044 1659 1113 consessionem
1673 1045 1836 1101 scnuultam

126 1149 177 1205 quc
190 1140 325 1188 aeternam
341 1145 382 1186 use
397 1129 505 1183 narare.
1007 1129 1208 1200 repercussi
1223 1137 1246 1184 tc
1261 1128 1364 1186 diuina?
1377 1138 1402 1184 ct
1415 1134 1557 1188 raaoortaec
1570 1132 1836 1203 comprehendatqu-

162 1223 205 1277 16.
220 1221 277 1275 Hoc
288 1218 389 1290 itaque
400 1217 529 1281 recitato,
537 1216 720 1272 adstantium
728 1217 843 1273 animos
851 1218 954 1275 horror
1006 1220 1141 1286 claritatis
1149 1234 1274 1280 censura,
1282 1226 1307 1273 et
1317 1218 1514 1276 indissolubilis
1526 1221 1644 1292 incipiat
1653 1222 1835 1292 liparcsaoer-

127 1311 236 1385 pariter
250 1325 283 1362 aa
295 1308 377 1362 danlae
392 1305 566 1379 perutilit,nc
581 1306 616 1360 de
633 1311 715 1361 tanta
728 1306 844 1364 licentia
855 1309 957 1363 diabo-
1006 1306 1097 1363 dotum
1113 1314 1221 1372 calatia,
1237 1307 1308 1362 uredo
1323 1307 1412 1363 erdliuc
1425 1316 1497 1380 potes
1518 1325 1688 1380 recuperare,
1705 1312 1731 1365 st
1745 1318 1834 1366 tamen

125 1400 187 1456 lice
200 1398 312 1454 fraudis
324 1397 509 1452 sacerdotum
522 1399 639 1466 pectora
647 1395 776 1467 gemitus
786 1396 950 1470 compluvii.
1003 1404 1088 1468 potes,
1104 1397 1231 1460 ulterius,
1247 1404 1278 1451 ut
1292 1398 1470 1462 aestimamus,
1486 1413 1542 1453 nou
1552 1398 1738 1470 recuperatis.
1751 1399 1796 1454 Sic
1806 1403 1835 1456 et

125 1488 181 1546 aen
192 1486 326 1560 quamvis
338 1486 396 1542 ista
405 1487 468 1556 ejus
479 1484 950 1558 confessiocredibiliseppareret,
1005 1483 1072 1540 laici
1088 1483 1249 1556 plurimum
1265 1501 1329 1540 eam
1343 1486 1570 1551 admonuerunt,
1587 1487 1717 1543 maxime
1742 1487 1834 1559 ipsius

124 1581 223 1635 tamen
235 1592 271 1631 ne
282 1577 356 1630 forte
368 1591 418 1647 pre
430 1572 528 1644 aliqua
538 1572 707 1644 deceptione
722 1578 773 1628 aul
786 1591 837 1646 pro
847 1575 951 1633 timore
1007 1572 1165 1628 familiares
1175 1577 1203 1627 et
1213 1573 1299 1628 amici
1316 1574 1475 1629 admodum
1489 1573 1581 1642 illam,
1591 1574 1833 1648 nesedeciperet,

125 1666 249 1738 alicujus
261 1682 337 1736 saepe
346 1663 423 1718 dieta
434 1661 539 1717 mulier
549 1660 730 1729 mentiretur,
739 1663 833 1729 denuo
844 1680 951 1719 memo·
1004 1661 1149 1733 pnlsnndo
1174 1662 1372 1734 increpabant.
1390 1662 1456 1734 lpsa
1475 1667 1586 1732 tamen,
1602 1662 1694 1718 veluti
1719 1663 1745 1718 si
1770 1664 1833 1734 ejus

124 1758 219 1812 retum
232 1770 328 1825 regem
341 1751 532 1823 alloquentes,
545 1750 660 1822 magnis
671 1767 738 1806 eum
749 1751 948 1808 obtestationi·
965 1782 989 1846 B
1005 1751 1189 1807 censcientias
1205 1755 1349 1806 secretum
1364 1749 1540 1806 intuentium
1561 1749 1656 1807 oculis
1682 1750 1833 1809 visibiliter

47 1864 50 1869 ’
123 1839 952 1909 husadstrinximus,ulnobiscanfileretur,sieamsnasie
1005 1843 1166 1912 appareret,
1184 1839 1344 1895 immobilis
1372 1839 1402 1894 in
1432 1857 1486 1896 sua
1514 1840 1700 1896 confessione
1729 1842 1831 1914 perdu-

123 1927 949 1999 neautcemminationeadseipsamfallaciterariminan·
1005 1929 1087 1984 ravit.

123 2017 949 2092 dumcompulissetllcontraipsecummasimisattests·
1041 2014 1830 2090 18.0uidlongiusimmoremur‘llamomnidubietate

122 2109 252 2166 tionibus
267 2108 353 2165 nabis
365 2105 533 2172 declaravit,
547 2106 638 2161 solam
656 2107 696 2161 rei
707 2107 858 2163 veritatem
869 2108 948 2165 illam
1005 2110 1161 2171 remotam
1172 2105 1212 2160 rei
1230 2106 1346 2161 veritate
1360 2111 1517 2178 comperta,
1535 2123 1644 2162 novum
1658 2108 1763 2164 auditu
1772 2094 1836 2165 sce-¹

121 2199 253 2256 confiteri
261 2195 948 2269 sepersuasisse,necineacausaindustriosee·
1003 2195 1061 2263 lus,
1080 2195 1263 2267 nefandaque
1277 2194 1437 2267 pollutione
1459 2195 1650 2264 horrendum,
1669 2198 1828 2270 praesertim

121 2288 214 2361 liquid
227 2287 357 2360 amplius
368 2285 472 2357 egisse.
485 2284 639 2340 Referebat
649 2284 736 2339 etiam
749 2287 832 2341 nobis
843 2286 872 2341 in
884 2286 949 2358 ipsa
1003 2287 1088 2356 cujus
1104 2285 1234 2340 faetorem
1246 2285 1310 2356 jam
1320 2284 1369 2338 din
1379 2284 1608 2357 perinnnmeras
1618 2285 1706 2360 lenge
1717 2286 1828 2360 lateque

120 2376 521 2449 hera,quom0dopostqnam
532 2372 660 2444 primum
670 2373 820 2429 infandam
828 2391 888 2431 rem
896 2393 948 2430 eu·
1003 2373 1081 2429 fama
1096 2373 1284 2445 disperserat,
1302 2389 1337 2427 ne
1352 2373 1544 2444 presentibus
1559 2390 1592 2429 ae
1608 2375 1719 2432 futuris
1741 2375 1826 2449 pesti·

121 2465 202 2531 divit,
210 2470 239 2522 et
248 2480 346 2521 veram
358 2461 491 2528 credidit,
502 2467 645 2533 quantum
658 2461 726 2518 inde
738 2461 841 2532 doluit,
853 2480 947 2535 quan·
1003 2463 1093 2518 feram
1111 2460 1327 2533 corruptionem
1353 2460 1468 2528 inferat,
1487 2461 1542 2518 nisi
1561 2463 1694 2519 severius
1708 2463 1826 2537 diligen·

120 2559 244 2626 tumque
263 2554 320 2610 sibi
335 2550 520 2623 inopinatum
535 2549 698 2619 malumst
713 2550 833 2608 minime
848 2557 947 2624 optata
1000 2552 1118 2624 tiusque
1140 2551 1290 2620 evellatur,
1308 2550 1389 2607 nulla
1415 2550 1469 2606 levi
1494 2568 1563 2607 cura
1584 2550 1629 2607 vel
1647 2551 1827 2626 indulgentis

121 2638 679 2716 forsdisplicuit;qualiterdeniquerem
690 2639 946 2711 foedampatienter
1000 2641 1185 2697 tractandum
1201 2640 1297 2695 visum
1314 2645 1368 2695 est.
1381 2641 1443 2696 Nan
1460 2640 1538 2696 enim
1554 2640 1680 2697 dubium
1696 2641 1826 2715 estquis

121 2731 303 2798 ferre,etnisi
311 2732 375 2803 jum
388 2733 504 2784 tantum
516 2728 594 2783 fama
604 2729 791 2797 cucurrisset,
799 2731 944 2786 occultam
1001 2729 1143 2786 naturalis
1158 2729 1235 2784 inter
1249 2729 1368 2785 fratrem
1388 2733 1417 2785 el
1436 2747 1565 2787 sororem
1590 2731 1768 2787 concubitus
1782 2747 1822 2787 ve·

118 2820 220 2884 voluit,
229 2824 258 2877 et
267 2822 412 2893 quantum
424 2817 519 2890 potuit
530 2818 606 2873 fecit.
618 2817 698 2874 Unde
709 2823 738 2874 ct
749 2817 855 2874 falsum
863 2817 943 2890 judi·
1000 2818 1079 2875 niam
1090 2818 1260 2890 temporalis
1271 2836 1328 2874 nen
1341 2823 1469 2874 meretur
1480 2818 1609 2888 honoris,
1620 2823 1651 2874 el
1663 2818 1738 2875 nibil
1748 2818 1823 2875 aliud

120 2909 237 2965 ciumsa
248 2909 358 2965 sciente
369 2924 420 2979 pra
430 2906 546 2962 verifica
556 2906 770 2963 examinatione
781 2909 944 2980 suscepitet
999 2912 1099 2975 restat,
1111 2923 1200 2979 quam
1214 2907 1342 2963 vindicta
1356 2911 1384 2963 et
1396 2907 1576 2980 paenitentia,
1587 2924 1641 2963 nec
1657 2906 1747 2965 habel
1757 2908 1823 2964 ulta·

119 2984 943 3068 toleravit,utsifreripessellantaturpitudoincredibilis
998 2997 1060 3053 rins
1075 2995 1279 3068 progrediendi
1305 2995 1487 3051 occasionem
1511 2995 1682 3052 damnabile
1704 2996 1820 3063 crimen,

120 3091 282 3158 appareret,
299 3091 328 3141 et
350 3083 393 3140 sin
416 3083 446 3138 in
472 3084 582 3138 mundo
605 3090 800 3154 evanesceret,
823 3087 942 3161 ipseque
999 3085 1076 3156 quod
1092 3084 1191 3140 statim
1209 3102 1226 3139 a
1241 3083 1510 3156 praevaricatoribus
1522 3083 1614 3140 multa
1630 3101 1696 3157 qua
1713 3084 1822 3141 fuerant

118 3190 216 3231 corani
228 3173 333 3230 saeculo
344 3173 444 3228 intem
455 3171 650 3245 ignominiosa
662 3172 777 3230 macula
786 3180 814 3230 et
823 3177 943 3233 rriinosa
958 3150 980 3216 C
999 3174 1079 3229 licita
1094 3172 1211 3246 penitus
1228 3177 1376 3245 amputat:
1388 3173 1511 3255 ideoque
1526 3172 1580 3228 hoc
1592 3190 1626 3229 eo
1637 3173 1736 3230 rarius
1747 3191 1763 3229 a
1774 3190 1821 3229 se-

117 3263 277 3320 offensione
288 3279 346 3319 nen
358 3266 530 3318 remaneret.
540 3261 697 3334 Postquam
708 3268 806 3319 autem
818 3266 942 3322 revelata
997 3263 1062 3319 aule
1077 3263 1209 3335 contigit,
1226 3280 1284 3336 que
1300 3268 1425 3331 constat,
1443 3261 1512 3335 qnia
1528 3262 1631 3319 nullus
1647 3262 1717 3320 inde
1732 3280 1820 3321 exem-

117 3353 209 3425 pestis
220 3352 378 3408 lateranen
394 3351 498 3423 patuit,
510 3367 543 3406 ac
554 3350 616 3421 ipse
628 3352 742 3423 pandus
753 3352 825 3408 tanti
836 3371 940 3426 oppro-
996 3352 1079 3425 plum
1091 3351 1145 3407 sibi
1158 3353 1356 3425 presumpsit,
1369 3353 1446 3424 qued
1457 3368 1608 3424 nunquam
1624 3352 1740 3409 veniale
1749 3352 1820 3426 apud

115 3440 171 3497 bril
183 3442 257 3497 ferre
267 3440 406 3513 nequivit,
415 3438 615 3495 maximecum
625 3439 756 3511 partibus
767 3441 941 3516 Burgundiae
997 3442 1098 3496 mundi
1109 3439 1232 3512 gloriam
1246 3458 1310 3497 csse
1323 3441 1426 3512 poluit.
1434 3441 1487 3496 Sed
1499 3457 1564 3495 cum
1577 3440 1705 3514 quilibet
1718 3441 1820 3515 ulique

115 3535 203 3602 atque
217 3528 305 3585 ltaliae
321 3529 489 3584 discurrens
501 3527 589 3584 nimis
605 3528 786 3585 diffamatam
802 3549 835 3588 aa
851 3533 942 3588 divul·
995 3530 1072 3586 tiens
1088 3529 1117 3584 in
1133 3528 1208 3585 lianc
1220 3529 1369 3585 miseriam
1385 3528 1459 3602 lapsi
1476 3535 1555 3597 sunt,
1566 3546 1624 3585 non
1641 3531 1678 3586 de
1694 3529 1819 3604 exempla

114 3625 213 3692 galam
229 3619 390 3674 faeditatem
408 3617 566 3685 exhorruit,
584 3634 641 3673 non
667 3620 711 3673 est
734 3636 840 3691 passus
865 3621 941 3679 lianc
995 3618 1117 3675 alterius
1128 3619 1244 3685 eccidit,
1256 3621 1306 3675 sed
1317 3619 1353 3674 de
1364 3617 1486 3691 antiqua
1501 3617 1610 3674 diaboli
1628 3620 1733 3676 fraude
1748 3619 1819 3676 etsi-

114 3725 234 3764 aausam
246 3708 309 3763 sine
320 3706 937 3781 episcoporumexaminediutiussubsilere·
995 3707 1058 3764 mili
1069 3706 1235 3780 fragilitatis
1248 3707 1378 3780 impulsu
1388 3724 1420 3762 ac
1429 3706 1586 3780 precipitio
1598 3706 1819 3783 recenselquusi

115 3796 225 3853 Revera
240 3796 413 3869 lacrymosis
428 3794 563 3868 suspiriis
580 3793 782 3866 multipliciter
793 3797 822 3852 id
838 3799 894 3855 sibi
904 3801 940 3858 de
995 3814 1069 3853 neve
1079 3796 1235 3852 ruinaluit.
1245 3796 1325 3853 Istud
1338 3801 1435 3852 autem
1447 3797 1632 3870 contagionis
1638 3797 1818 3871 genus,qued

114 3891 277 3941 memorata
293 3885 402 3941 femina
413 3883 676 3949 inculcatum,etin
686 3884 741 3941 boc
751 3885 840 3942 etiam
851 3906 939 3961 regno
995 3903 1073 3942 nune
1088 3885 1191 3958 incipit
1204 3902 1268 3941 esse
1285 3902 1392 3941 nevum
1408 3889 1436 3941 et
1457 3890 1544 3941 antea
1559 3885 1646 3942 nabis
1661 3892 1726 3954 erat
1740 3886 1817 3942 inau-

113 3991 130 4028 a
145 3972 281 4046 plurimis
301 3972 480 4029 affirmatum
501 3989 558 4028 non
574 3971 637 4028 sine
651 3973 762 4046 gemitu
779 3977 937 4047 repetebat.
994 3973 1270 4040 ditum,uavendum
1282 3979 1380 4043 esl,ne
1397 3973 1563 4030 morbosam
1578 3978 1696 4046 pestem
1706 3979 1736 4031 el
1744 3975 1817 4031 incu-

146 4062 192 4118 li.
208 4061 266 4118 Nos
281 4060 371 4134 igitur
386 4078 489 4117 rursus
504 4060 627 4117 eandem
643 4062 937 4136 mulierem,primum
993 4062 1116 4119 rabilem
1139 4062 1219 4118 luem
1247 4062 1347 4135 generi
1369 4063 1550 4118 transmittat
1575 4062 1720 4133 humana,
1737 4069 1768 4119 ut
1781 4063 1817 4118 itu

110 4150 349 4216 secrete,deinde
364 4166 462 4205 coram
475 4149 558 4205 laicis
574 4148 859 4226 adivimus,eamque
870 4172 937 4211 cum
991 4152 1125 4209 videlicet
1140 4152 1220 4224 origo
1236 4151 1400 4223 perniciosa
1421 4151 1555 4207 funditus
1574 4152 1749 4225 extirpetur,
1764 4168 1816 4225 qua

109 4237 936 4312 adjurationedivinamonitispluribuseshertatisnmus,
992 4239 1106 4296 nullum
1122 4239 1287 4310 exemplum
1309 4238 1479 4311 nullamque
1503 4239 1660 4312 fragilibus
1676 4240 1817 4313 relinquat

109 4328 209 4385 nasibi
221 4329 379 4385 ullomodo
391 4325 936 4394 falsumcrimeninferret,aeternarum
991 4329 1186 4396 occasionem,
1203 4345 1239 4384 ne
1255 4327 1339 4393 forle,
1355 4329 1432 4401 quod
1450 4329 1535 4396 absit,
1550 4327 1619 4384 talis
1639 4329 1814 4387 consuetude

109 4433 226 4489 quoque
249 4433 403 4491 paenarum
428 4416 529 4484 minis,
546 4414 572 4471 si
587 4414 641 4472 hoc
662 4415 777 4484 laceret,
792 4419 936 4478 deterrere
991 4418 1209 4490 inolescat,que
1224 4415 1386 4472 naturalem
1399 4416 1670 4490 consanguinitatis
1686 4416 1812 4475 concubi·

109 4506 291 4562 curavimus:
306 4505 473 4578 iterumque
484 4505 520 4560 de
536 4508 634 4560 nestro
649 4505 770 4562 consilio
785 4511 813 4562 et
829 4509 935 4567 auxilio
952 4515 974 4578 Ι)
990 4510 1051 4562 tum
1061 4507 1128 4580 quis
1138 4505 1290 4574 devitet,et
1298 4506 1434 4561 fornicari
1451 4498 1553 4561 cantra
1567 4506 1747 4564 naturamin
1757 4522 1813 4579 pra

107 4593 937 4655 tuitieneacdefensionecontraomnesinsidiasvelvio-
992 4596 1055 4669 prio
1071 4611 1186 4668 genere,
1204 4593 1264 4652 leve
1279 4593 1334 4650 hoc
1364 4594 1513 4651 estimans
1542 4594 1669 4665 malum,
1687 4595 1816 4652 licentius

109 4679 216 4737 lentius
233 4698 366 4737 securam
391 4681 584 4747 reddidimus,
601 4685 715 4737 tantum
732 4688 765 4738 ut
778 4683 861 4739 nobis
872 4687 935 4756 jam
991 4689 1151 4741 assuescat.

107 4773 178 4825 tunc
203 4769 380 4826 fiducialiter
405 4770 602 4836 confiteretur,
620 4776 718 4826 utrum
744 4789 883 4843 persuasa
897 4791 934 4829 an
1027 4773 1069 4829 19.
1086 4773 1138 4829 His
1151 4789 1219 4846 ergo
1234 4771 1425 4829 consideratis
1436 4777 1463 4828 et
1474 4773 1633 4847 diligenter
1646 4771 1810 4847 perspectis,

23 4858 26 4863 ’
107 4856 261 4931 compulsa
275 4859 311 4914 ad
327 4858 454 4930 seipsam
471 4859 689 4915 criminandum
701 4859 935 4919 fnisset.Adhasc
990 4861 1147 4935 lugendam
1159 4861 1261 4917 incesti
1279 4860 1518 4934 pollutionem,in
1535 4863 1690 4934 publicum
1703 4859 1808 4919 exhala-

106 4947 157 5004 illa
172 4964 276 5021 aspero
292 4947 402 5003 intuitu
419 4964 472 5003 nes
486 4948 680 5020 redarguens:
694 4949 812 5015 Putatis,
827 4950 933 5023 inquit,
989 4955 1060 5018 tam,
1078 4950 1200 5023 publice
1214 4951 1390 5023 paenitentia
1413 4950 1614 5008 satisfactione
1632 4950 1807 5025 purgandam

106 5045 138 5093 at
151 5039 283 5109 incipiam
295 5052 345 5109 pro
369 5035 466 5109 aliqua
491 5052 521 5090 rc
543 5037 574 5090 tu
592 5037 693 5094 mutulo
710 5039 747 5094 tta
760 5039 874 5111 pcrdcrc
888 5057 935 5098 vo·
988 5040 1179 5096 decrevimus.

107 5123 217 5182 fuissem
229 5129 242 5181 t
253 5125 331 5182 Sicut
344 5126 419 5182 onim
440 5127 562 5196 consessa
579 5125 633 5197 snt,
650 5126 690 5181 sic
704 5127 842 5198 confiteor,
857 5130 935 5186 etsie
