3878 6098
122 285 201 344 1157

117 523 180 563 nes.
197 507 362 565 innomine
379 510 430 581 Dei
448 511 551 580 Patris,
567 518 597 570 et
611 513 686 585 Filii,
703 518 731 570 et
746 516 803 588 Sps
826 517 878 572 sci.
897 518 947 590 qui

114 601 258 654 veniamus
271 602 314 654 est
326 599 459 670 judicare
475 601 555 657 vivos
571 606 599 658 et
613 620 653 659 m.

404 707 559 765 Benedictio
569 724 660 782 aque.

151 806 229 859 Deus
258 802 309 877 qui
339 804 374 861 ad
400 804 526 862 salutem
549 805 672 864 humani
701 809 879 882 generisve
902 830 947 868 aa·

110 908 175 964 pre.

166 1015 304 1055 aasabim
307 1016 334 1055 10
354 1016 433 1057 SALlS
453 1018 487 1056 ET
505 1019 590 1065 AQUAE
608 1021 718 1061 CONTRA
739 1023 897 1063 t'att‘rxstant

470 1090 595 1130 SATANAE.

152 1167 289 1224 Exercizo
314 1171 342 1224 te
369 1173 501 1225 creatura
525 1170 595 1227 salis
619 1175 648 1228 ct
671 1189 754 1245 aque
779 1191 830 1246 per
855 1175 947 1232 Deum

113 1254 301 1328 vitrumper
318 1257 408 1313 Deum
423 1263 592 1324 ve†rum,ut
607 1259 703 1316 omnis
729 1262 822 1318 virtus
846 1264 948 1319 adver-

115 1343 199 1413 sarii,
217 1343 371 1417 omnisque
386 1347 530 1402 exercitus
544 1347 663 1416 diaboli,
680 1351 777 1407 omnis
799 1351 947 1418 incursus,

114 1448 205 1488 enine
221 1433 368 1489 fantasma
382 1435 546 1491 eradicetur
560 1440 589 1492 et
603 1437 748 1511 effugetur
758 1439 794 1495 ab
806 1439 862 1496 hac
872 1458 949 1497 crea·

113 1527 184 1578 tura
195 1539 277 1594 aqua
289 1522 332 1578 vel
343 1522 461 1591 salis,ut
471 1541 536 1580 cum
549 1542 688 1598 aspersus
699 1527 712 1581 l
712 1528 786 1583 uerit
796 1528 838 1585 vel
850 1534 949 1602 gusta·

113 1611 200 1677 vcrit,
219 1627 253 1666 ex
267 1628 302 1668 ea
317 1629 418 1669 servus
433 1617 503 1669 tuus
519 1615 555 1670 ah
572 1615 625 1670 hac
641 1621 871 1690 creaturaeque
886 1618 948 1674 Dne

113 1701 155 1755 sit
171 1705 253 1756 tutus
268 1701 304 1756 ab
320 1701 400 1756 amni
425 1701 574 1759 diabolicae
599 1706 753 1776 potcstatis
778 1706 897 1764 incursu
919 1711 948 1763 et

113 1789 231 1844 alienus
247 1789 400 1846 habeatur.
418 1790 481 1846 Per.

299 1898 453 1954 Benedictio
465 1899 500 1954 od
515 1916 602 1955 unere
617 1900 765 1958 lcoorinem.

151 2001 285 2058 Exercizo
301 2008 329 2057 te
345 2008 479 2060 creatura
495 2005 566 2060 salis
579 2012 607 2061 et
620 2024 703 2079 aquae
720 2009 749 2063 in
766 2010 883 2066 nomine
896 2011 944 2066 Dei

116 2091 221 2156 Patris,
237 2097 264 2145 et
280 2092 308 2146 in
327 2093 445 2148 nemine
472 2093 587 2150 Domini
612 2096 704 2152 nostri
731 2097 815 2152 ihesu
837 2099 944 2154 Christi

117 2180 182 2234 Filii
197 2180 272 2249 ejus.
284 2185 316 2235 nt
331 2180 429 2237 omnis
445 2181 617 2238 immundus
633 2184 756 2256 spiritns
772 2190 800 2241 et
815 2187 946 2243 incursio

117 2268 229 2324 diaboli
244 2269 449 2334 eradicetur,ct
464 2276 615 2343 separetur
625 2273 661 2328 ab
671 2273 724 2329 hac
735 2280 868 2330 creatum
878 2275 948 2332 salis

120 2362 149 2412 et
160 2374 256 2429 equis:
267 2358 386 2429 proinde
401 2360 515 2414 elticere
525 2361 686 2416 exorcizata
702 2362 736 2416 ad
753 2380 871 2418 omnem
888 2366 949 2419 l'an-

122 2447 226 2501 lasism
244 2446 365 2516 inimici,
378 2452 406 2503 et
418 2449 514 2520 ipsum
531 2449 682 2505 inimicum
699 2451 847 2507 eradicare
858 2457 886 2508 et
901 2471 947 2508 cx·

122 2533 254 2606 plantare
270 2535 299 2589 in
315 2535 433 2591 nomine
447 2536 500 2591 ihu
514 2537 563 2608 llpi
576 2538 626 2609 qui
639 2543 781 2593 venturus
792 2544 837 2594 est
848 2540 877 2595 in
889 2540 950 2612 Spi-

122 2623 179 2678 ritu
197 2629 298 2680 sancto
310 2624 444 2696 judicare
459 2625 537 2681 rivos
554 2642 586 2682 ac
602 2632 733 2684 mortuos
757 2633 785 2683 et
807 2628 948 2685 seculum

621 292 844 356 «illationes
866 294 1021 359 Cltltl'ltl
1050 301 1336 369 ttrlllltm'lalttilt.

118 416 223 474 tendas
238 423 266 474 et
281 420 478 478 excludendas
494 440 595 481 omnes
615 426 773 481 demonum
799 431 951 501 temptatio
965 433 993 498 A
1009 451 1036 504 i„
1053 448 1178 517 pectore,
1196 441 1224 495 in
1241 441 1337 507 corde,
1353 442 1382 497 in
1401 450 1509 514 ventre,
1527 447 1554 502 in
1571 449 1708 520 brachiis,
1726 457 1754 510 in

1752 327 1830 385 tlte

1771 474 1831 513 ma·

1002 536 1100 602 nibus,
1118 533 1146 587 in
1167 529 1302 603 pedihus,
1319 531 1348 586 in
1374 533 1512 591 omnibus
1536 540 1676 597 membris
1700 546 1829 616 corporis

1001 624 1092 689 illins,
1113 625 1144 677 ut
1172 636 1230 676 non
1259 620 1375 692 possint
1403 621 1512 695 lrigors
1536 629 1565 680 rt
1594 628 1689 685 febres
1716 633 1829 689 vincere

1000 713 1044 771 ecl
1075 726 1178 767 nocere
1203 725 1270 764 cum
1293 724 1345 765 nec
1370 709 1400 766 in
1423 712 1569 779 ciamare
1592 716 1622 771 in
1648 719 1761 786 auditu,
1777 740 1830 779 nec

1001 798 1237 864 inambulando,
1255 813 1313 853 non
1334 797 1362 854 in
1382 805 1502 873 gustum
1529 803 1597 871 cibi,
1624 823 1676 862 nec
1704 808 1830 867 bibendo

1001 896 1104 967 polus,
1120 888 1170 944 sed
1186 886 1263 943 Deus
1279 887 1487 962 perlectus,qui
1499 908 1530 948 cs
1545 893 1672 951 salvator
1683 898 1828 970 omnium,

1001 981 1114 1037 salvum
1131 978 1174 1033 lac
1190 975 1341 1031 hominem
1363 977 1452 1034 istum
1476 979 1510 1035 N.
1535 982 1573 1038 ab
1596 985 1675 1040 enini
1699 987 1829 1058 periculo

1000 1071 1167 1142 redemptor
1183 1067 1296 1133 mundi,
1319 1066 1368 1138 qni
1394 1084 1461 1123 curn
1486 1069 1569 1126 Patre
1592 1076 1621 1127 et
1645 1073 1754 1149 Spiritu
1780 1093 1829 1134 sco

1000 1160 1084 1216 viris.

1196 1261 1297 1301 οιιιτιο
1317 1262 1409 1301 suren
1429 1263 1635 1306 neirosrscun.

1063 1335 1116 1404 (Ua
1130 1335 1195 1390 cod.
1211 1334 1298 1390 Vind.
1313 1334 1401 1390 theol.
1416 1339 1479 1404 277,
1496 1354 1562 1395 sec.
1578 1357 1616 1395 ιιιι
1631 1340 1674 1397 vel
1690 1345 1764 1410 xm.)

1037 1422 1153 1497 Repelle
1163 1423 1284 1479 Domine
1292 1423 1388 1479 abhoc
1396 1424 1506 1480 famulo
1519 1429 1569 1482 tuo
1585 1430 1827 1488 omneminfesta-

1001 1512 1110 1568 tionem
1128 1511 1249 1577 inimici,
1266 1515 1300 1566 ut
1315 1510 1530 1585 redintegratus
1545 1515 1676 1587 pristinas
1697 1520 1826 1588 sanitati,

1002 1603 1037 1658 ad
1053 1600 1215 1675 gratiarum
1242 1599 1402 1655 clenentie
1417 1604 1474 1656 tuae
1490 1603 1589 1660 redeat
1603 1607 1758 1664 actionem.
1775 1609 1828 1664 Per

1004 1694 1090 1746 Dnm.

1037 1780 1107 1834 illio.
1127 1784 1200 1835 Deus
1218 1777 1393 1851 Angelorum
1418 1783 1473 1835 ete.
1501 1789 1531 1838 at
1553 1799 1646 1854 supro.
1661 1785 1735 1841 Alio.
1752 1786 1829 1844 Deus

998 1868 1046 1942 qui
1063 1868 1236 1924 conditorct
1252 1867 1389 1923 delensor
1403 1885 1435 1923 es
1450 1871 1566 1941 generis
1577 1872 1698 1929 humani
1712 1876 1761 1948 qui
1773 1880 1827 1933 etc.

995 1957 1196 2012 ¹illieDomine
1210 1962 1310 2012 sancte
1325 1957 1409 2012 Pater
1424 1959 1609 2032 omnipotens
1619 1967 1725 2018 eterne
1742 1966 1827 2033 Deus,

999 2045 1117 2101 Osanna
1131 2049 1185 2100 etc.
1202 2046 1278 2100 Alio.
1294 2045 1412 2101 Domine
1428 2052 1528 2104 sancte
1544 2047 1628 2104 Pater
1641 2051 1827 2124 omnipotens

1000 2139 1104 2191 aeterne
1122 2135 1207 2206 Deus,
1224 2133 1334 2207 expelle
1348 2139 1402 2190 eto.

1301 2223 1362 2279 Alia
1377 2223 1523 2297 ortjarotio.

1037 2313 1172 2368 Exercizo
1188 2316 1215 2367 tc
1230 2312 1353 2385 spiritus
1376 2313 1538 2369 immunde.
1556 2317 1616 2372 Non
1634 2319 1754 2391 egotibi
1772 2319 1827 2376 im-

1002 2419 1071 2476 pero
1096 2418 1188 2473 neque
1211 2406 1329 2473 peccata
1358 2418 1431 2470 mea,
1449 2403 1498 2458 sed
1523 2404 1641 2475 imperat
1660 2407 1712 2461 tibi
1733 2425 1827 2482 agnus

1003 2490 1212 2545 immaculatus
1226 2489 1362 2547 Christus
1378 2492 1452 2546 Deus
1476 2496 1505 2547 et
1531 2493 1578 2548 Dei
1604 2493 1703 2551 Filius.
1722 2497 1828 2570 Urgent

1003 2583 1030 2634 te
1046 2579 1148 2652 Angeli
1172 2583 1201 2634 et
1223 2579 1407 2652 Archangeli.
1425 2579 1535 2653 Urgent
1559 2585 1586 2638 te
1611 2584 1783 2654 patriarche
1799 2590 1829 2641 et

1002 2668 1160 2741 propheta.
1186 2667 1295 2741 Urgent
1320 2671 1347 2722 le
1371 2667 1494 2740 apostoli
1518 2667 1637 2725 Christi.
1662 2671 1771 2745 Urgent
1799 2677 1827 2731 te

120 2728 173 2784 Per
187 2713 294 2786 ignem·
310 2715 413 2770 ΑΜΒ·
1002 2760 1144 2829 martyres
1156 2755 1275 2823 Christi,
1291 2759 1320 2811 et
1332 2755 1533 2824 Confessores,
1553 2763 1585 2813 ut
1599 2759 1737 2816 deficiant
1749 2766 1827 2818 artes

1002 2845 1109 2901 diaboli
1135 2846 1182 2900 dic
1208 2862 1241 2901 ac
1265 2848 1360 2910 nocte,
1377 2845 1405 2900 in
1422 2862 1533 2912 mense,
1548 2851 1577 2902 et
1596 2847 1827 2922 iuberentque

155 2926 277 2984 Oremes.
294 2928 355 2984 Dne
371 2928 423 2985 lhu
438 2929 498 3002 Xpe
514 2929 566 2985 Fili
582 2929 632 2986 Dei
648 2930 768 3004 vivi,qui
784 2933 947 2990 secundnm
1001 2934 1266 2990 momentaltedde
1281 2949 1349 3006 ergo
1366 2932 1567 2990 tortitudinem
1584 2937 1827 3005 membris,rcdde

120 3033 259 3089 magnam
275 3016 521 3088 dispensationem
538 3017 749 3075 incarnationis
760 3024 816 3076 tue
827 3021 856 3077 in
867 3020 947 3095 ligno
1001 3024 1105 3078 animm
1122 3022 1294 3078 sanitatem:
1306 3039 1362 3077 non
1379 3023 1538 3095 temptabis
1552 3028 1659 3092 eam‚et
1672 3025 1827 3083 martinon

117 3105 215 3161 crucis
228 3104 474 3175 morivoluisti,ut
488 3123 540 3179 per
553 3111 634 3163 tuam
647 3112 771 3164 mortem
782 3109 945 3167 humanum
1001 3112 1176 3168 tradas.Non
1189 3111 1346 3184 apparebis
1361 3111 1391 3167 in
1408 3128 1542 3179 esca,nec
1557 3111 1587 3168 in
1602 3112 1674 3170 locis
1690 3114 1827 3188 puhlicis,

117 3210 212 3268 genus
227 3212 244 3249 a
259 3199 399 3268 perpetua
413 3200 507 3252 marte
523 3195 780 3269 liberares,preeta
795 3216 847 3271 per
865 3172 983 3258 invo·C
1003 3218 1055 3258 nec
1074 3217 1163 3273 super
1185 3199 1284 3256 venies
1307 3199 1451 3274 vigilanti,
1470 3217 1566 3273 nequo
1592 3201 1758 3273 dormienti,
1774 3221 1828 3261 nec

117 3284 264 3340 nationem
279 3284 407 3340 nominis
423 3285 476 3351 tui,
495 3291 527 3341 ut
542 3286 603 3341 haec
618 3303 695 3359 aqua
718 3303 735 3342 a
758 3293 837 3344 tactu
852 3289 946 3362 ipsius
1000 3294 1129 3345 mentem
1147 3291 1212 3360 ejus
1223 3304 1351 3358 moveas,
1368 3306 1421 3344 nec
1435 3289 1580 3362 impedias
1595 3296 1773 3362 querentem
1789 3294 1828 3348 vi·

116 3379 225 3428 sancte
240 3374 337 3429 crucis
352 3374 544 3429 sanctificata.
558 3375 669 3431 lamule
684 3380 735 3432 tue
750 3377 783 3432 N.
798 3393 884 3448 quem
902 3396 946 3435 ar·
1000 3383 1060 3434 tam
1075 3383 1223 3433 aeternam.
1241 3377 1294 3432 Per
1307 3383 1390 3433 Dnm.

115 3462 191 3518 dens
208 3462 296 3519 febris
311 3461 436 3534 graviter
450 3464 749 3536 excruciatprolmiat
764 3467 801 3522 ad
817 3468 946 3539 corporis
1036 3467 1108 3522 Atro.
1123 3466 1315 3538 Omnipotens
1330 3468 1359 3520 et
1379 3464 1545 3521 misericors
1569 3471 1645 3522 Deus
1667 3472 1750 3539 pater
1773 3469 1825 3523 Dni

115 3552 279 3624 animaque
298 3551 436 3617 salutem,
452 3553 529 3625 qood
554 3552 618 3626 ipse
641 3558 779 3626 prestare
804 3557 943 3629 digneris.
1000 3556 1044 3609 nri
1062 3555 1113 3610 lhu
1130 3560 1184 3610 cte.
1203 3554 1313 3609 ltccedo
1327 3569 1396 3626 ergo
1408 3552 1646 3610 immundissime
1657 3554 1778 3627 spiritus
1789 3557 1825 3612 ab

116 3641 170 3706 Qui
186 3656 253 3695 cum
270 3639 327 3696 Deo
344 3640 428 3696 Patre
444 3646 471 3696 et
486 3640 608 3713 Spiritu.
999 3642 1054 3699 hoc
1071 3641 1180 3699 lamule
1197 3641 1336 3709 Dei,sicut
1351 3640 1495 3712 separavit
1507 3647 1581 3698 Deus
1595 3646 1681 3698 Pater
1691 3644 1825 3716 omnipo-

243 2821 336 2877 Orotio
351 2838 432 2894 super
447 2823 555 2891 lienem
569 2825 657 2879 crocis
672 2831 698 2879 ct
711 2841 822 2897 equom.

151 3730 226 3785 Alio.
243 3731 301 3784 Une
316 3729 369 3785 lhu
386 3730 456 3803 ch,
473 3731 523 3802 qui
548 3747 600 3802 pro
626 3735 725 3787 nostra
745 3733 944 3806 redemptione
998 3735 1064 3788 tens
1079 3730 1184 3788 coelum
1200 3747 1217 3785 a
1232 3734 1319 3797 terra,
1336 3729 1432 3784 lacem
1448 3747 1465 3784 a
1480 3730 1620 3796 tenebris,
1634 3730 1785 3787 veritatem
1808 3749 1826 3788 a

115 3835 168 3891 per
183 3818 350 3891 passionem
364 3822 446 3874 tuam
464 3818 517 3873 hoc
534 3818 647 3892 lignum
658 3821 752 3876 crucis
762 3822 945 3879 sanctificare
999 3820 1143 3883 mendaci,
1160 3819 1269 3874 henum
1286 3835 1303 3873 a
1318 3817 1405 3883 malo,
1421 3816 1506 3873 dulce
1522 3818 1558 3873 ab
1578 3834 1694 3884 smar0;
1711 3819 1753 3874 sic
1767 3820 1825 3876 eris
1909 3872 1914 3879 .

112 3906 242 3961 voluisti.
268 3906 398 3961 Concede
425 3906 580 3978 propitius,
608 3912 639 3962 ut
669 3908 846 3982 quicumque
869 3909 944 3967 hane
998 3912 1149 3981 separatus
1160 3909 1196 3963 ab
1208 3924 1241 3962 eo
1252 3905 1545 3979 perpotentiam,qun
1559 3909 1587 3962 te
1602 3906 1734 3963 Christus
1746 3907 1823 3976 vicit,

113 4011 222 4067 aquam
239 3996 371 4064 ejusdem
388 4000 496 4049 sanetae
511 3997 608 4050 crucis
622 4000 700 4051 tactu
717 3998 941 4069 sanctiticatam,
997 4015 1085 4070 quem
1100 4000 1131 4052 tu
1145 3997 1259 4052 vincere
1274 4012 1331 4050 non
1348 3998 1438 4066 protes,
1456 3996 1506 4050 sed
1521 3995 1617 4050 vincat
1641 4000 1668 4050 te
1694 3997 1752 4052 Dns
1776 3997 1825 4053 llis

111 4083 221 4139 haustu
238 4083 430 4157 perceperint,
447 4085 483 4139 ab
499 4084 579 4140 omni
604 4083 773 4142 infirmitate
792 4089 900 4144 mentis
915 4092 944 4145 et
996 4087 1065 4160 xps,
1092 4091 1176 4159 teque
1189 4086 1382 4156 dampnatum
1408 4085 1524 4139 aeternis
1549 4084 1696 4157 mancipet
1719 4086 1822 4158 poenis.

111 4172 243 4246 eorporis
259 4171 456 4242 absolventur,
468 4173 518 4245 qui
532 4190 599 4229 cum
617 4177 673 4230 Deo
689 4175 771 4232 Patre
787 4179 814 4232 el
829 4177 940 4250 Spiritu
997 4175 1157 4232 Dcsceudat
1171 4175 1206 4230 ad
1224 4190 1276 4229 nos
1291 4172 1413 4229 Domine
1422 4173 1518 4247 gratia
1532 4179 1589 4229 tues
1604 4174 1824 4248 pietatisSigno

111 4279 163 4318 sco
177 4260 249 4316 vivis
260 4265 315 4317 etc.
994 4269 1083 4338 capnt
1097 4269 1192 4331 launi,
1209 4264 1285 4318 sicut
1299 4261 1427 4336 signavit
1449 4263 1589 4319 Dominus
1614 4279 1715 4318 ornnes
1738 4263 1823 4317 intir-

148 4352 220 4407 .·llio.
244 4351 319 4406 Deus
348 4351 394 4407 cui
426 4355 537 4408 cuncte
566 4352 707 4408 obediunt
735 4357 883 4422 creaturan,
913 4359 943 4412 et
994 4370 1059 4409 mos
1083 4354 1112 4408 in
1136 4352 1238 4408 Chana
1262 4350 1388 4408 Galileae.
1415 4351 1504 4424 Signo
1530 4348 1630 4406 oculos
1649 4353 1822 4413 tacentes
1840 4374 1849 4387 ,.

110 4438 212 4496 anania
225 4438 254 4492 in
270 4438 356 4495 verbo
378 4443 428 4495 tuo
445 4439 539 4495 iecisti
565 4439 594 4495 in
619 4439 774 4513 sapientia,
791 4440 940 4514 supplices
993 4441 1066 4515 ipsis
1080 4441 1241 4515 expellatur
1256 4439 1460 4512 diabolus,qui
1477 4438 1555 4494 laedit
1570 4453 1687 4493 omnem
1703 4453 1820 4492 carnem

110 4544 283 4600 quesumus
298 4527 476 4583 ineffabilem
491 4527 675 4583 clementiam
699 4532 792 4596 tuam,
810 4533 843 4585 ut
867 4547 941 4602 quos
955 4543 979 4608 Β
994 4533 1086 4585 tuam.
1104 4528 1245 4584 benedico
1260 4531 1299 4593 te,
1315 4527 1391 4582 sicut
1406 4525 1555 4581 benedixit
1569 4524 1709 4579 Dominus
1720 4523 1821 4581 oculos

109 4633 164 4690 per
187 4616 301 4688 lignum
326 4620 434 4672 sancte
459 4617 553 4672 crucis
569 4616 634 4672 Filii
651 4617 692 4672 tui
707 4617 754 4690 pio
771 4634 874 4674 cruore
893 4619 939 4675 di·
994 4635 1148 4684 caecarum,
1164 4616 1214 4689 qui
1231 4617 1259 4670 in
1273 4613 1429 4687 Evangelia
1443 4612 1591 4686 leguntur.
1609 4611 1697 4685 Signo
1722 4614 1822 4671 omnia

109 4709 220 4779 gnatus
235 4722 266 4760 cs
282 4704 435 4773 redimere,
451 4709 484 4762 tu
508 4704 558 4778 qui
583 4723 615 4762 es
638 4704 751 4779 lignum
777 4707 841 4763 vitae
857 4725 941 4780 para·

109 4793 235 4867 dysique
271 4799 431 4867 reparator,
459 4795 597 4851 omnibus
631 4795 661 4850 in
698 4800 726 4850 te
754 4797 941 4853 credentibus

109 4882 176 4939 dira
204 4883 349 4955 serpentis
371 4899 482 4939 venena
505 4883 653 4956 extingue,
676 4887 704 4939 et
733 4900 785 4956 per
813 4883 938 4957 gratiam

109 4972 205 5029 sancti
229 4972 358 5045 Spiritus
385 4972 522 5045 poculum
539 4972 643 5028 salutis
667 4988 783 5044 semper
806 4971 937 5028 infunde.

110 5061 181 5117 Per.'

145 5151 217 5206 Alio.
234 5149 311 5206 Deus
322 5149 508 5222 omnipotens
524 5150 608 5206 Pater
622 5153 651 5205 et
665 5150 724 5223 Xpe
739 5149 792 5205 lhu
809 5149 863 5206 Fili
889 5151 938 5205 Dei

109 5245 138 5296 et
153 5239 280 5312 Spiritus
296 5240 411 5296 sancte!
430 5240 510 5314 Rogo
526 5257 585 5308 vos,
600 5243 632 5294 ut
646 5240 763 5296 mittere
777 5239 938 5313 dignemini

108 5328 343 5385 benedictionem
357 5334 485 5384 vestram
496 5346 585 5402 snper
600 5329 675 5385 hanc
691 5334 854 5384 creaturam
867 5329 939 5384 salis

107 5421 137 5473 et
152 5416 289 5487 aqirae,vel
305 5417 384 5490 pomi
398 5415 443 5473 vel
459 5417 582 5483 casei,ut
596 5417 750 5491 proliciunt
764 5415 938 5473 adsalutem

995 4706 1128 4762 membra
1150 4709 1211 4769 tua,
1228 4707 1259 4759 ut
1274 4719 1308 4758 ex
1323 4702 1396 4774 ipsis
1410 4699 1572 4773 expellatur
1598 4701 1743 4769 diabolus,
1770 4702 1820 4775 qni
1849 4719 1851 4723 ’

995 4794 1073 4850 ledit
1087 4809 1203 4848 amnem
1220 4807 1336 4847 carnem
1354 4790 1605 4847 tuam.Benedicat
1623 4794 1652 4847 le
1668 4792 1818 4856 Dominus,

995 4883 1070 4939 sicut
1087 4880 1231 4938 benedixit
1245 4880 1366 4936 domum
1381 4879 1570 4946 Abraham‚et
1583 4881 1705 4946 inuncet
1718 4878 1817 4945 Jacob,

994 4971 1071 5027 sicut
1087 4970 1200 5026 sanavit
1215 4968 1354 5025 Dominus
1370 4969 1524 5026 mulierem
1549 4969 1585 5024 de
1609 4969 1687 5023 lluxu
1703 4967 1820 5038 sangui·

995 5060 1096 5127 nis‚sic
1111 5060 1164 5115 liat
1178 5059 1290 5115 sanitas
1303 5058 1419 5114 Domini
1434 5076 1523 5132 super
1534 5062 1603 5123 te,ct
1615 5055 1781 5112 custodiant
1791 5060 1819 5110 te

993 5148 1088 5220 angeli
1112 5151 1140 5203 et
1164 5146 1341 5219 archangeli.
1359 5147 1492 5220 Protegat
1513 5150 1540 5201 te
1565 5150 1640 5201 Deus
1665 5142 1763 5212 lsrael,
1789 5147 1820 5199 et

993 5235 1111 5308 adjiciat
1125 5236 1281 5293 sanitatem
1297 5241 1324 5292 et
1339 5235 1585 5292 benedictionem·
1597 5232 1644 5289 hie
1668 5237 1696 5287 et
1719 5232 1749 5287 in
1769 5230 1818 5288 su-

993 5331 1059 5383 tum
1077 5324 1195 5383 saeculn

1329 5413 1395 5468 item
1410 5413 1478 5468 olio.

106 5504 248 5580 omnib-rs
263 5505 371 5580 quihus
387 5506 504 5574 dantur,
523 5509 554 5561 ut
568 5506 679 5562 sanitas
694 5505 736 5562 eis
753 5504 804 5561 llat
822 5505 852 5561 iu
876 5522 936 5574 ore,
1028 5505 1148 5563 Domine
1177 5507 1276 5560 sancte
1305 5502 1389 5558 Pater
1412 5501 1597 5575 omnipotens
1621 5505 1816 5559 eterneDens

106 5594 139 5654 in
156 5595 287 5669 naribus,
304 5595 333 5653 in
347 5594 452 5667 oculis,
469 5595 499 5654 in
516 5596 619 5671 trente,
636 5595 666 5653 in
681 5593 830 5666 verticem
850 5594 934 5665 collo,
991 5613 1044 5672 per
1057 5592 1274 5670 impositionem
1289 5606 1431 5653 manuum
1447 5594 1614 5650 nostrarum
1629 5591 1817 5669 refugiatini·
