3878 6098
50 344 115 405 813
566 333 810 394 l'llththltUM
836 332 978 395 ababli
1001 331 1281 393 etPt't‘UtAttltt.
1731 339 1792 397 sta

51 474 159 531 uitium
172 467 361 545 imperatoris
373 468 574 539 properantes,
587 465 651 521 suis
666 460 822 536 stipendiis
833 463 895 518 sint
909 464 939 530 Α
951 463 1052 534 jaceat
1072 461 1224 529 humanis,
1240 467 1345 534 postea
1369 466 1671 525 excommunicatione
1691 468 1793 540 populi

54 561 199 622 contenti.
723 604 726 611 .
955 549 1794 628 constrictus‚adultimumipsacapellaquemagiscon·

87 655 115 710 3.
134 651 173 709 Ut
183 647 288 707 nullus
299 645 442 703 comitum
455 644 625 700 arimannos
635 642 665 698 ia
678 640 821 698 beneficia
832 639 898 696 suis
954 639 1218 710 tertianamquam
1226 639 1386 699 utilitatem
1393 642 1797 716 eliquamprastatdestrua·

52 739 230 801 bominibus
245 735 370 794 tribuat.
955 731 1016 783 tur.

88 834 116 889 t.
133 829 174 887 Ut
188 825 330 887 homines
354 822 498 881 comitum
520 819 688 876 nullatenus
712 818 741 873 in
756 815 900 873 domibus
994 817 1040 872 10.
1057 815 1094 871 Ut
1108 814 1207 888 plebes
1222 816 1358 876 ecclesis
1374 819 1545 877 nullatanus
1558 822 1610 874 aut
1625 818 1794 887 comitibus,

53 921 285 978 arimannorum
301 912 463 976 resideant,
475 909 526 965 scd
542 909 645 965 domos
660 907 701 964 rei
718 904 841 977 publiea
851 903 901 959 in·
956 906 1009 959 aut
1019 902 1225 977 episcoporum
1236 904 1643 977 vassallis,autullisleiaisia
1653 906 1796 966 beneficia

53 1010 203 1074 staurent,
217 1004 321 1076 ibique
336 999 496 1057 resideant.
955 992 1138 1049 tribuantur.

88 1100 116 1154 5.
134 1082 900 1166 litsoriptoribuspublicisnullatenusinterdicatur
994 1081 1040 1137 ll.
1058 1081 1134 1138 Utin
1146 1083 1285 1140 domibus
1296 1084 1486 1141 ecclesiarum
1504 1082 1729 1154 nequemiasas,
1740 1102 1790 1144 ne-

53 1204 101 1244 res
117 1183 347 1255 arimannorum
362 1175 570 1240 transcribere,
582 1174 605 1230 si
622 1174 739 1247 quando
750 1172 792 1228 eis
807 1167 899 1227 luerit
955 1186 1014 1242 que
1028 1170 1190 1239 eomes,rel
1202 1173 1294 1245 judex
1306 1173 1390 1246 quasi
1406 1187 1459 1245 pra
1469 1171 1682 1228 cousuetudine
1693 1190 1790 1247 neque

53 1267 362 1350 opportunum.Quod
373 1266 398 1323 si
409 1263 563 1321 occasione
571 1262 681 1317 vitandi
692 1260 897 1317 exereitusaut
952 1258 1097 1330 placitum
1111 1277 1206 1333 neque
1217 1261 1379 1334 hospitium
1390 1259 1552 1325 vendicent,
1560 1259 1610 1315 sed
1621 1260 1649 1317 ia
1661 1262 1788 1332 publicis

54 1361 201 1437 placitum
213 1356 339 1414 vendita
356 1353 475 1415 luerint.
486 1355 514 1406 et
525 1350 581 1422 ipsi
592 1366 642 1405 eas
653 1349 779 1422 pendere
792 1364 896 1436 super·-
951 1347 1027 1402 vicis
1049 1348 1153 1404 domos
1178 1348 1418 1413 constituentia
1443 1345 1551 1417 quibus
1579 1346 1718 1419 placitum
1744 1355 1787 1406 te·

54 1449 200 1515 sederint,
213 1446 350 1519 exigatur
364 1442 400 1497 ab
414 1442 457 1497 eis
473 1438 729 1510 utrumqua,siaut
739 1442 806 1491 antc
817 1442 896 1490 tran·
953 1440 1054 1501 aeaut,
1071 1439 1100 1492 ct
1116 1438 1279 1494 secundum
1296 1435 1450 1507 antiquam
1466 1437 1709 1495 cousuetudinem
1720 1439 1788 1496 bas·

54 1538 262 1613 scriptionem.
950 1522 1097 1594 pilantur.

88 1631 119 1684 6.
135 1626 175 1685 Ut
191 1624 249 1699 ipsi
264 1619 411 1679 arimanni
428 1616 611 1690 frequentius
623 1631 711 1687 quma
722 1614 751 1669 in
764 1612 826 1685 lege
837 1616 894 1667 sta·
989 1612 1034 1666 12.
1052 1612 1089 1668 Ut
1104 1612 1230 1687 singula
1242 1614 1343 1688 plebes
1354 1609 1639 1686 archipresbyterum
1650 1615 1787 1675 babeant.

55 1723 156 1775 tutum
172 1718 229 1781 est,
243 1713 279 1770 ad
297 1709 438 1785 placitum
455 1708 496 1762 irc
512 1723 569 1762 non
584 1709 738 1779 cogantur,
752 1718 806 1758 nec
821 1715 896 1756 aaa
951 1698 1077 1770 Propter
1092 1703 1247 1759 assiduam
1262 1716 1334 1773 crgo
1355 1697 1453 1770 populi
1478 1700 1528 1757 liei
1548 1719 1648 1765 curam
1663 1705 1789 1781 singulis

56 1806 184 1865 mitibus
199 1818 253 1860 nec
268 1818 286 1858 a
300 1796 489 1856 sculdalisiis.
847 1852 851 1859 .
951 1783 1092 1856 plebibus
1103 1788 1381 1862 archipresbyteros
1391 1790 1789 1867 praessevolumus,quiuon

91 1899 121 1952 7.
139 1894 178 1952 Ut
192 1892 326 1949 bannum
342 1885 426 1944 missi
441 1883 585 1942 exercitus
605 1879 768 1955 imperialis
782 1877 894 1936 solum-
949 1872 1049 1929 solum
1067 1874 1197 1948 imperiti
1213 1873 1297 1946 vulgi
1320 1869 1535 1935 solicitudinem
1558 1887 1670 1954 gerant,
1685 1899 1788 1940 vemm

57 1986 150 2043 modo
164 1982 293 2055 exigant.
949 1959 1041 2015 ctiam
1058 1977 1161 2018 eorum
1177 1963 1429 2035 presbytororum,
1441 1966 1491 2037 qui
1508 1983 1559 2040 per·
1574 1968 1702 2029 minore„
1713 1969 1788 2027 tim.

93 2078 122 2131 8.
139 2073 178 2130 b't
192 2052 296 2145 pastus
311 2063 497 2140 imperatoris
522 2062 558 2117 ab
574 2058 718 2133 episcopis
735 2062 764 2115 et
778 2054 893 2112 comiti·
949 2047 994 2104 los
1005 2048 1256 2115 babitant,vitam
1264 2046 1329 2120 jugi
1339 2047 1597 2128 circumspectione
1607 2059 1784 2128 eustod‘umt,

56 2156 129 2234 bu's,
143 2160 309 2220 secuudum
326 2155 476 2228 antiquam
495 2148 735 2208 consuetudinem
753 2147 892 2202 solvatur.
947 2136 1787 2220 etquaunusquisqueiadustriadivinumopusexerceat,

56 2250 181 2323 Quodsi
193 2251 409 2319 aavammpare
425 2244 515 2298 iisaus
530 2236 687 2296 comitialis
699 2236 727 2291 in
740 2236 792 2307 jus
805 2232 895 2291 ecclc·
949 2226 1089 2299 episcopo
1115 2242 1172 2281 suo
1197 2225 1383 2285 renuntient.
1398 2230 1455 2287 Nec
1477 2234 1614 2292 obtendat
1632 2236 1788 2309 episcopus

57 2340 220 2402 siasticum
235 2351 396 2395 conversus
411 2336 466 2396 est,
482 2330 624 2402 augeatur
638 2324 819 2398 stipendium
836 2322 876 2377 im
889 2356 893 2363 ·
951 2332 1008 2370 non
1024 2330 1110 2387 egere
1127 2312 1259 2385 plebem
1274 2314 1620 2396 archipresbyteroouod
1628 2325 1653 2381 si
1663 2325 1725 2399 ipse
1733 2342 1787 2399 gu.

57 2430 173 2510 pericle
188 2428 227 2487 ab
241 2424 375 2492 ecclesia,
385 2423 472 2495 juxta
492 2417 570 2491 quod
586 2432 633 2472 res
648 2413 772 2488 publica
788 2411 898 2468 luerint
951 2406 1076 2461 bernarc
1090 2401 1201 2468 valeat,
1219 2404 1297 2476 quia
1310 2414 1353 2466 est
1367 2410 1448 2469 valde
1462 2412 1593 2483 idoneus,
1601 2415 1788 2472 deceptam„

58 2523 231 2582 minorata,
953 2499 985 2549 ui
1000 2493 1147 2567 partiatur
1163 2507 1265 2555 onera
1278 2501 1464 2570 sua‚ctsicut
1475 2503 1537 2576 ipse
1552 2503 1664 2561 matrici
1676 2509 1789 2577 praest,

95 2613 126 2670 9.
143 2608 183 2666 Ut
197 2605 293 2665 omnis
317 2597 477 2659 decimatio
500 2597 537 2653 ab
552 2594 709 2669 episcopis,
725 2591 770 2647 vel
786 2590 833 2646 bis
848 2588 899 2662 «pai
955 2582 996 2637 ita
1011 2578 1178 2656 presbyteri
1202 2590 1330 2653 praesint
1351 2591 1493 2666 plebibus,
1511 2597 1543 2649 ut
1564 2592 1594 2649 in
1619 2592 1699 2651 nuno
1719 2595 1790 2651 ritu.

63 2702 105 2761 ab
119 2717 157 2757 eo
172 2693 328 2755 substituti
344 2694 416 2749 sunt
429 2682 771 2762 praecauendumque
787 2696 850 2736 eam
867 2676 903 2733 ad
957 2673 1005 2728 bet
1017 2669 1224 2728 ecclesiastica
1242 2680 1419 2739 sollicitum),
1433 2681 1543 2740 cuncta
1565 2687 1662 2740 tumen
1678 2684 1714 2741 gd
1729 2685 1790 2759 epi.

64 2806 155 2849 suam
166 2783 322 2860 capellam,
337 2780 395 2839 nisi
408 2779 482 2835 torte
492 2773 680 2833 concessione
690 2768 906 2843 episcopiam·
960 2777 1080 2833 scopum
1098 2760 1242 2835 referant,
1254 2785 1307 2824 aec
1323 2769 1433 2844 aliquid
1451 2776 1549 2829 contra
1563 2773 1627 2844 ejus
1641 2774 1789 2831 dormtum

69 2856 907 2943 ierat.Quodsiiacissecontigerit,primumlegibussub·
962 2849 1097 2907 ordinare
1113 2862 1308 2921 presumant,

465 2969 599 3028 aiaom
618 2967 656 3024 111
675 2961 918 3113 ιιιιιιιιιιιῶιιι
934 2955 1143 3109 Queat-ist
1163 2956 1396 3022 EPISCOPAt't‘·

890 3059 918 3097 η,
990 3079 996 3093 .

104 3153 208 3212 Edidit
220 3166 256 3209 ea
269 3143 446 3205 Sirmondus
461 3133 752 3198 exauctoratione
770 3125 1032 3207 l’irduneasis.liei
1050 3131 1121 3182 acte
1135 3125 1240 3184 seriam
1256 3129 1384 3203 legimus
1400 3133 1430 3189 in
1445 3135 1599 3197 Flodoardi
1613 3143 1776 3204 Annalibus

66 3232 162 3301 atque
177 3220 266 3297 peulo
279 3216 453 3292 ampliorem
470 3213 499 3269 in
517 3208 632 3267 Rioberi
649 3203 845 3281 ilistoriarum
862 3202 936 3259 libro
952 3215 1055 3273 premo.
1779 3188 1787 3215 ι

104 3325 139 3382 ln
150 3319 273 3379 nomiae
282 3322 391 3374 saneta
402 3316 431 3370 at
441 3309 598 3368 individua
615 3303 767 3362 trinitatis.
780 3300 906 3357 Karalus
920 3300 943 3368 G
961 3299 1017 3354 Non
1033 3303 1073 3352 eat
1086 3297 1162 3352 carim
1174 3304 1290 3368 potestas
1303 3300 1363 3354 nei
1376 3317 1394 3355 ιι
1408 3302 1481 3372 eea·
1495 3310 1525 3362 et
1539 3309 1681 3371 adversus
1695 3313 1789 3371 citba·

66 3409 262 3480 uiriliustris,
276 3403 375 3462 divina
390 3399 568 3476 propitiante
583 3391 799 3451 clementiores
814 3389 906 3446 Fran·
961 3385 1033 3443 rmdi
1049 3385 1139 3441 David
1155 3385 1242 3453 dicta,
1253 3385 1303 3440 ubi
1317 3387 1353 3441 ad
1364 3386 1523 3449 Dominum
1536 3395 1686 3469 loquitur:
1699 3407 1789 3476 tmpo-

67 3518 186 3570 aoram,
195 3496 334 3556 omuibus
343 3486 572 3563 archiepiscopis
581 3480 763 3556 clepiacopis
773 3478 803 3535 in
816 3494 907 3553 regua
960 3477 1042 3533 ruisti
1054 3475 1177 3530 tomice
1186 3490 1268 3546 aupcr
1277 3476 1367 3546 capita
1381 3485 1485 3548 nostre,
1498 3483 1609 3557 quique
1620 3487 1698 3547 ultra
1710 3491 1790 3551 aba·

69 3591 161 3651 uobis
174 3605 193 3645 a
206 3586 266 3643 neo
279 3580 439 3641 commisso
463 3572 643 3639 constitutis,
658 3588 715 3645 pax
727 3572 755 3625 ct
773 3566 853 3624 salus
869 3568 906 3624 ab
961 3580 1032 3621 aum
1045 3563 1082 3618 ad
1102 3561 1239 3618 inimicas
1262 3566 1378 3619 nastros
1392 3566 1593 3645 proficiscens,
1609 3575 1791 3653 minimeque

69 3681 178 3739 eodem
194 3676 255 3733 Deo
268 3677 386 3729 eterno·
961 3651 1152 3711 reminiscens
1167 3655 1417 3708 sacramentorum
1429 3671 1553 3717 suorum
1565 3664 1651 3721 nobis
1664 3668 1789 3740 pramis·

107 3770 137 3826 1.
153 3766 230 3835 Quia
253 3761 357 3819 divine
381 3753 598 3833 propitiationis
623 3747 773 3813 beneficia,
789 3762 853 3818 qua
869 3744 906 3800 ab
961 3741 1791 3816 summasqueretrodorsumabjiciaaa‚abileiaricoiai·

71 3860 139 3934 ipsa
155 3856 193 3913 ab
210 3851 283 3928 ipsis
297 3846 468 3923 crepundiis
482 3841 593 3919 experti
610 3854 725 3909 sumus,
736 3833 908 3891 nullatenus
961 3835 1037 3892 mico
1052 3835 1151 3887 nostro
1166 3827 1346 3902 episcopium
1360 3832 1542 3903 tungrensis
1555 3838 1687 3900 ecclesis
1701 3861 1790 3919 expe·

72 3958 251 4005 enumerare
259 3933 548 4015 possumus‚idcirco
558 3922 797 3986 laudomDomiui
808 3920 908 3995 loque·
961 3924 1018 3988 tiit,
1039 3936 1151 3993 suaque
1164 3917 1352 3975 damnatione
1367 3923 1470 3977 contra
1487 3926 1589 3983 amaia
1602 3934 1713 3990 statuta
1727 3938 1788 3993 tam

72 4044 169 4095 turos
184 4046 297 4097 mcum,
312 4032 342 4084 et
355 4022 508 4081 benedicet
523 4036 629 4078 nomen
647 4019 781 4073 sanctum
796 4012 861 4081 eius
876 4009 907 4066 in
962 4026 1111 4070 sacrarum
1128 4012 1243 4081 patrum
1259 4023 1347 4080 quam
1364 4024 1466 4081 regum
1477 4011 1612 4073 videlicet
1626 4025 1792 4080 summ.

74 4123 215 4184 asculum
225 4116 327 4177 seculi.
339 4114 421 4171 Unde
432 4113 512 4186 quia,
520 4109 657 4184 pluribus
673 4100 781 4160 nostris
791 4099 907 4172 exigen-
963 4119 1027 4160 rum
1045 4102 1213 4155 nostrarum
1228 4096 1441 4171 usurpavitlie
1455 4101 1593 4172 qualibus
1609 4106 1639 4163 in
1654 4108 1730 4169 libro
1744 4129 1791 4169 re·

75 4216 160 4272 tibus
172 4206 299 4275 meritis,
312 4201 482 4261 multotiens
494 4199 616 4254 adversa
630 4205 753 4267 quaque
768 4187 910 4244 sustinui·
963 4207 1032 4264 gum
1056 4186 1209 4261 capitulari
1240 4185 1280 4241 ita
1307 4185 1415 4242 dicitur
1431 4204 1438 4243 :
1452 4186 1484 4245 Si
1504 4194 1565 4263 quis
1583 4202 1793 4271 presumpserit

77 4319 158 4370 mus,
168 4296 322 4357 credimus
333 4309 391 4350 uon
400 4290 456 4347 bac
467 4290 502 4345 ad
515 4291 620 4343 nostra
635 4276 833 4349 damnationis
848 4290 908 4332 me·
963 4296 1046 4354 pamm
1059 4293 1114 4333 non
1129 4276 1229 4331 meruit
1244 4277 1397 4349 aprincipe
1410 4278 1453 4334 ccl
1466 4282 1575 4337 seniore
1584 4283 1660 4355 jacto
1672 4286 1793 4356 dignar-

76 4392 180 4457 ritum,
189 4386 242 4443 sed
255 4384 290 4441 sd
301 4381 426 4457 gratiam
438 4395 497 4434 sue
512 4368 757 4432 reconciliationis
772 4364 857 4422 nobis
870 4364 909 4421 la
964 4378 1027 4434 cern,
1043 4366 1190 4438 arrcrilcpus
1203 4366 1346 4424 latretur.
1362 4367 1398 4422 Et
1412 4367 1516 4424 beatus
1531 4370 1705 4443 Gregorius:
1714 4376 1794 4432 Sicut

77 4474 353 4555 repermissum3ut
359 4466 481 4545 flagellis
489 4457 835 4538 ejuseruditi,diseamus
844 4469 909 4526 per·
964 4462 1013 4533 qni
1027 4459 1160 4515 invitatus
1176 4457 1277 4522 renuit,
1293 4457 1424 4527 caesitas
1440 4458 1553 4528 refacit,
1568 4460 1656 4516 sacru
1669 4468 1708 4519 cst
1720 4462 1794 4521 alte·

77 4584 163 4629 rersa
176 4577 290 4630 cavera,
302 4564 332 4618 et
341 4559 371 4615 in
382 4555 496 4614 eunctis
506 4554 570 4625 ejus
586 4545 787 4608 voluntatibus
798 4559 907 4618 perere.
963 4550 1041 4607 ribus
1055 4543 1248 4612 adinocendaa,
1264 4545 1304 4599 sic
1319 4546 1367 4616 qui
1380 4544 1453 4600 altro
1467 4546 1566 4613 ambit,
1579 4548 1619 4603 ecl
1630 4550 1680 4621 qai
1695 4552 1796 4624 impor-

76 4656 162 4717 bicut
175 4651 263 4713 vobis
276 4649 313 4706 dc
328 4644 430 4704 multis
445 4647 547 4701 notum
562 4645 616 4702 ast,
628 4653 695 4695 cum
706 4633 777 4691 olim
789 4632 909 4706 quidam
965 4649 1047 4698 tunm
1073 4651 1102 4691 rc
1130 4636 1240 4703 tremit.
1255 4632 1434 4705 proculdubio
1459 4641 1500 4690 eat
1528 4636 1711 4708 repellendas.
1724 4641 1795 4699 Nam

76 4744 175 4805 aastri
187 4738 302 4807 iidales,
313 4738 441 4793 anostra
450 4732 548 4789 debita
559 4726 695 4785 liriciitata
704 4722 911 4794 exorbitantes,
966 4730 1014 4804 qui
1038 4726 1140 4781 nititur
1162 4721 1197 4777 ιιι1
1218 4721 1321 4778 altiora
1348 4721 1516 4785 concutere,
1532 4725 1600 4796 quid
1618 4728 1748 4797 appensa·
1763 4736 1796 4786 „y

76 4836 174 4901 ritem
189 4832 221 4887 et
234 4841 359 4903 reguum
376 4822 462 4880 uobis
476 4821 589 4877 auterre
604 4814 698 4872 moliti
714 4816 793 4879 sunt,
810 4815 913 4868 euntm
966 4813 1106 4876 arcaida
1120 4809 1278 4867 decrescat?
1293 4806 1348 4865 Cur
1361 4825 1417 4865 non
1428 4812 1582 4884 eomedit,
1599 4816 1667 4887 qaia
1681 4816 1793 4873 baudi·

78 4927 150 5000 post
164 4916 305 4977 inimicos
319 4917 445 4978 nostros,
461 4909 562 4980 eisque
577 4901 760 4962 familiariter
773 4899 912 4957 iuberer·
966 4909 1020 4964 ctio
1036 4904 1080 4960 illi
1093 4905 1124 4959 ιἰι
1138 4898 1315 4955 rnoledictum
1335 4902 1512 4970 convertitur,
1526 4905 1576 4976 pai
1590 4903 1626 4961 ad
1640 4904 1689 4961 boc
1702 4912 1733 4961 at
1745 4904 1796 4976 fiat

76 5018 138 5079 tes,
154 5024 206 5065 res
220 5010 251 5063 et
263 5000 412 5078 episcopia
427 4996 519 5055 nostri
539 4992 621 5068 regni
637 4991 673 5049 ab
689 4989 763 5063 ipsis
778 4988 840 5044 dari
856 4987 912 5044 sibi
967 4995 1110 5054 paerepm
1122 4994 1303 5062 promovetur,

81 5095 310 5171 ‘⁰⁰⁰⁰Pi0fflssi·
326 5091 364 5149 Ui
378 5102 447 5161 “8⁰
461 5087 497 5142 ‘¹0
513 5083 613 5140 mustis
631 5085 792 5149 iaceamus
809 5093 912 5145 unum,
1002 5086 1029 5139 2.
1045 5080 1118 5137 Cum
1134 5076 1253 5151 quidam
1269 5077 1400 5149 pestiferi
1414 5079 1478 5147 viri,
1496 5084 1527 5136 ut
1542 5096 1633 5153 supra
1648 5094 1793 5136 memora·

83 5188 135 5263 qui
145 5183 235 5243 nobis
245 5180 353 5238 uostris
363 5175 524 5233 visceribus
535 5168 738 5245 serpentinum
749 5166 828 5222 virus
839 5166 914 5222 iniu·
966 5174 1074 5237 vimus,
1090 5186 1107 5224 a
1122 5170 1224 5224 nostra
1238 5165 1377 5222 fidelitate
1396 5167 1555 5238 deviarent,
1571 5165 1795 5225 convocavimus

82 5267 407 5347 diblfflifflfflssfflffl
421 5256 827 5339 Pffilfllssbifflubffildflissum
838 5257 915 5313 Vide·
968 5256 1203 5331 archiepiscopos
1219 5252 1358 5328 presules
1374 5257 1408 5311 16
1423 5257 1513 5312 nostri
1529 5255 1622 5329 regni,
1634 5253 1795 5312 nonnullos

80 5364 165 5433 lieet,
180 5361 233 5437 qui
249 5363 349 5416 cantra
363 5353 491 5429 regalem
506 5367 595 5425 agens
613 5349 796 5429 potestatem,
812 5350 914 5402 contra
967 5348 1056 5405 otiam
1072 5346 1215 5418 proceres,
1233 5340 1464 5411 marchiones,et
1476 5344 1610 5411 comites,
1626 5341 1798 5415 optimates.

81 5468 206 5529 quoque
229 5446 352 5522 apostoli
373 5445 461 5510 diota,
482 5441 531 5497 ubi
554 5437 685 5495 dicitur:
706 5435 791 5489 licum
813 5435 912 5503 timete,
968 5452 1035 5509 que,
1053 5439 1201 5491 uteorum
1217 5428 1350 5496 coasilio,
1367 5431 1552 5497 auctoritate,
1568 5435 1656 5503 atque
1678 5430 1797 5509 virtuts,

80 5557 178 5613 7990111
193 5536 389 5608 ''Oli‘’il'fifflftc
403 5535 451 5588 θῑῑ
470 5530 527 5585 ΝΜ
549 5534 588 5583 eii
601 5532 718 5598 pacatos
733 5523 821 5579 'iiiia
837 5528 913 5594 θέοι
968 5528 1056 5582 tante
1069 5520 1193 5578 vesania
1210 5519 1428 5577 resisteremus.
1445 5518 1598 5578 inventum
1613 5523 1667 5588 est,
1678 5524 1711 5576 ut
1726 5534 1800 5578 aava

85 5635 118 5691 a
133 5647 140 5662 ·
157 5632 214 5707 ριιι·
237 5626 364 5705 potestati
390 5621 501 5686 resistit,
527 5617 576 5674 Det
601 5612 772 5673 ordinationi
799 5614 912 5675 resistit.
968 5613 1127 5691 gibborum
1144 5625 1252 5687 genera
1267 5607 1349 5669 novis
1368 5608 1614 5669 medicationibus
1629 5610 1800 5679 secarentur
