3878 6098
44 330 110 390 445
642 325 833 390 uersibus
854 325 1063 404 CANONICA,
1087 327 1173 391 ETC.
1702 330 1761 394 bro

41 458 553 537 jussionepontificissui,religiosas
561 458 875 528 causas,eoolesiarum
890 463 918 529 Α
969 460 1014 518 ΙΧ.
1031 460 1068 518 Ut
1080 460 1180 518 nullus
1195 461 1356 535 presbyter,
1373 460 1515 519 dianonus
1530 461 1574 519 vel
1593 463 1717 521 clericus
1731 463 1761 521 in

45 551 196 621 videlicet,
212 556 263 608 aut
277 551 463 618 clericorum,
478 565 641 623 pauperum
651 547 696 606 vel
710 549 877 624 viduarum,
933 549 1049 607 dioecesi
1066 551 1245 608 constitutus
1260 551 1370 625 praedia
1383 551 1522 620 ecclesie,
1538 551 1593 609 hoc
1608 557 1763 624 estterras,

46 645 125 700 sicut
141 642 219 697 sacri
235 639 407 713 precipiunt
421 656 559 696 canones.
575 637 687 711 Siquis
711 642 879 712 contempta
933 644 1106 714 potestatem
1123 639 1231 697 habent
1244 640 1443 713 venundandi,
1451 642 1502 699 sed
1512 642 1766 717 ncocuiqunmpa.

47 733 100 789 bac
116 729 322 787 observatione
337 729 367 784 in
383 728 493 785 talibus
508 727 607 784 nausis
617 727 828 801 seimplicasse
838 728 881 784 in·
912 734 1049 786 .rentum
1066 746 1188 785 suorum
1205 729 1345 786 donandi.
1361 731 1397 787 ut
1420 730 1472 804 qui
1490 730 1545 789 hoc
1570 732 1691 805 egerint,
1708 733 1764 789 sub
1785 746 1790 756 ·

46 822 194 888 veniatur,
209 818 355 876 canonica
371 818 521 875 sententie
533 818 569 874 de
584 834 657 874 ansu
673 818 880 892 praesumptio·
933 818 1014 874 omni
1029 817 1177 875 celeritate
1193 819 1308 877 reddito
1323 819 1415 893 pretio
1426 820 1463 876 ad
1477 819 1542 877 loca
1557 837 1641 879 sacra
1655 822 1763 894 quibus

48 912 94 968 nis
108 911 273 981 subiaceat.
934 911 1113 980 competunt,
1131 911 1323 964 revertantur.
1341 909 1370 965 Si
1383 912 1481 965 autem
1492 910 1547 966 hac
1560 911 1762 968 observatione

82 1000 146 1054 vll.
163 998 202 1054 Ut
217 998 242 1053 si
258 996 306 1053 nui
321 997 467 1053 sacerdoti
490 1013 525 1052 ex
539 995 670 1069 qualibet
692 996 815 1054 muliere
829 997 879 1054 dc·
934 1001 1102 1068 contempta
1116 997 1182 1070 quis
1199 997 1253 1053 boo
1269 999 1499 1072 presumpserit,
1515 1016 1562 1056 res
1578 1001 1714 1073 proprias
1734 1000 1765 1059 in

50 1089 222 1148 nuntiatum
239 1087 337 1153 fuerit,
353 1090 385 1141 ut
399 1086 503 1143 exinde
519 1085 667 1159 suspectio
678 1085 881 1159 malaeopinio·
935 1085 1000 1158 ipsa
1015 1086 1138 1142 enclesis
1151 1087 1308 1159 relinquat,
1324 1092 1354 1144 et
1368 1088 1431 1162 ipse
1456 1089 1533 1145 toras
1557 1089 1701 1160 ejiciatur,
1729 1109 1762 1148 eo

52 1181 96 1236 uis
111 1177 269 1241 efficiatur,
286 1174 398 1232 nullam
414 1192 482 1232 cum
498 1175 562 1248 ipsa
572 1174 881 1232 habeatconversatio·
935 1177 1014 1246 quod
1030 1174 1132 1230 divina
1148 1181 1289 1248 congruat
1303 1175 1408 1234 rationi
1424 1180 1458 1232 ut
1472 1178 1522 1250 qni
1538 1178 1676 1235 ecclesias
1691 1180 1765 1236 ecci-

56 1285 135 1334 nem,
150 1282 249 1339 neque
264 1265 295 1321 in
309 1268 433 1332 secreto,
447 1281 542 1338 neque
557 1262 587 1319 iu
603 1263 745 1337 presenti:
762 1263 788 1321 si
799 1264 881 1321 dein·
936 1264 1032 1336 piunt,
1047 1264 1083 1320 ad
1106 1265 1278 1337 regendum,
1295 1283 1353 1322 uon
1377 1267 1414 1322 nd
1438 1267 1666 1341 dispergendum
1689 1269 1764 1325 aeci·

54 1375 121 1430 ceps
136 1357 276 1412 inventus
290 1352 379 1410 tuerit
393 1357 461 1426 post
475 1353 635 1409 secundam
652 1358 681 1410 ct
688 1353 804 1409 tertiam
816 1370 882 1410 oon·
936 1353 1029 1426 piant.
1047 1353 1141 1409 Simili
1158 1355 1244 1410 modo
1260 1353 1684 1429 nullamhabeantpotestatem
1695 1374 1765 1430 quo·

55 1445 254 1512 testationem,
271 1447 304 1498 ut
318 1446 511 1515 contemptor,
526 1441 635 1515 gradus
651 1442 698 1498 sui
719 1441 882 1515 pericnlum
935 1440 1101 1498 libetmodo
1115 1443 1151 1498 ad
1164 1442 1353 1500 alienandum
1366 1461 1461 1516 neque
1471 1445 1703 1502 infiduciandum
1714 1464 1765 1504 ue-

56 1534 232 1591 suhstineat.
936 1548 994 1604 que
1008 1532 1253 1601 venundandum
1271 1533 1321 1589 sed
1332 1532 1455 1589 necsine
1464 1533 1766 1608 voluntatepontificis

87 1623 163 1678 Vni.
181 1621 219 1680 Ut
235 1622 265 1677 iu
280 1619 882 1693 uullaecclesiscnjnstibetdioeceseosnbi
938 1621 982 1677 sui
999 1619 1122 1677 vicarios
1138 1621 1269 1677 dandum
1284 1627 1336 1678 aut
1350 1620 1458 1679 liberos
1473 1622 1693 1680 dimittendum.
1711 1625 1766 1692 Qui

56 1714 224 1786 baptismus
239 1711 288 1777 sit,
304 1710 456 1784 presbyter
470 1711 582 1783 absque
592 1709 715 1767 diacono
726 1727 790 1767 esse
804 1726 884 1784 repe·
937 1709 992 1766 hoo
1007 1711 1239 1783 presumpserit,
1255 1715 1288 1767 ut
1303 1711 1628 1784 superiusnensuimus,
1639 1713 1665 1770 si
1677 1713 1767 1771 habet

56 1803 155 1858 riatur.
172 1800 250 1859 Jude
263 1798 360 1856 omnis
372 1798 882 1872 presbyternonhabeusdiaconum,
940 1799 1148 1873 proprietatem
1165 1816 1261 1867 suam,
1278 1800 1358 1857 aliud
1375 1805 1490 1858 tantum
1506 1801 1691 1872 restituat;si
1708 1820 1767 1859 uon

56 1891 141 1966 eligat
157 1889 217 1947 sibi
232 1905 399 1962 personam,
416 1893 444 1944 et
460 1887 537 1961 plebi
553 1905 612 1944 sua
626 1888 805 1956 innotescat,
817 1894 887 1944 tuno
943 1887 1088 1954 babuerit,
1105 1887 1284 1961 exspoliatus
1299 1890 1437 1946 omnibus
1455 1890 1680 1963 forisejiciatur3
1697 1890 1767 1965 ipsae

58 1981 89 2035 ad
106 1975 888 2051 pontificemsuumconsignausdeducat,cujusvitam
943 1980 1040 2033 tamen
1057 1993 1104 2034 res
1119 1978 1155 2033 ad
1171 1977 1325 2034 ecclesiam
1340 1980 1426 2050 eujus
1442 1996 1488 2035 res
1497 1985 1566 2035 sunt
1576 1984 1766 2038 revertantur.

58 2070 211 2142 probatam
229 2067 343 2134 babeat,
361 2070 390 2121 et
405 2066 546 2122 diaconus
561 2069 756 2122 consecretur.
771 2067 889 2133 Quodsi
978 2066 1011 2121 X.
1024 2067 1067 2122 Ad
1083 2083 1136 2124 uos
1150 2066 1295 2138 perlatum
1310 2070 1356 2123 est
1369 2067 1769 2143 eoqundquidamconjugati

58 2155 609 2228 distuleritpresbyterdicens,eoquod
626 2155 888 2213 nonhabenttniom
943 2153 1084 2210 habentes
1099 2153 1201 2211 titulos
1222 2153 1253 2209 in
1282 2153 1391 2227 quibus
1420 2153 1594 2224 deserviant,
1619 2155 1655 2212 de
1676 2155 1769 2213 sacris

58 2242 890 2316 clericum,episoopussuusprovidenterecclesiasuasut
942 2243 1075 2300 vestibus
1091 2242 1248 2299 mulierum
1263 2242 1306 2299 vel
1319 2242 1447 2299 siliarum
1463 2258 1583 2298 suarum
1595 2248 1769 2301 ornamenta

59 2334 136 2390 unde
151 2332 279 2389 voluerit
293 2332 400 2389 bonam
414 2348 584 2405 personam:
594 2335 772 2399 tantumcst,
783 2335 816 2390 ut
826 2335 890 2390 sine
944 2332 1063 2389 saciant.
1079 2336 1108 2389 et
1127 2331 1318 2405 proprietario
1339 2333 1407 2402 jure
1422 2331 1479 2388 sihi
1502 2332 1669 2402 defendant,
1691 2335 1767 2406 quod

60 2424 184 2479 diacono
200 2439 259 2478 non
276 2421 323 2477 sit.
342 2419 555 2477 Censtituimus
570 2420 650 2477 enim
665 2422 889 2479 utdieconusin
944 2420 1303 2497 Christianishominibus
1318 2438 1371 2477 neo
1386 2420 1657 2495 loquiconvenit,ut
1672 2439 1770 2479 ressa·

59 2529 120 2569 uno
133 2509 273 2567 cubiculo
288 2527 356 2566 cum
372 2510 540 2583 presbytero
555 2510 608 2566 sno
620 2515 747 2579 maneat,
757 2511 889 2569 descrens
944 2509 1145 2583 arceretque
1162 2510 1191 2566 in
1207 2526 1290 2567 sacro
1313 2509 1377 2567 loco
1398 2512 1571 2578 offeruntur,
1596 2509 1770 2567 mulieribus

59 2602 83 2658 ei
101 2601 246 2656 bonorem
262 2604 295 2655 nt
309 2600 432 2674 dignum
445 2603 506 2668 est;
524 2603 591 2655 ante
606 2616 732 2672 quorum
743 2599 818 2656 iente
833 2600 889 2658 cle·
944 2598 1006 2656 suis
1018 2598 1214 2673 usurpentvel
1225 2598 1350 2655 filiisaut
1362 2599 1549 2672 parentibus:
1567 2600 1625 2656 etsi
1637 2599 1692 2657 hoc
1701 2617 1769 2673 pro-

60 2690 113 2746 rici
128 2686 607 2755 similimodomanerevideentur,
617 2689 891 2763 utsempsrabsque
944 2687 1046 2744 batum
1061 2688 1159 2755 suerit,
1176 2688 1362 2761 superiorum
1377 2687 1499 2744 feriatur
1513 2687 1666 2745 sententia.

58 2778 248 2852 suspectione
264 2777 333 2845 sint,
350 2781 378 2833 et
392 2778 470 2832 Deus
485 2776 669 2850 propitietur.
679 2778 741 2833 Non
750 2777 891 2836 existente
979 2776 1025 2833 xl.
1042 2776 1151 2834 Omnes
1166 2776 1338 2849 presbyteri,
1366 2777 1492 2845 diaconi,
1518 2777 1701 2849 subdiaconi,
1726 2777 1770 2835 vel

62 2869 234 2941 presbytero
247 2866 325 2921 intra
338 2866 470 2934 domurn,
480 2865 505 2920 si
521 2864 688 2938 ubicunque
703 2866 818 2934 abierit,
834 2866 893 2924 dia·
944 2869 1069 2922 cunctus
1084 2864 1179 2922 clerus
1195 2865 1246 2938 qui
1262 2866 1318 2922 sub
1333 2865 1470 2939 episcopo
1486 2882 1551 2922 esse
1562 2870 1735 2933 noscuntur,
1745 2865 1770 2923 si

62 2973 154 3013 conus
170 2959 237 3028 post
252 2955 317 3027 ejus
332 2971 484 3029 egressum
499 2954 595 3011 locum
611 2955 675 3027 ejus
697 2955 838 3026 obtineat,
853 2956 890 3012 nd
944 2970 1050 3011 causes
1065 2953 1232 3022 habuerint,
1247 2959 1277 3010 et
1291 2955 1413 3011 minime
1426 2954 1574 3027 potuerint
1589 2954 1665 3011 inter
1679 2972 1710 3013 se
1725 2956 1772 3012 de·

63 3045 284 3118 suscipiendum
299 3044 343 3100 vel
356 3043 553 3100 ordinandum
569 3044 646 3117 quod
662 3043 775 3101 utilitas
790 3045 891 3102 domui
943 3043 1078 3111 liberare,
1094 3049 1165 3100 tunc
1180 3044 1215 3101 ad
1240 3044 1408 3117 pontificem
1432 3061 1520 3100 suum
1542 3045 1716 3101 conveniant
1734 3045 1771 3102 ad

64 3140 121 3190 est:
138 3135 180 3189 ita
195 3134 316 3189 demum
332 3136 437 3189 utnon
453 3133 621 3206 presbytero
644 3149 698 3190 suo
723 3134 889 3207 superbiat;
945 3149 1066 3189 oausam
1081 3150 1166 3190 suam
1181 3133 1347 3189 dicendam.
1364 3134 1438 3190 Nam
1453 3150 1505 3207 per
1519 3132 1601 3189 nulle
1620 3133 1773 3191 saecularia

67 3240 131 3279 nam
147 3223 173 3278 si
189 3222 244 3278 hoc
255 3221 450 3288 attentaverit,
470 3222 506 3278 ab
531 3221 668 3294 episcopo
692 3238 746 3278 suo
769 3222 805 3279 de
820 3240 889 3280 oon·
904 3207 926 3274 C
941 3220 1055 3292 judicia
1069 3222 1149 3278 adire
1164 3226 1358 3294 praesumant3
1372 3223 1771 3296 etquihancpraeoeptiouem

67 3316 176 3384 temptu
192 3311 336 3383 superbia
347 3311 512 3382 judicetur:
529 3315 558 3366 et
570 3311 605 3366 de
620 3327 740 3367 necessu
762 3311 889 3369 ecclesia
918 3343 921 3348 ·
945 3312 1183 3385 contempserint,
1200 3311 1402 3384 superioribus
1417 3311 1511 3385 poenis
1527 3312 1709 3383 subjaceant,
1730 3310 1772 3366 ita

69 3401 140 3470 quod
156 3417 247 3473 supra
262 3399 891 3473 altarepouitur,seuuudecuuqueaccedere
946 3399 1022 3455 utin
1038 3399 1209 3473 poeniteutin
1228 3399 1288 3456 sint
1312 3401 1493 3457 abstinentes
1509 3418 1526 3455 a
1540 3400 1599 3455 vini
1624 3399 1771 3472 potatione

70 3494 160 3560 potest
174 3490 229 3546 sub
245 3491 400 3546 amborum
414 3488 574 3563 sigillosit3
588 3493 766 3547 ctuonunus
782 3490 891 3547 sinenl-
944 3488 988 3545 vel
1004 3489 1040 3545 ab
1056 3506 1108 3546 esu
1121 3487 1672 3561 carnium,donecadrnetropoiitannm
1682 3505 1769 3545 suum

73 3578 155 3634 terius
183 3578 289 3635 notitia
312 3579 473 3652 expendere
496 3578 546 3634 nbi
575 3579 774 3636 necessarium
803 3579 891 3636 suerit
945 3578 1095 3635 accedant.
1191 3627 1193 3632 .

76 3671 232 3737 prasumat.
