3878 6098
56 287 155 360 raras=
567 283 672 343 eritne
695 281 746 340 na
769 252 1033 340 orroraarmuu
1057 234 1266 343 haerasia.
1430 321 1433 325 -
1695 291 1781 352 rasa.

55 412 343 474 consubstantialem
365 412 416 467 tibi
435 412 605 484 l'iliunr‚qai
622 413 717 467 tactus
743 417 788 466 est
804 410 888 465 nabis
903 411 931 478 Α
946 414 1005 466 tam
1022 428 1110 467 causa
1126 411 1283 485 sepulture
1298 414 1570 488 benedixisti,etqai
1581 419 1688 490 populo
1701 422 1774 478 lsra·
1814 406 1820 412 ”

55 525 75 563 a
91 511 120 561 te
136 501 330 560 sanctificatio
346 507 374 557 et
391 500 553 574 redemptio
578 499 606 555 in
633 500 740 556 virtute
755 500 889 571 ejusdem
946 498 1062 555 helitieo
1087 501 1291 573 promissionis
1317 503 1451 560 tellurem
1481 505 1510 559 in
1527 523 1592 560 vcero
1615 507 1771 571 durantem

55 594 189 667 Spiritus
203 591 336 648 veritalis
351 589 487 646 universa
509 590 622 662 antiqui
647 589 740 644 bostis
763 586 889 644 salsitate
943 588 1125 657 concessisti,
1140 590 1318 647 famulorum
1337 593 1568 667 famularemque
1585 601 1702 651 tuarum
1713 614 1774 654 cor·

55 700 128 740 cum
147 680 324 739 satellitibus
339 680 401 736 suis
417 678 551 752 depulsa,
568 694 636 734 cam
651 676 790 732 omnibus
806 693 890 732 orna·
944 677 1064 748 poribus
1080 677 1108 734 in
1121 678 1773 756 hoecymiteriumintrantibusquietissedem

56 770 170 829 mentis
187 770 223 827 ad
247 770 346 843 ipsum
371 767 579 824 umbraculum
605 764 830 839 pertinentibus,
845 763 889 819 vel
944 765 1776 842 nbomniincursionemalorumspirituumlutelambcni·

57 861 97 916 ab
121 858 173 914 illo
196 855 430 931 dependentibus
456 859 508 911 ant
532 853 626 911 eidem
652 853 822 926 suppositis,
839 856 891 908 tua
944 870 1020 926 gnus
1035 853 1158 927 largitor
1174 856 1297 921 tribuas,
1310 861 1343 912 ut
1358 862 1421 930 post
1431 858 1775 933 animarumcorporum-

56 952 164 1005 sancta
179 945 381 1003 benedictione
404 944 579 1016 pertundere
603 947 632 998 el
652 958 832 1007 consecrare,
848 944 890 997 at
944 958 1000 1014 que
1017 943 1259 1000 resurrectionem
1275 946 1470 1003 coadunatam
1497 951 1526 1003 te
1541 948 1668 1005 donante
1684 955 1773 1024 alque

42 1042 118 1109 'quc
134 1037 169 1092 ad
187 1034 343 1090 tuitionem
359 1033 520 1106 pignorum
546 1036 781 1099 senmourmae
806 1030 889 1086 robo·
942 1031 1118 1088 concedente
1146 1033 1359 1090 beatitudinem
1387 1036 1596 1108 sempiternam
1624 1039 1772 1113 percipere

57 1125 154 1181 canda
181 1124 240 1179 sire
270 1120 494 1194 multiplicanda
519 1126 586 1177 vota
615 1119 746 1176 fidelium
770 1124 888 1175 tuorum
943 1124 1123 1178 mereantur.
1141 1122 1213 1177 alla.
1231 1123 1352 1179 Domine
1368 1124 1445 1180 Deus
1460 1128 1561 1197 pastor
1580 1131 1696 1196 eterne,
1714 1126 1779 1184 etc.'

57 1213 175 1269 diutino
191 1216 321 1284 tempore
337 1226 508 1265 conservare
524 1209 666 1283 digneris
681 1213 827 1264 annuente
839 1225 888 1263 eo·
1137 1211 1293 1268 licceat-'atio
1305 1215 1428 1285 sepulcri
1440 1221 1466 1269 cl
1481 1215 1573 1270 iocati.

60 1303 130 1357 dem
149 1301 210 1357 Dno
225 1317 279 1356 nro
295 1300 347 1356 ihu
364 1300 425 1372 Xpo
442 1298 513 1354 Filio
529 1300 604 1369 ejas.
621 1299 674 1363 Oui
700 1302 796 1354 tecum
820 1297 890 1353 vivit
978 1297 1128 1371 Rogamus
1153 1303 1181 1355 te
1204 1300 1326 1355 Domine
1351 1307 1451 1358 sancte
1475 1303 1560 1359 Pater
1576 1303 1770 1378 omnipotens

57 1398 89 1446 ct
105 1394 210 1462 regnat
226 1390 302 1445 Deus
318 1389 347 1443 in
365 1389 477 1444 unitate
489 1388 624 1459 ejusdem
646 1387 773 1460 Spiritus
795 1385 887 1441 sancti
943 1392 1048 1442 eterne
1064 1388 1150 1454 Deus,
1167 1393 1199 1443 ut
1214 1388 1344 1460 digneris
1359 1390 1529 1447 benedicere
1545 1397 1572 1448 et
1587 1394 1770 1451 sanctificare

58 1497 113 1552 per
128 1478 245 1534 infinita
259 1475 367 1533 secuta
381 1477 566 1532 seculorum.
943 1474 997 1530 hec
1012 1476 1200 1547 sepulchrum
1217 1481 1246 1531 et
1260 1477 1389 1533 loculum
1406 1477 1435 1534 in
1453 1496 1485 1535 ao
1501 1480 1721 1550 collocatum,ut
1732 1482 1771 1539 sit

57 1586 125 1642 item
139 1585 307 1641 corucerutio
322 1584 438 1638 minaris
453 1585 595 1639 itinerarii
607 1584 715 1640 ciborii.
732 1583 742 1655 Ι
758 1582 831 1655 (195)
847 1582 888 1637 Ex
942 1564 1104 1619 medium
1122 1565 1248 1621 Salutate
1273 1565 1302 1621 ΙΙΙ
1328 1583 1361 1623 ⁰0
1389 1568 1562 1638 (Ιῦῑΰῦθθῐῐὶἱ,
1578 1575 1606 1625 ei
1627 1571 1770 1628 redemtio

370 1655 435 1709 cod.
448 1654 490 1708 tb.
507 1657 580 1724 277.]
942 1652 1046 1707 anime
1062 1654 1136 1725 ejus,
1154 1659 1241 1727 atquc
1258 1654 1349 1711 tutela
1363 1660 1391 1711 et
1408 1656 1558 1712 munimen
1576 1663 1767 1716 contruserat

94 1747 220 1801 Oramus
235 1743 420 1802 dilectissimi
436 1742 650 1816 indulgentiam
675 1743 885 1815 omnipotentis
900 1775 925 1841 B
938 1740 1036 1812 jacula
1053 1741 1175 1800 inimici.
1192 1744 1256 1800 Per.

59 1834 122 1901 Dei,
145 1840 176 1889 ut
200 1832 373 1906 postpositis
398 1832 532 1887 humane
557 1831 722 1903 tragilitatis
746 1832 886 1887 admissis
975 1831 1555 1891 Atia.Sanctiliceluristudhabitaculum
1566 1835 1771 1892 DomineDeus

58 1927 206 1978 consuete
230 1920 436 1976 misericordie
458 1925 514 1975 tue
530 1936 650 1975 munere
672 1919 727 1975 hoc
743 1920 885 1992 reposito·
940 1935 992 1991 per
1007 1923 1137 2000 nestram
1162 1921 1461 1995 supplicationem,et
1476 1924 1594 1996 lugetur
1615 1925 1650 1979 ab
1665 1941 1700 1981 eo
1713 1924 1771 1982 im·

58 2012 137 2067 rium
164 2011 255 2066 sacris
280 2009 384 2065 usibus
406 2013 600 2082 preparatum
626 2024 678 2079 per
700 2009 885 2079 unigenitum
941 2009 1071 2064 mundus
1086 2010 1208 2081 spiritus
1223 2027 1273 2082 per
1287 2011 1423 2066 rirbrtem
1439 2012 1492 2067 Dni
1510 2011 1553 2067 nri
1570 2011 1772 2086 lthpi,pla·
1845 2018 1850 2026 '

57 2100 200 2166 Verbum,
213 2099 352 2154 virtutem
368 2098 480 2154 seilicet
504 2102 533 2153 et
556 2096 730 2169 sapientiam
755 2114 840 2175 suam
856 2097 885 2153 in
940 2099 1062 2171 cidaque
1086 2099 1124 2153 sil
1145 2099 1261 2172 requies
1286 2116 1440 2172 corporum
1464 2101 1494 2156 in
1521 2116 1555 2156 eo
1579 2102 1769 2173 postmodum

59 2188 175 2260 Spiritu
200 2187 441 2243 sanctificationis
463 2202 634 2244 consecrare
664 2186 808 2259 dignetur.
833 2187 887 2242 Per
940 2186 1164 2259 quiescentium.
1181 2192 1209 2243 tc
1232 2193 1411 2261 protegente,
1429 2206 1462 2245 ac
1487 2193 1675 2246 conservante
1700 2207 1764 2246 ma-

57 2278 199 2334 enadem.
217 2277 246 2332 in
263 2277 337 2332 unit.
354 2277 430 2347 ejus.
460 2313 462 2317 ν
937 2277 1044 2348 jestala
1059 2281 1109 2331 tua
1125 2277 1177 2332 lhu
1194 2277 1263 2349 Xpe.
1280 2277 1332 2342 Qui
1351 2294 1427 2332 cum.

59 2384 242 2456 Concrepatie
256 2384 396 2456 cymiterii
419 2383 471 2454 (lix
487 2384 550 2438 cod.
568 2383 655 2438 Vind.
673 2383 714 2439 th.
731 2385 794 2451 277,
820 2400 885 2438 saeo,
980 2365 1052 2422 Alia.
1065 2366 1170 2421 Adesto
1187 2367 1309 2422 Domine
1325 2366 1590 2440 supplicationibus
1604 2366 1724 2437 nostris,
1741 2371 1770 2425 at

372 2455 421 2526 (xu
438 2454 480 2509 rel
494 2457 569 2524 xm).
943 2453 1014 2509 nihil
1031 2455 1066 2510 de
1083 2458 1182 2511 nostra
1196 2457 1375 2511 conscientia
1398 2457 1644 2528 praesumentibus
1666 2457 1768 2513 insila-

96 2546 240 2600 t‘anarrtur
252 2561 290 2600 vu
304 2544 416 2616 psalmi,
431 2552 456 2598 et
479 2544 674 2599 illuminentur
700 2561 741 2598 urr
765 2543 888 2600 ccrrdctae
942 2544 992 2600 bili
1010 2545 1198 2601 miseralione
1214 2552 1264 2600 tua
1279 2547 1364 2601 nobis
1385 2562 1533 2616 succurre,
1550 2552 1583 2602 ut
1608 2548 1685 2619 quod
1710 2563 1769 2603 non

58 2635 148 2705 (196).
943 2635 1029 2689 babet
1044 2639 1212 2690 nostrorum
1228 2635 1334 2691 llducia
1358 2636 1541 2703 meritorum,
1558 2640 1675 2691 luorum
1700 2652 1769 2692 con-

95 2722 234 2795 Deusqui
246 2739 277 2777 es
288 2721 378 2777 totius
393 2721 473 2777 orbis
484 2721 619 2776 conditor
632 2725 685 2777 etc.
702 2721 774 2776 atta.
791 2719 889 2777 Omni·
943 2724 1015 2780 serat
1030 2724 1149 2797 largitas
1165 2723 1272 2779 invicta
1287 2726 1441 2781 donorum.
1460 2724 1522 2781 Per.

58 2815 167 2886 potens
182 2809 358 2883 sempiterne
373 2810 450 2866 Deus
466 2809 543 2865 trina
559 2811 698 2881 majestas
712 2814 740 2865 et
755 2809 887 2866 unaDci·
1086 2829 1239 2886 Benedictio
1254 2831 1358 2887 papum
1372 2831 1528 2888 fumaria,
1543 2831 1628 2902 (197).

58 2901 207 2969 tas‚Pater
222 2903 251 2956 et
267 2898 430 2966 ailinane
446 2916 503 2955 non
520 2899 648 2970 Spiritus
664 2898 889 2970 sanctusjusti-
1108 2903 1158 2974 (Ex
1176 2905 1301 2973 utroque
1315 2901 1403 2957 theol.
1419 2902 1472 2958 359
1486 2907 1516 2958 et
1531 2903 1606 2974 277.)

60 2991 106 3046 tie
121 2986 325 3057 auctor,venie
338 2987 616 3060 largitor,bonorum
629 2987 888 3055 dator,sunctitolis
978 2991 1152 3054 Quesumus
1173 2989 1361 3063 omnipotens
1385 2991 1462 3047 Deus
1485 2990 1689 3048 indefectivam
1714 2991 1771 3049 cle-

59 3080 153 3152 origo,
170 3077 361 3134 carismatum
378 3077 561 3146 distributor,
569 3076 760 3149 omniumque
775 3077 890 3132 venien·
944 3079 1085 3135 mentiam
1097 3084 1142 3134 etc
1159 3080 1243 3150 (198).

59 3168 135 3223 bum
152 3167 219 3240 pias
235 3169 377 3239 receptor,
391 3171 496 3238 presta
512 3166 658 3239 propitius
669 3140 927 3239 urhoocymite-(i
980 3168 1053 3224 Atia.
1071 3168 1163 3224 Deum
1188 3169 1431 3242 omnipotentem,
1448 3170 1552 3226 iratres
1575 3169 1769 3239 dilectissimi,

59 3256 138 3312 rium
154 3257 184 3311 in
198 3256 309 3311 honore
321 3255 451 3310 nominis
467 3256 507 3310 tui
525 3255 722 3327 compositum
738 3254 889 3310 benedice·
942 3259 1017 3314 volis
1030 3257 1230 3313 exultantibus
1246 3259 1446 3330 deprecemur,
1464 3263 1496 3313 ut
1511 3258 1561 3331 qui
1578 3276 1630 3332 per
1652 3274 1770 3316 omnem

59 3364 89 3402 re
105 3351 136 3401 et
150 3344 335 3401 sanctificare
349 3345 503 3409 concedas,
514 3344 566 3415 qui
581 3343 723 3399 Habrahe
737 3344 822 3400 beato
836 3361 890 3417 pa·
944 3347 1088 3402 mundam
1111 3347 1198 3402 fidem
1224 3347 1345 3419 spargit,
1362 3352 1389 3403 et
1402 3347 1555 3403 ecclesiam
1571 3347 1768 3420 congregavit,

58 3435 193 3492 triorche
210 3432 319 3490 lamule
335 3438 385 3489 luo
400 3437 535 3489 terrama
546 3431 616 3488 tiliis
631 3433 727 3489 Ehron
743 3450 892 3506 compara·
944 3435 994 3508 qui
1010 3453 1041 3491 es
1053 3435 1128 3509 lapis
1144 3436 1259 3492 excisus
1275 3436 1310 3491 de
1322 3440 1420 3492 monte
1435 3433 1768 3508 cinomanibusangula.
1791 3441 1797 3447 “

95 3559 170 3633 (195)
186 3559 314 3615 Vocatur
327 3558 618 3630 hicciborium,qu0d
632 3575 698 3614 mox
714 3557 743 3613 in
759 3558 891 3614 oratione
945 3562 1073 3617 emnium
1088 3561 1246 3631 circumque
1267 3577 1300 3615 ac
1312 3561 1380 3630 porri
1401 3561 1590 3631 precipimus.
1606 3558 1638 3615 ln
1655 3557 1770 3616 Pontifi-

58 3631 268 3704 napositorium
284 3630 466 3713 appellatur:
483 3646 552 3686 vocs
567 3646 669 3703 parum
687 3628 889 3698 differentaet,
945 3631 999 3687 cali
1022 3630 1178 3685 Christiani
1206 3576 1416 3703 nrciriepiscopi
1443 3630 1606 3704 Mogontini
1631 3647 1695 3686 sec.
1719 3646 1771 3685 xur

58 3709 92 3759 ut
106 3702 253 3770 existimo,
271 3706 387 3758 notione
403 3702 502 3757 cadem
519 3718 577 3774 qua
602 3701 631 3756 in
653 3701 775 3773 antiquo
790 3701 891 3757 ordine
945 3701 1143 3775 prescribitur
1157 3702 1320 3756 benedictio
1335 3702 1402 3756 satis
1416 3710 1441 3757 el
1455 3704 1650 3774 occecinerit
1661 3710 1687 3758 et
1701 3703 1770 3769 uici,

58 3776 193 3832 Romano
210 3775 287 3847 apud
310 3772 514 3829 Mabiltonium
540 3772 734 3828 conditorium
760 3776 889 3841 vocatur,
944 3777 1015 3829 sicat
1031 3775 1061 3828 in
1075 3775 1277 3828 ccrrsecralioae
1292 3773 1423 3829 eeclesiae.
1442 3772 1618 3828 Brevissima
1633 3777 1679 3828 est
1693 3773 1772 3845 apud

58 3846 143 3902 locus
169 3863 220 3902 seu
245 3844 409 3910 vasculum,
436 3845 466 3898 in
492 3861 549 3916 qao
573 3843 752 3899 eucharistia
773 3842 891 3899 recondi
945 3843 1187 3901 losCalalanum
1201 3842 1230 3897 in
1248 3843 1417 3898 Pontltom.
1434 3847 1455 3898 t.
1473 3842 1507 3910 ΙΙ,
1524 3861 1552 3916 p.
1568 3847 1631 3900 222.
1648 3860 1683 3899 ex
1698 3860 1771 3900 msc.

60 3917 222 3985 solebat,ul
238 3916 425 3972 blabiltonias
441 3915 769 3970 adnotavitUnderecte
783 3935 797 3969 a
811 3915 889 3970 cibo·
946 3914 1107 3983 Pontiticali
1124 3913 1257 3970 Ecclesia*
1274 3914 1772 4002 Berensisquodasserralurltome

60 3989 116 4055 rio,
134 3989 163 4044 id
180 3993 225 4044 cst
240 3986 412 4043 umbraculo
427 3985 527 4042 aitaris
541 3986 832 4058 distinguitur,cujus
844 3986 892 4041 hic
946 3987 974 4043 in
991 3985 1167 4041 bibliotheca
1182 3984 1314 4058 angelica
1329 3986 1396 4041 Ord.
1414 3985 1466 4041 ll'.
1484 3987 1774 4053 eremitarumteac-
1828 3992 1830 3997 '

60 4059 244 4116 consecratio
259 4058 455 4130 premittitur,
465 4058 543 4130 quod
557 4074 661 4130 nempe
678 4075 790 4130 pompe
805 4061 834 4113 et
848 4074 892 4113 or·
945 4058 1027 4114 (liclia
1039 4057 1191 4128 polientici,
1207 4059 1422 4122 scarensem,
1439 4062 1471 4112 ut
1486 4058 1574 4114 etiam
1591 4074 1658 4114 mox
1674 4057 1776 4114 inscri-
1792 4098 1796 4107 -

60 4135 151 4189 natus
167 4146 256 4186 causa
271 4146 360 4202 super
374 4130 465 4185 altare
488 4129 612 4212 expandi
637 4128 758 4196 solebat,
776 4132 809 4185 ut
821 4129 851 4183 P.
868 4129 890 4196 1,
946 4129 1026 4184 bitur
1039 4129 1115 4200 apad
1131 4129 1267 4184 eumdem
1284 4128 1391 4183 ibidem
1407 4128 1483 4184 Ordo
1499 4130 1571 4197 ll,ex
1582 4129 1776 4189 msaPontilt-

60 4201 193 4273 Disqnis.
210 4201 258 4265 111,
275 4217 366 4268 c.1,n.
381 4200 659 4273 9,ostend1mus.Ex
674 4199 892 4271 hismajoribus
946 4201 1000 4257 cali
1017 4198 1166 4256 Guilielmi
1183 4200 1323 4263 Durandi,
1340 4199 1390 4272 qui
1406 4199 1435 4255 in
1450 4200 1591 4256 Vaticana
1606 4200 1775 4258 biblexslat

59 4271 181 4329 ciboriis
196 4272 439 4344 pendebantque
454 4271 656 4328 hodiernousu
674 4271 892 4326 eiboriavocan·
946 4291 974 4327 n.
993 4272 1073 4331 tall.
1090 4287 1123 4326 ae
1138 4271 1179 4326 sic
1195 4270 1316 4343 incipit:
1332 4274 1497 4343 Quanquam
1510 4271 1637 4344 plerique
1651 4278 1776 4327 asserant

58 4350 120 4410 tur,
136 4344 167 4399 in
183 4343 292 4416 quibus
307 4342 486 4399 eucharistia
501 4344 575 4415 ipsa,
592 4341 634 4398 vel
658 4343 723 4424 ejus
737 4341 891 4397 vasculum
945 4344 1092 4399 curaeterii
1106 4342 1319 4398 benedictionem
1334 4344 1515 4398 aeccsmrtam
1529 4359 1585 4398 coa
1604 4357 1668 4408 erse,
1685 4334 1776 4396 (licen-

60 4433 113 4471 seu
130 4415 207 4489 pixis
218 4418 462 4488 {reservatumque
471 4413 891 4487 olimperistcrradicebnntur,
947 4423 984 4470 tes
1000 4415 1034 4469 art
1049 4415 1097 4469 troc
1107 4415 1232 4485 srrsficere
1246 4415 1377 4469 circuitus
1391 4421 1469 4468 cetra
1483 4413 1667 4476 caeterumsi
1676 4427 1774 4468 coemc-

59 4492 94 4542 ut
107 4485 127 4541 l.
146 4503 172 4541 c.
190 4484 381 4541 meminimus
397 4502 431 4541 ex
448 4489 621 4541 testamento
643 4483 730 4540 etiam
756 4485 890 4557 Perpetui
905 4512 929 4578 D
947 4489 1013 4542 terii
1027 4487 1274 4557 aspersionesque
1283 4486 1356 4554 liunt
1371 4483 1478 4564 quando
1492 4483 1605 4538 ecclesia
1621 4483 1773 4539 sedeatur.

59 4557 191 4630 episcopi
206 4556 450 4629 'turonensisqui
465 4557 543 4612 inter
558 4556 615 4610 alia
629 4555 735 4628 legavit
752 4557 891 4613 simularie
946 4559 1013 4621 Oue
1029 4556 1147 4629 quidem
1163 4555 1285 4612 assertio
1300 4555 1446 4609 veteribus
1458 4553 1775 4628 monumentisliturgi-

58 4630 218 4703 presbytem
231 4629 373 4701 capsulam
386 4645 472 4684 uitam
486 4644 656 4684 corumuaem
669 4627 702 4682 de
716 4629 811 4693 serice,
829 4631 894 4683 itant
948 4633 989 4683 cis
1000 4629 1172 4683 adversatur
1187 4625 1311 4696 usuique
1328 4622 1491 4690 recentiori,
1501 4629 1529 4680 el
1544 4623 1603 4679 anti
1627 4641 1774 4698 uozquem

79 4701 250 4767 criterium,
265 4708 292 4756 et
303 4700 454 4755 columbam
471 4707 624 4771 arpeateam
640 4697 675 4753 cd
691 4700 892 4769 repositorium.
950 4698 1075 4771 legimus
1089 4713 1178 4769 qaam
1192 4695 1574 4752 secalovritdinvetaratum
1584 4641 1776 4778 reiigioscque

58 4719 256 4827 {tuebaristie
272 4770 384 4826 scilicet
397 4770 441 4826 vel
455 4770 543 4826 ctiam
560 4769 762 4840 reliquiarum,
780 4776 812 4823 ut
832 4769 850 4825 Ι.
868 4787 893 4826 e.
949 4770 1146 4833 observatam,
1163 4772 1196 4822 at
1211 4765 1390 4822 abbatissam
1407 4767 1704 4823 monasteriiauxram
1713 4768 1777 4824 red·

62 4842 366 4913 ostendimus,estque
382 4842 525 4914 generalis
541 4840 703 4895 enuntiatio
719 4841 747 4894 in
765 4841 895 4896 oratione
950 4840 1056 4894 diderit
1070 4855 1103 4893 ac
1120 4838 1286 4909 perplexam
1303 4854 1368 4892 cunr
1382 4838 1778 4911 decerpereB.Radeguudis

63 4913 280 4971 consecratoria
295 4912 419 4968 minoris
436 4912 574 4967 itinerarii
592 4910 706 4976 ciborii,
722 4910 792 4964 dum
815 4929 895 4966 voca·
951 4913 1127 4966 Francorum
1145 4908 1252 4981 regine
1273 4912 1407 4980 ageretur
1424 4927 1434 4990 ;Ι
1448 4910 1524 4981 (laid
1547 4911 1677 4981 sociemus
1694 4907 1777 4976 (allo-

64 4992 114 5042 lur
128 4987 179 5041 boc
193 4986 383 5066 repositarium
399 4986 486 5039 sacris
503 4984 597 5038 usibus
610 4990 808 5053 preparatum.
950 4981 1051 5108 quitur
1066 4983 1093 5036 S.
1113 4980 1284 5051 Gregorium
1302 4980 1411 5035 Traron.
1428 4997 1492 5053 rpso
1507 4985 1580 5036 leste
1600 4981 1629 5035 in
1654 4979 1727 5034 libro
1742 4979 1777 5036 de

100 5055 334 5128 (ructuantium
356 5055 391 5109 de
417 5053 620 5126 premittenda
644 5069 721 5124 aqua
743 5053 896 5108 benedicta
964 5052 1047 5107 'laria
1062 5051 1187 5107 consess.
1205 5067 1229 5105 c.
1249 5051 1321 5115 tlibi,
1338 5052 1363 5105 si
1379 5053 1467 5122 episco
1505 5053 1610 5107 curtis
1624 5067 1678 5106 aea
1695 5050 1777 5106 artae·
1800 5072 1802 5077 ’

65 5144 155 5200 quam
172 5126 339 5182 Pontiticale
352 5125 467 5197 Egberti
485 5124 721 5190 Eboracensismt
736 5123 895 5195 aliaplera-
949 5126 1044 5179 uerit?
1058 5124 1123 5196 quia
1139 5123 1211 5177 locas
1226 5122 1274 5177 illc
1288 5123 1317 5177 ia
1334 5139 1385 5193 quc
1399 5139 1459 5195 sepe
1473 5125 1510 5179 iri
1523 5123 1599 5178 debet
1612 5138 1667 5177 acu
1680 5130 1719 5177 cst
1731 5138 1777 5177 sa-

65 5215 123 5271 que
137 5198 238 5254 omnia
252 5196 428 5269 prescribit:
444 5197 578 5252 Primitus
593 5212 742 5268 clamaque
758 5196 896 5251 benedicta
949 5195 1078 5251 cerdetati
1094 5194 1277 5250 treacrtirtieae
1291 5203 1423 5249 samalus.
1696 5199 1707 5217 ⁸

64 5272 206 5342 episcopus
220 5285 282 5324 cum
296 5269 404 5324 clericis
424 5271 484 5324 suis
507 5267 677 5322 circumdare
700 5266 796 5322 deleat
817 5284 896 5323 ocriae
986 5268 1061 5338 (rm)
1076 5266 1147 5321 Ven.
1165 5265 1241 5320 Beda
1256 5269 1339 5320 vocat
1353 5263 1479 5320 tabulam
1494 5265 1659 5320 allarisrice
1673 5262 1801 5322 dedice>

64 5342 249 5398 marium
260 5356 323 5395 euru
335 5340 442 5411 psalmo
457 5339 594 5395 Miserere
608 5338 665 5393 mei
679 5336 766 5398 Deus,
782 5344 808 5392 ct
821 5340 895 5393 arati·
951 5347 1007 5393 lam
1019 5339 1048 5393 in
1065 5337 1139 5392 Hist.
1156 5335 1240 5409 Angl.
1258 5335 1307 5390 lib.
1325 5353 1352 5404 v,
1369 5352 1394 5391 c.
1412 5335 1502 5401 tane
1517 5335 1633 5392 duobus
1648 5333 1779 5393 Ewaldis

176 5413 321 5485 Asperges
345 5409 538 5477 mastusia
561 5408 689 5465 Calistus
716 5408 739 5463 ΙΙ
757 5407 785 5462 Ρ.
803 5407 841 5463 Μ.
859 5409 895 5464 ad
950 5410 1084 5482 loquens,
1102 5407 1151 5480 qui
1171 5409 1201 5463 in
1226 5406 1328 5463 itinere
1352 5405 1501 5462 constituti
1527 5407 1704 5465 sacrificium
1720 5405 1779 5465 Dee

96 5484 313 5540 atisconensem
326 5486 356 5539 et
370 5480 602 5537 Cabillancnsem
619 5479 815 5551 episcopesde
827 5496 894 5534 con·
950 5481 1075 5536 victime
1090 5477 1248 5534 Salvatoris
1267 5477 1427 5533 atterebant
1443 5477 1583 5549 quotidie.

67 5554 228 5610 secretione
243 5553 380 5609 altarium
393 5559 421 5606 et
436 5552 592 5608 cmnrclerii
607 5551 821 5607 'l'renortiensis
833 5567 894 5607 mo·
986 5553 1059 5620 (lea)
1077 5550 1175 5606 Oratio
1189 5550 1249 5605 hec
1265 5550 1293 5604 in
1309 5548 1411 5604 eodem
1427 5549 1491 5606 cod.
1517 5553 1583 5622 post
1607 5548 1664 5606 alia
1682 5549 1800 5623 posita¹

68 5627 189 5683 austerii
206 5625 329 5682 scribit:
349 5626 456 5680 Allaria
472 5626 701 5690 correerarimas,
714 5625 897 5680 caemeterium
950 5621 1122 5680 inscribitur
1134 5623 1265 5696 prefatio
1285 5619 1389 5679 totale
1412 5621 1568 5680 itinerariae
1592 5624 1696 5678 celera
1721 5635 1782 5680 res-

70 5696 268 5765 benetitcimur,
295 5697 388 5769 itique
415 5711 515 5770 aquam
544 5693 712 5753 terrcdiclam
739 5693 894 5771 secedentes,
951 5694 1092 5771 pandent.

231 5823 366 5889 raetos.
392 5822 575 5888 cxxxuu.
1179 5832 1181 5836 ’
1597 5791 1664 5881 ss
