3878 6096
109 264 169 325 999
534 261 700 323 ΑΡΡΕΝῘ).
724 261 775 321 ab
798 262 892 323 SAEC.
916 262 952 322 X.
969 292 1006 305 -
1022 259 1151 322 OPERA
1175 274 1376 325 lassuotrus.
1754 258 1815 322 300

110 401 206 469 necat,
223 396 248 453 si
261 395 481 453 destruentibus
497 412 553 451 non
570 395 695 451 resistat.
707 393 848 450 Comitem
861 394 932 450 Wil-
948 395 974 461 Α
989 391 1056 448 bilis
1081 392 1163 448 bona
1189 391 1337 448 memoria
1364 390 1448 464 Hugo
1472 391 1670 464 predecessor
1682 406 1758 449 suus
1777 392 1815 451 ad

111 486 245 559 lehuum,
262 484 464 559 quiposteain
475 482 626 540 carthusia
639 482 934 556 religionishabitum
989 481 1411 537 bonumcommuncsratrum
1441 497 1530 554 super
1554 497 1691 539 mensam
1721 483 1818 540 suncti

111 575 253 648 suscepit,
269 575 397 631 vocando
410 572 439 628 in
454 572 630 637 causan1,ad
648 571 702 627 hoc
713 571 937 644 canonicojudi-
991 569 1130 644 Stephani
1147 586 1335 643 permenam
1350 569 1482 642 ejusdem
1497 568 1721 644 protomartpuis
1732 571 1820 629 deda·

112 665 157 721 aio
172 663 276 737 coegit,
291 660 561 720 utmullaecolasiae
572 660 814 728 suarcstituerct,
828 660 938 733 quade
992 662 1047 729 rat,
1064 659 1140 731 quod
1157 663 1186 714 et
1200 658 1372 715 auctoritate
1400 657 1511 714 summi
1533 656 1681 731 pontilicis
1706 664 1738 717 et
1764 676 1820 719 sua

107 753 176 825 jure
186 752 393 809 canonicorum
404 749 533 807 ecelesia
543 766 602 805 sua
615 747 938 805 fuerant:multaetiam
992 748 1200 804 confirmatum
1225 748 1290 804 luit.
1315 748 1459 805 Redditus
1473 746 1654 821 episcopales
1667 747 1699 805 in
1716 748 1820 809 multis

114 843 149 899 ad
162 841 209 913 ios
220 841 384 915 episcopale
398 838 584 913 pertinentia,
602 854 665 909 quae
676 837 755 893 idem
766 855 863 895 comcs
874 856 939 911 pro·
993 837 1127 903 emendo,
1137 836 1322 904 invadiando,
1329 841 1460 910 tempore
1468 835 1689 909 suoampliavit,
1696 838 1819 899 domum

114 933 178 1004 pter
191 930 336 988 delectum
347 929 472 1002 justitiae
499 925 720 1000 predecessoris
745 926 791 982 sui
808 927 836 983 in
853 944 938 984 suam
993 942 1110 999 quoque
1125 926 1280 998 cujusdam
1297 924 1414 994 militis,
1431 943 1494 998 qua
1510 925 1615 982 subtus
1628 932 1820 985 murumsrat

115 1020 266 1092 redegerat
280 1021 464 1091 potestatem.
993 1019 1022 1071 et
1038 1013 1127 1070 nimis
1151 1015 1317 1087 propinqua
1345 1014 1446 1071 domui
1469 1012 1639 1087 episcopali,
1665 1031 1757 1088 quam
1782 1016 1819 1075 ds

151 1106 202 1163 lllo
217 1107 531 1179 itaquetemporeusus
547 1103 685 1172 nemoris,
699 1105 777 1176 quod
790 1104 941 1161 Mousbar-
994 1102 1091 1159 media
1106 1108 1189 1159 nocte
1203 1103 1234 1158 in
1245 1103 1322 1175 jocis
1337 1102 1509 1175 garcionum
1519 1105 1548 1158 ct
1565 1102 1742 1160 ancillarum
1758 1121 1818 1161 suaa

117 1195 141 1251 ri
152 1195 268 1267 dicitur,
284 1194 434 1251 canonicis
450 1194 527 1250 beati
541 1193 683 1265 Stephani
698 1197 742 1250 est
757 1193 939 1263 redditus,ob
993 1193 1099 1248 domus
1114 1191 1243 1264 quietem
1260 1191 1385 1247 nimium
1400 1190 1513 1248 solebat
1527 1191 1676 1261 intestarm
1692 1193 1729 1249 dc
1743 1192 1821 1251 laica

117 1300 206 1356 quem
217 1301 304 1340 usum
316 1300 385 1357 pars
394 1283 530 1356 quaedam
543 1282 672 1339 nemoris
686 1287 731 1338 est
738 1282 886 1340 canonicis
896 1300 941 1340 as·
997 1298 1088 1337 manu
1108 1284 1237 1354 emptam
1253 1281 1283 1336 in
1293 1281 1345 1353 jus
1360 1279 1524 1354 episcopale
1533 1281 1686 1355 transegit,
1698 1282 1821 1341 domum

118 1375 235 1448 signata
249 1390 265 1428 a
280 1372 341 1428 filio
356 1373 489 1444 ejusdem
501 1371 627 1437 comitis,
639 1387 706 1426 cum
725 1370 755 1426 in
774 1373 876 1428 eodem
889 1388 940 1427 ne·
994 1386 1111 1442 quoque
1127 1373 1193 1425 ante
1205 1371 1330 1442 januam
1346 1385 1443 1440 suam,
1460 1372 1560 1442 utpote
1574 1367 1704 1425 multum
1718 1370 1822 1428 domui

118 1479 199 1519 more
215 1460 285 1517 villa
299 1478 373 1517 nova
398 1461 600 1516 adificaretur.
625 1460 814 1516 l'enationem
840 1462 940 1530 etiam,
993 1458 1151 1531 episcopali
1168 1458 1362 1515 necessariam
1383 1457 1572 1530 comparavit,
1588 1458 1669 1513 dedit
1691 1458 1822 1518 ecclesio

118 1568 208 1623 quam
223 1566 322 1606 comes
338 1567 389 1622 per
404 1566 524 1605 nemora
533 1566 588 1605 sua
597 1549 632 1604 ad
644 1548 807 1622 episcopale
812 1550 864 1621 jus
875 1566 940 1622 per·
994 1548 1089 1604 sancti
1104 1548 1244 1620 Stephani
1258 1546 1375 1604 vadium
1391 1547 1546 1619 cujusdam
1563 1546 1692 1604 nemoris
1708 1548 1738 1604 in
1763 1564 1822 1609 nn

119 1641 214 1696 tinere
227 1639 361 1712 negabat,
379 1638 568 1711 recuperavit,
585 1642 614 1693 et
626 1639 699 1693 utde
714 1639 840 1710 hoajure
850 1638 941 1695 eccle·
994 1636 1090 1704 libris,
1105 1641 1133 1692 et
1151 1635 1304 1692 ecclesiam
1333 1636 1370 1691 de
1394 1635 1555 1691 Landriaco
1585 1636 1615 1692 in
1646 1637 1822 1695 memoriam

121 1730 166 1785 sia
180 1730 343 1787 remaneret
355 1727 500 1795 investita,
517 1726 579 1800 ipse
594 1730 724 1800 tempore
735 1745 788 1782 suo
799 1733 828 1783 ct
855 1744 940 1783 vcna—
955 1762 979 1828 B
995 1725 1091 1782 obitus
1107 1725 1217 1783 suillst
1231 1724 1399 1793 autemdios
1410 1724 1509 1781 obitus
1522 1725 1588 1797 ejus
1601 1742 1620 1782 v
1636 1726 1706 1783 ldus
1720 1726 1822 1787 octob.

120 1823 197 1874 tores
207 1821 236 1873 et
249 1832 337 1871 canes
347 1815 459 1881 habuit,
470 1814 706 1887 frequentissime
716 1814 886 1888 precipiens
897 1833 941 1872 ac·
996 1819 1024 1871 et
1039 1815 1069 1870 in
1085 1815 1171 1871 domo
1184 1812 1410 1880 Pontiniacensi‚
1423 1830 1487 1885 qua
1498 1814 1628 1887 primum
1638 1813 1744 1871 habuit
1753 1816 1821 1873 lua·

122 1906 195 1972 nari,
212 1908 240 1961 et
254 1905 309 1961 sub
338 1902 431 1959 oeulis
449 1902 565 1958 comitis
580 1919 631 1975 per
654 1903 781 1958 mediam
795 1903 941 1960 civitatem
996 1903 1145 1960 dationem
1159 1903 1195 1959 de
1208 1902 1310 1959 ordine
1325 1901 1508 1959 Cisterciensi
1521 1901 1557 1970 io,
1567 1902 1738 1977 episcopatu
1762 1906 1821 1963 An·

122 2012 189 2052 cum
204 1992 328 2049 canibus
360 1995 389 2047 et
414 1990 512 2047 debito
541 1990 677 2064 clangore
694 1991 878 2047 venationem
905 1993 942 2049 ad
996 1990 1246 2059 tissiodorcnsi,in
1258 1995 1351 2064 quaet
1360 1990 1424 2064 ipse
1433 1991 1548 2064 primus
1558 1991 1708 2049 exstiterat
1717 1993 1821 2065 abbas,

122 2084 221 2139 sedem
246 2076 442 2153 episcopalem
473 2078 588 2146 deterri,
618 2078 691 2144 Quid
708 2079 820 2136 multa?
836 2080 943 2137 adhoc
997 2080 1134 2138 assecula
1149 2079 1295 2153 migravit,
1312 2084 1340 2137 et
1354 2080 1385 2135 in
1398 2079 1521 2151 ecclesip
1543 2080 1761 2139 pontiniacensi
1776 2100 1822 2141 sa·

122 2169 280 2244 prudentia
291 2171 319 2224 et
332 2168 411 2240 rigor
422 2167 544 2240 justitias
559 2184 618 2222 suoe
637 2184 739 2224 omnes
758 2168 943 2241 episcopatus
998 2169 1121 2242 pultare
1131 2169 1228 2225 locum
1242 2167 1361 2225 invenit.
1373 2168 1562 2225 Soditautem
1573 2164 1651 2226 circa
1662 2186 1759 2228 annos
1779 2172 1821 2229 ll.

122 2259 167 2317 sui
179 2261 313 2332 potentes
321 2256 514 2328 compulerat,
524 2260 557 2311 ut
565 2256 751 2328 presentium
760 2273 844 2314 suam
855 2257 945 2315 hono·
998 2263 1027 2314 et
1039 2257 1151 2314 vacavit
1165 2256 1351 2331 episcopatus
1363 2273 1545 2330 perannum,
1555 2262 1585 2314 et
1595 2275 1613 2314 a
1625 2258 1742 2317 lestoB.
1758 2259 1825 2319 llio·

123 2352 232 2416 rorent,
242 2345 407 2402 absentiam
416 2345 565 2411 timerent,
575 2344 728 2415 etinjicere
738 2362 844 2402 manus
856 2347 885 2402 in
897 2363 944 2403 res
998 2347 1072 2422 nysii
1089 2364 1182 2420 usquc
1197 2348 1234 2403 nd
1249 2347 1406 2403 adventum
1422 2346 1547 2402 Domini.

122 2432 944 2507 ecclesiae,rigoromejusbuboculishabentcs,praesumo-
1218 2435 1286 2491 Car.
1304 2434 1374 2490 LVl.
1390 2435 1476 2491 -lle
1494 2435 1595 2491 Aleae.

124 2541 219 2581 renen
229 2523 371 2579 auderent
387 2520 519 2593 Cumque
534 2520 683 2577 multoties
691 2522 842 2579 castellani
850 2527 878 2579 et
893 2542 944 2598 po·
1033 2525 1142 2582 Alanus
1154 2524 1245 2581 abbas
1256 2523 1291 2579 dc
1302 2524 1416 2596 ltipato,
1428 2523 1547 2580 natione
1558 2522 1760 2597 Flandrensis,
1777 2528 1824 2586 uir

122 2612 261 2671 tentiores
271 2612 306 2668 ad
322 2626 406 2667 suam
420 2609 605 2683 presentiam
615 2611 833 2686 venientes,pro
846 2612 943 2670 indul·
997 2612 1162 2687 religiosus,
1178 2612 1253 2669 rexit
1267 2613 1468 2685 episcopatum
1485 2614 1516 2668 ll
1532 2612 1628 2681 annis,
1644 2619 1673 2671 st
1687 2616 1823 2675 redditus

121 2698 945 2776 gentiaalieujuscommissirequirendaetgenullexopre·
997 2700 1218 2777 episcopalesin
1234 2700 1824 2775 multisaugmentavit.hpudvarziacum

122 2789 409 2858 ceslundcrent,non
421 2786 943 2861 statimillisresponsumdabat,imo
997 2791 1028 2846 in
1042 2796 1123 2848 turre
1138 2795 1167 2847 et
1179 2791 1208 2847 in
1225 2790 1291 2847 aliis
1313 2789 1396 2858 locis,
1413 2788 1507 2845 multa
1517 2791 1547 2845 in
1559 2792 1826 2853 Vadimonioaoca·

122 2880 211 2937 etiam
226 2875 493 2951 aliquandooculos
508 2893 578 2932 suas
591 2877 628 2932 ab
643 2876 686 2933 eis
699 2876 852 2935 videbatur
866 2896 945 2937 aver·
998 2879 1049 2953 pit.
1067 2880 1099 2936 ln
1113 2878 1188 2936 valle
1202 2877 1318 2952 capella
1333 2877 1427 2936 sancti
1446 2879 1569 2935 andree
1594 2880 1716 2938 domum
1731 2884 1826 2956 petri·

122 2974 193 3039 tere,
205 2984 263 3024 non
274 2970 392 3041 propter
402 2965 583 3037 superbiam,
594 2965 638 3022 vel
649 2965 881 3040 indignationem
892 2970 943 3027 sed
998 2986 1066 3025 nam
1082 2969 1243 3026 odillcavit:
1254 2968 1332 3041 apud
1343 2967 1503 3040 Gogiucum
1512 2968 1665 3042 mangana
1674 2971 1824 3043 petrinam

123 3056 261 3115 nenimia
275 3054 511 3126 humilitasque
522 3053 632 3110 talibus
645 3055 758 3128 placere
769 3074 825 3114 non
836 3063 942 3131 potest,
962 3058 969 3069 '
997 3062 1025 3114 et
1040 3056 1147 3131 tegulis
1160 3061 1277 3125 tectam,
1291 3060 1320 3112 et
1332 3057 1435 3112 domos
1450 3056 1486 3111 nd
1502 3058 1683 3115 manendum
1694 3074 1764 3117 cum
1779 3076 1826 3119 oa·

124 3147 154 3202 in
169 3144 266 3218 gladio
281 3143 357 3201 Petri
372 3142 487 3199 timoris
497 3143 644 3200 minueret
659 3146 859 3204 reverentiam.
959 3128 981 3195 C
998 3146 1218 3220 pcllaedisscari
1229 3145 1368 3202 etsineas
1378 3144 1503 3218 plantari
1514 3145 1730 3221 lecit.Capitulo
1741 3149 1825 3207 dedit

159 3234 231 3290 Cnm
247 3233 337 3306 igitur
352 3233 428 3288 inter
442 3236 560 3288 cataras
588 3233 721 3301 virtutes,
751 3252 825 3307 quas
850 3236 945 3309 gratia
997 3251 1052 3291 xxx
1067 3235 1177 3292 solidos
1185 3233 1337 3291 censuales
1352 3235 1382 3289 in
1397 3233 1519 3290 ecclesia
1529 3235 1566 3291 de
1576 3235 1707 3293 llscoliva
1718 3236 1824 3297 nibilo-

124 3324 180 3381 sibi
195 3321 368 3391 contulerat,
392 3319 620 3394 hospitalitatem
645 3321 774 3395 primum
790 3325 944 3383 aDomino
998 3325 1107 3393 minus,
1124 3328 1154 3380 et
1168 3323 1247 3380 dedit
1261 3322 1415 3378 ecclesiam
1431 3325 1467 3379 de
1482 3321 1637 3380 Lindriaeo
1652 3341 1722 3383 cum
1744 3344 1824 3400 praa·

123 3412 154 3468 in
168 3410 333 3484 Evangelio,
349 3415 449 3483 postca
477 3426 529 3483 per
556 3410 741 3483 Apostolum,
767 3412 944 3487 intelligeret
997 3412 1159 3472 scotatione
1174 3411 1327 3485 capellani:
1343 3412 1379 3467 ad
1394 3417 1602 3469 ornamentum
1616 3430 1684 3471 voro
1693 3414 1826 3473 ccclesias

123 3500 284 3574 plurimum
308 3499 555 3567 commendatam,
571 3499 633 3572 ipss
659 3517 718 3556 nan
742 3501 851 3558 oblitus
863 3501 943 3560 illius
998 3502 1074 3560 beati
1087 3500 1227 3575 Stephani
1242 3499 1425 3576 deditpallia
1440 3501 1498 3556 duo
1511 3501 1624 3574 optima
1635 3507 1665 3559 et
1680 3503 1717 3559 ad
1733 3504 1825 3561 servi·

120 3588 402 3663 rcrbi,quodinsua
418 3587 591 3661 promiserat
611 3590 943 3664 consecrationc(hospi·
996 3593 1071 3648 tium
1082 3591 1214 3663 ejusdem
1226 3588 1733 3663 librumquadragintahemiliarnm
1743 3592 1825 3651 beati

120 3679 187 3737 talis
202 3676 565 3742 voloesseldomumsuam
577 3676 753 3750 hospitalem
762 3694 827 3735 essa
837 3679 940 3737 voluit.
997 3679 1126 3754 Gregorii
1142 3678 1215 3735 satis
1230 3678 1377 3751 eleganter
1391 3676 1533 3751 scriptum
1543 3683 1571 3734 et
1583 3683 1738 3751 ornatum
1755 3679 1823 3741 allia

120 3768 201 3825 Unde
212 3771 241 3824 et
249 3766 407 3840 quemdum
416 3782 589 3822 conversam
598 3767 634 3822 de
642 3766 811 3825 Pontiniaco
818 3785 943 3841 praesse
996 3770 1084 3826 etiam
1099 3767 1230 3825 ecclesiis
1250 3766 1569 3841 antissiodorensibus,
1584 3771 1644 3825 tam
1658 3769 1690 3826 in
1700 3768 1826 3829 redditi·

118 3856 271 3914 constituit
284 3855 384 3912 domui
399 3872 469 3923 sua,
495 3853 547 3928 qui
563 3860 624 3912 tam
638 3862 779 3929 presente
789 3874 878 3929 quam
890 3859 941 3915 ab·
996 3860 1051 3915 hus
1066 3874 1155 3931 quam
1170 3856 1200 3911 in
1215 3854 1283 3912 aliis
1301 3855 1460 3925 beneficiis,
1482 3855 1577 3913 multa
1591 3858 1824 3919 misericorditer

117 3951 199 4002 sente
214 3945 351 4017 episcopo
365 3959 483 4016 semper
492 3943 623 4017 hospites
637 3949 756 4017 paratus
771 3951 848 4002 essct
871 3946 942 4003 reci·
995 3947 1128 4015 contulit;
1138 3943 1313 4018 quamplura
1323 3945 1412 4001 ctiam
1422 3945 1659 4018 dignamemoria
1670 3949 1823 4023 etacripto

117 4049 195 4106 perc,
225 4036 254 4088 et
278 4031 424 4105 praecipue
453 4032 604 4089 universos
631 4032 743 4090 ordinis
764 4034 821 4104 sui,
837 4035 887 4107 qui
903 4036 940 4092 ad
995 4036 1024 4091 in
1040 4034 1194 4109 epicopatu
1208 4032 1656 4107 operatusest,quononculpa,
1671 4034 1822 4111 sedigno·

116 4118 940 4193 suamdomumdeclinarentoausohospitandi.Studium
994 4125 1089 4180 rantia
1104 4122 1254 4196 scriptoris
1269 4122 1374 4179 litteris
1388 4122 1528 4179 adnotata
1543 4138 1601 4179 non
1615 4123 1747 4182 luerunt.
1767 4124 1821 4185 llis

117 4210 205 4266 ctiam
240 4209 329 4281 hujus
369 4210 431 4263 erat
459 4207 523 4264 loca
552 4207 689 4282 religiosa
721 4227 836 4283 semper
864 4213 939 4269 tueri
993 4229 1061 4269 eum
1077 4213 1107 4268 in
1122 4211 1290 4285 episcopatu
1306 4210 1821 4285 Deaethominibusplacenslauda·

116 4304 145 4356 et
187 4316 276 4356 manu
319 4302 427 4365 tencre,
456 4300 485 4354 ct
526 4297 587 4353 solo
629 4297 732 4354 habitu
769 4299 940 4372 religionem
994 4301 1239 4358 biliterllannis
1257 4300 1386 4370 vixisset,
1417 4299 1668 4358 sollicitudinibus
1681 4304 1712 4359 et
1737 4302 1820 4361 curis

116 4389 329 4462 pretendentes
345 4386 382 4442 ad
406 4385 556 4459 roligionis
571 4386 733 4457 veritatem,
750 4388 798 4444 ubi
814 4389 940 4447 facultas
994 4388 1643 4462 mundanis,quibuspriusabrenuntiaverst,
1656 4390 1820 4451 scamnino

117 4478 251 4546 dabatur,
269 4477 437 4534 relormare.
456 4475 535 4533 Unde
562 4479 591 4530 et
619 4473 646 4529 in
672 4476 799 4547 quadam
815 4478 977 4560 ecclesian
992 4496 1096 4536 exuere
1111 4477 1221 4546 volens,
1241 4477 1442 4552 episcopatum
1472 4478 1640 4552 resignavit,
1669 4484 1699 4535 et
1715 4478 1822 4537 relisis

115 4564 375 4633 Autissiodorensi,
391 4582 454 4638 que
470 4564 500 4619 in
524 4563 665 4620 honorem
680 4563 834 4622 Genitricis
857 4566 940 4623 Deis
994 4569 1088 4626 activa
1098 4566 1396 4641 vitacontemplative
1408 4584 1438 4623 se
1451 4568 1710 4640 prorsustradens,
1723 4567 1822 4627 Class-

116 4658 216 4711 sancto
231 4654 335 4727 Vigilio
350 4654 561 4727 predecessore
576 4670 629 4709 suo
645 4659 726 4710 extra
746 4671 847 4711 muros
869 4655 939 4711 civi·
993 4657 1097 4714 vallem
1114 4657 1196 4728 adiit,
1204 4656 1304 4729 ibique
1313 4655 1631 4715 intersthletasChristi
1640 4658 1820 4733 martyrium

115 4743 184 4800 tatis
200 4744 320 4800 lundata
334 4748 406 4809 erat,
423 4743 592 4817 religionem
603 4744 638 4800 de
650 4743 873 4802 Prnmonstrato
884 4763 939 4802 sua
993 4748 1039 4803 sui
1050 4745 1190 4818 temporis
1200 4761 1357 4818 aggressus
1364 4744 1499 4816 jejuniis,
1511 4745 1706 4813 orationibus,
1721 4745 1824 4805 lectio-

114 4832 286 4888 auctoritnte
301 4848 368 4887 cum
384 4831 491 4888 auxilio
508 4832 624 4890 comitis
637 4832 685 4905 pia
701 4834 851 4890 devotione
867 4850 938 4890 oon·
992 4835 1090 4903 nibus,
1106 4838 1195 4906 atque
1217 4833 1283 4889 aliis
1302 4832 1455 4888 charitatis
1470 4833 1608 4906 operibus
1627 4832 1822 4891 solummodo

113 4921 218 4989 stituit,
233 4920 293 4977 illis
319 4920 467 4977 canonicis
482 4922 518 4977 ab
529 4919 651 4978 ecclesia
667 4923 797 4993 remotis,
810 4941 936 4996 quorum
990 4940 1107 4990 vacans,
1121 4923 1177 4978 linc
1193 4926 1226 4977 ut
1236 4921 1383 4977 credimus
1408 4921 1492 4977 beato
1508 4921 1537 4977 in
1561 4920 1681 4978 domino
1695 4920 1821 4995 quieuit.

113 5011 293 5067 conversatio
304 5010 404 5065 nrinus
413 5015 474 5064 erat
485 5010 617 5066 honesta.
630 5010 761 5082 Denique
772 5029 838 5067 cum
851 5014 936 5070 inter·
990 5010 1068 5069 Ollit
1088 5016 1187 5067 autem
1203 5028 1220 5066 v
1233 5011 1301 5066 Idus
1317 5009 1449 5067 Octobris
1464 5014 1494 5066 et
1506 5010 1640 5083 sepultus
1653 5014 1700 5066 est
1717 5008 1819 5067 Cisra·

112 5101 266 5156 universos
282 5098 436 5155 Gallicano
453 5096 584 5153 Ecclesiae
596 5097 784 5171 coepiscopos
790 5101 935 5175 praecipue
989 5100 1084 5156 vallis:
1096 5099 1241 5172 procujus
1251 5097 1449 5154 anniversario
1460 5097 1630 5155 solemniter
1640 5098 1821 5157 celebrando

113 5186 277 5246 honestatis
302 5191 332 5244 et
352 5184 451 5259 magni
477 5184 592 5241 consilii
608 5202 661 5258 pro
675 5193 752 5242 certo
768 5187 934 5261 sapientum
990 5187 1131 5262 magister
1139 5188 1221 5244 Abho
1233 5188 1296 5259 ejus
1312 5186 1436 5242 clericus
1447 5186 1519 5243 emit
1539 5188 1568 5243 in
1585 5186 1766 5245 molendinis
1782 5187 1821 5247 ds

107 5277 220 5347 judicio
230 5281 388 5345 teneretur,
401 5292 527 5348 cumque
543 5275 578 5331 ad
594 5291 750 5331 conrnruna
761 5276 871 5332 bonum
881 5280 934 5334 lle·
989 5276 1136 5334 Cravcnno
1151 5293 1186 5332 xa
1200 5275 1321 5342 solidos,
1332 5279 1360 5332 ot
1369 5274 1436 5348 plus
1450 5276 1485 5332 de
1497 5276 1613 5333 redditu
1623 5279 1653 5333 et
1664 5274 1821 5335 canonicis

111 5364 204 5423 clesiae
220 5384 281 5422 sua
291 5366 419 5423 multum
429 5365 574 5423 sollicitus
584 5364 755 5434 exstitisset,
768 5367 885 5423 cuidam
894 5374 935 5424 ta-
988 5372 1019 5423 B.
1036 5366 1176 5441 Stephani
1192 5364 1435 5423 deditanouatim
1450 5363 1480 5420 in
1496 5366 1597 5422 mem
1612 5364 1819 5425 anniversario

112 5467 179 5507 men
191 5456 288 5527 nepoti
299 5473 352 5512 suo
364 5454 588 5529 preposituram
598 5454 732 5525 ejusdem
743 5455 876 5512 Ecclesia
886 5458 935 5514 do·
989 5456 1217 5526 dividendos,ito
1232 5454 1309 5527 quod
1322 5453 1352 5509 in
1363 5452 1437 5511 alios
1452 5471 1525 5511 usus
1535 5454 1616 5512 nullo
1626 5455 1717 5513 modo
1728 5452 1819 5513 alicui

111 5539 201 5611 navit,
217 5556 305 5617 quara
317 5542 690 5621 benignissimocharitatis
701 5542 805 5602 attactu
815 5561 933 5604 venera·
987 5545 1087 5604 liceret
1100 5546 1255 5623 predictos
1271 5543 1404 5606 redditus
1433 5544 1602 5603 transferre.
1628 5543 1818 5623 Episcopavit
