3878 6096
110 284 176 385 aaa
537 315 704 379 uranus.
729 314 781 376 an
803 312 898 376 ssu.
920 311 959 375 x.
975 311 1160 375 -orsaa
1181 331 1380 382 nnuornn
1498 268 1503 277 ¹
1753 314 1820 385 aaa

111 452 226 514 soboles
240 446 511 522 destinabant,certi
527 448 680 522 utriusque
695 445 856 520 disciplina
867 446 935 519 dog·
949 441 1055 510 Amos
1069 444 1193 503 condere
1216 463 1296 504 mors
1319 445 1420 506 infelix
1442 445 1605 521 prohibuit.
1620 446 1715 509 blnlta
1733 449 1821 510 deci·

112 563 162 603 ma
176 543 284 618 oppido
299 540 452 616 refulgere.
470 541 548 597 Inter
571 539 644 595 alios
669 537 794 610 danique
817 533 936 608 superbi
991 550 1048 609 que
1067 535 1193 608 prelata
1215 536 1277 593 sedi
1301 536 1452 594 subtracta
1475 542 1560 595 eraut
1582 539 1737 609 beneficia,
1752 556 1822 614 qnia

113 632 413 710 sanguinisjuvenes‚
429 629 503 685 inibi
518 627 732 685 exsultantibus
754 623 851 681 animo
867 640 935 679 con·
991 621 1090 680 solerti
1106 641 1176 680 cura
1197 641 1373 698 summaque
1397 626 1550 701 vigilantia
1575 627 1724 700 regalibus
1744 646 1820 702 prae·

113 724 248 789 fluentes,
264 722 365 777 aderat
379 719 517 793 prelatus
531 717 574 772 vir
588 734 622 773 ex
638 714 823 771 nobilissima
837 714 937 769 Arme
991 712 1082 785 ceptis
1104 730 1137 770 ac
1161 713 1330 786 apostolicis
1353 715 1514 789 privilegiis
1540 716 1654 775 sancita
1677 734 1731 774 suc
1755 718 1821 777 loco

112 811 204 872 noant
228 814 338 868 tractus
362 807 499 882 prosapia
523 805 681 870 derivatus,
699 801 860 859 llerilridus
885 819 935 858 no·
991 801 1128 870 restituit,
1144 803 1302 875 exquibus
1318 803 1444 861 Mattiaci
1463 822 1531 862 cum
1556 806 1620 862 suis
1644 807 1822 878 &jacentiis

113 903 336 971 mina,mcru1n
363 897 517 955 sanctitate
546 892 783 967 probatissimus,
799 891 882 948 vultu
908 896 937 947 et
991 891 1177 947 medietatem
1193 890 1277 947 altari
1294 892 1330 947 ad
1347 892 1550 950 concinnanda
1571 892 1731 952 luminaria
1753 912 1822 954 con·

112 989 330 1053 conversatione
345 985 504 1058 angelicus,
521 983 627 1038 ardens
642 981 671 1037 in
691 980 830 1038 humanis
853 985 935 1036 tene·
990 978 1068 1048 tulit,
1082 978 1203 1036 alteram
1220 979 1369 1038 canonicis
1385 983 1421 1037 ad
1437 982 1623 1040 relectionem
1647 983 1696 1040 die
1720 984 1820 1045 obitus

111 1081 172 1138 bris
187 1077 289 1135 divine
303 1071 557 1145 contemplationis
572 1069 780 1142 radius.Hujus
795 1072 938 1142 paterHe·
991 1068 1036 1125 sui
1070 1069 1292 1142 praeparandam
1326 1070 1480 1127 concessit.
1513 1070 1697 1129 Crevennum
1730 1076 1821 1143 etism

111 1169 232 1226 ritridus
246 1164 416 1221 nominatus
431 1165 485 1230 est,
502 1164 596 1217 mater
608 1177 674 1216 vero
690 1158 880 1230 hisemberga
893 1167 938 1213 est
991 1157 1089 1213 villam
1112 1161 1141 1214 et
1164 1158 1336 1215 Nareiacum
1361 1176 1395 1215 ae
1419 1160 1570 1231 Noricum,
1587 1178 1656 1220 cum
1679 1162 1744 1219 suis
1768 1180 1821 1236 ap·

111 1258 290 1329 nuncupata.
307 1251 426 1309 Nobiles
448 1267 564 1324 genere,
588 1248 746 1305 nobiliores
771 1247 935 1303 sanctitate.
991 1245 1133 1320 pendioiis
1171 1244 1227 1302 sibi
1261 1247 1382 1320 suisque
1420 1247 1641 1318 successoribus
1676 1256 1821 1324 perpetuo

110 1347 164 1412 Qui
178 1345 248 1401 licet
264 1344 358 1400 forent
373 1338 522 1414 conjugati
539 1337 720 1406 saeculo,erat
734 1342 832 1393 tamen
843 1335 873 1390 in
884 1352 938 1391 coe-
991 1336 1135 1392 servitura
1167 1334 1217 1390 diu
1253 1335 1439 1410 multumque
1469 1337 1607 1396 laborans
1639 1339 1819 1413 impetravit.

110 1434 235 1493 testibus
251 1432 367 1486 illorum
382 1425 645 1498 conversatio:qui
661 1424 937 1499 prefatamprolem
989 1425 1131 1480 Artadurn
1147 1423 1274 1496 denique
1288 1429 1316 1481 et
1331 1424 1361 1482 in
1379 1424 1537 1499 Capilliaeo
1560 1444 1699 1487 mansum
1724 1445 1820 1487 unum

111 1528 209 1594 tenere
238 1520 402 1593 diligentes,
425 1515 640 1589 Omnipotentis
665 1518 694 1572 et
721 1514 813 1570 beatae
839 1513 936 1570 blariae
990 1513 1021 1569 in
1039 1512 1191 1570 lindriaco
1218 1513 1319 1583 alium,
1339 1518 1368 1571 et
1392 1513 1576 1586 farinarium,
1598 1518 1678 1589 quod
1702 1522 1749 1575 est
1772 1534 1822 1576 ss·

111 1610 228 1670 servitio
243 1609 438 1665 tradiderunt.
991 1619 1044 1660 eus
1069 1619 1187 1658 murum
1214 1601 1305 1671 urbis,
1323 1602 1360 1660 ad
1384 1605 1550 1676 parandum
1575 1605 1605 1662 in
1631 1605 1679 1663 die
1703 1606 1823 1665 ordina·

146 1696 365 1757 lnCarnotensi
382 1694 464 1764 urbe,
480 1693 600 1750 undeet
618 1692 674 1765 ipsi
699 1691 816 1748 oriundi
842 1695 936 1759 erant,
989 1689 1079 1746 tionis
1108 1706 1168 1746 suae
1196 1690 1329 1746 edulium
1363 1691 1505 1748 fratribus
1532 1694 1687 1752 concessit.
1716 1695 1822 1753 Orate·

110 1789 221 1864 ingenti
237 1784 431 1861 gratulatione
446 1799 513 1839 eum
528 1785 732 1838 tonsorantes:
748 1780 788 1837 ibi
804 1780 937 1854 aliquan·
994 1778 1071 1835 rium
1087 1795 1158 1836 sane
1180 1778 1343 1837 beatissimi
1368 1779 1536 1850 Clementis,
1550 1783 1628 1855 quod
1651 1787 1697 1840 eat
1720 1784 1752 1840 in
1775 1800 1823 1842 ea·

109 1863 202 1951 tispor
214 1873 385 1932 liberalibus
401 1871 554 1928 institutus
570 1869 724 1936 studiis‚ut
738 1869 767 1925 in
782 1886 850 1926 eum
860 1869 936 1926 litta-
990 1868 1057 1926 dem
1086 1869 1168 1937 urbe,
1195 1868 1324 1926 dammis
1352 1874 1489 1926 exustum
1519 1872 1703 1938 restauravit,
1733 1873 1823 1946 sique

111 1966 181 2025 ralis
196 1963 319 2022 scientia
334 1963 528 2027 concurreret,
541 1959 660 2015 domino
675 1959 812 2016 Gauterio
828 1962 938 2034 sancta¹
990 1975 1042 2031 per
1071 1956 1305 2030 deprecationem
1336 1958 1589 2033 Herimberti,qui
1615 1961 1661 2019 hie
1680 1963 1749 2033 jure
1772 1962 1821 2020 be·

110 2051 329 2125 Aurelianensis
347 2049 481 2106 Ecclesia
504 2048 641 2121 episcopo
657 2047 685 2104 id
702 2050 885 2121 procurante,
902 2064 937 2104 ex
990 2047 1139 2104 reficiaris
1162 2047 1309 2114 utebatur,
1326 2047 1530 2104 Chimiliacum
1553 2049 1653 2107 villam
1677 2067 1749 2109 cnm
1772 2069 1822 2113 ec-

110 2145 196 2216 cujus
210 2143 393 2216 processerat
407 2137 594 2212 progenie‚ad
607 2137 767 2209 supradicti
779 2137 935 2209 imperato·
989 2136 1079 2195 clesia
1099 2135 1193 2192 sancti
1208 2137 1340 2205 Andreae,
1357 2154 1421 2211 que
1444 2141 1489 2194 est
1513 2138 1543 2194 in
1567 2139 1724 2212 Gurgiaoo,
1739 2141 1821 2205 attri-

110 2232 151 2289 ris
165 2230 341 2288 famulatum
354 2228 514 2284 serviturus
526 2223 737 2298 dirigiturlllic
746 2225 832 2298 plene
842 2225 937 2298 Scrip·
990 2225 1066 2293 buit,
1082 2228 1224 2299 precepto
1254 2226 1431 2283 confirmans
1460 2226 1550 2300 regio.
1580 2229 1691 2286 llcdem
1719 2235 1816 2303 pacto,

109 2325 243 2379 turarum
258 2320 446 2391 perscrutans
469 2315 602 2388 paginas,
620 2313 743 2370 senioris
757 2314 805 2370 bic
820 2313 937 2370 inhesit
990 2319 1023 2371 ut
1048 2314 1126 2370 idem
1159 2313 1359 2372 lterimbertcs
1391 2313 1525 2373 Ecclesia
1561 2316 1618 2374 sibi
1651 2319 1820 2381 cummim

110 2408 238 2477 servitio,
254 2409 454 2476 utnusquam
470 2401 854 2475 abejusvelletpraesentia
876 2402 935 2459 dis·
990 2403 1182 2460 fidelissimus
1204 2402 1292 2471 filius,
1309 2403 1359 2476 qui
1383 2405 1517 2462 omnium
1539 2404 1730 2469 scoternam
1754 2421 1817 2471 taa-

110 2497 223 2564 cadere,
238 2509 391 2566 nunquam
411 2491 447 2547 ab
471 2490 678 2547 ecelesiasticis
702 2491 827 2565 negotiis
851 2509 936 2564 sepa·
989 2491 1147 2549 taurationi
1162 2494 1229 2564 post
1252 2490 1437 2565 prelibatum
1461 2494 1627 2566 pontificem
1653 2496 1815 2569 insudavit,

111 2584 180 2644 rari.
189 2584 303 2640 lnterea
318 2581 401 2637 urbis
413 2579 677 2637 Autissiodorensis
692 2579 722 2635 in
739 2597 831 2638 unum
847 2580 939 2637 collc-'⁸
990 2581 1100 2638 eisdem
1131 2582 1218 2638 rebus
1246 2581 1343 2638 adhuc
1370 2582 1469 2640 vivens
1497 2583 1651 2655 frueretur,
1677 2603 1817 2661 unusque

110 2671 259 2733 catamari
273 2674 303 2729 et
320 2670 415 2745 plebis
438 2668 583 2744 congerie,
599 2669 635 2725 de
660 2669 795 2743 eligendo
820 2674 938 2742 pastore
990 2674 1056 2744 post
1084 2669 1180 2741 illum,
1209 2686 1297 2742 quem
1331 2669 1461 2744 eligeret,
1492 2671 1685 2746 propinquus,
1716 2674 1818 2750 εἰοῳιο

112 2763 269 2825 consilinm
284 2760 434 2834 quaritur,
451 2759 587 2832 atquead
602 2759 688 2832 regia
711 2759 938 2832 magnificentia.
990 2758 1155 2817 necessaria
1187 2758 1306 2832 pretato
1334 2759 1595 2818 subministrarent
1621 2764 1761 2832 oratorio,
1786 2769 1823 2833 st

110 2869 198 2911 aures
213 2850 335 2908 nuntius
350 2848 459 2923 percito
474 2847 612 2922 dirigitur
628 2865 634 2902 :
654 2864 707 2905 nec
723 2865 805 2905 mora
819 2865 869 2904 rex
883 2865 936 2904 au·
990 2848 1036 2905 die
1048 2846 1214 2904 festivitatis
1229 2848 1323 2904 sancti
1335 2847 1493 2908 Clementis
1503 2850 1641 2925 martyris
1651 2840 1821 2929 mugrunm

110 2941 172 2999 dito
185 2937 325 2997 antistitis
340 2937 432 3014 obitu,
448 2937 528 2993 omni
548 2936 717 3009 cupiditatis
730 2937 832 2994 ardore
846 2938 935 3011 depo·
990 2935 1145 2996 canonicis
1170 2936 1356 3010 impertirent
1387 2941 1517 3010 pastum,
1547 2943 1696 3012 quatenus
1720 2942 1821 3016 ipsius

110 3027 279 3099 sito,divina
291 3025 497 3100 perordinante
512 3025 666 3082 clementia
680 3025 801 3083 consilio
812 3025 884 3082 aule
894 3043 937 3083 rs·
990 3026 1067 3100 apud
1088 3024 1182 3082 Deum
1206 3025 1436 3097 omnipotentem
1461 3026 1637 3097 interventu,
1652 3029 1701 3088 cui
1724 3047 1819 3105 strage⁴

112 3118 165 3195 gia
178 3114 578 3191 procerum,acclamantibus
590 3115 839 3185 cunctis,domino
854 3115 936 3172 Heri-
992 3114 1059 3173 licis
1073 3113 1160 3170 etiam
1178 3113 1316 3171 manibus
1329 3113 1360 3169 in
1375 3113 1449 3172 mari
1462 3120 1625 3189 preparata
1638 3122 1689 3177 est
1699 3118 1821 3191 mua,

111 3208 192 3266 trado
208 3222 276 3263 cum
294 3221 411 3262 summa
430 3204 590 3260 reverentia
614 3203 793 3260 nominando
809 3183 973 3277 pastura-G
992 3202 1151 3262 eriminum
1166 3202 1304 3259 tluctibns
1318 3206 1504 3261 exoneratam
1517 3206 1553 3264 ad
1572 3209 1689 3267 amenta
1709 3208 1823 3281 qnietis

111 3297 169 3355 lem
184 3295 297 3352 confert
312 3292 557 3366 baculum,atque
571 3293 607 3351 nd
623 3294 819 3350 Scnonensem
833 3294 937 3351 urbem
991 3297 1109 3367 portum
1125 3309 1185 3348 sua
1200 3291 1317 3349 virtutis
1341 3292 1469 3350 anchora
1492 3292 1701 3366 introduceret,
1716 3302 1749 3355 et
1759 3296 1820 3356 cle-

111 3383 211 3459 dirigit
225 3381 432 3440 ordinandum.
450 3383 542 3448 Quem
558 3379 761 3438 divinissimus
781 3381 938 3455 archipon·
991 3381 1109 3438 mantiae
1123 3397 1183 3437 sue
1199 3381 1266 3438 sinu
1278 3381 1392 3456 jugiter
1407 3382 1581 3445 confoverat.
1598 3384 1691 3458 idque
1704 3385 1822 3449 domini

111 3474 182 3545 tifex
197 3472 353 3531 (lauterius
368 3488 435 3528 cum
452 3488 568 3527 summo
583 3470 693 3527 bonore
705 3470 852 3544 excipiens
867 3487 937 3528 eon·
992 3469 1121 3530 (lauterii
1135 3469 1382 3540 archimandrite,
1399 3488 1517 3544 sueque
1537 3471 1701 3532 diensem
1723 3477 1822 3551 pepti-¹

111 3581 201 3622 sensu
223 3560 292 3619 cleri
315 3565 344 3618 et
367 3559 462 3634 plebis
485 3559 556 3617 illuc
578 3560 667 3632 hujus
689 3558 730 3616 rei
754 3561 848 3634 gratia
871 3577 938 3618 con-
992 3559 1081 3616 iteum
1103 3558 1276 3615 auctoritate
1299 3558 1329 3614 iu
1354 3563 1530 3633 perpetuum·
1552 3561 1688 3621 durabile
1710 3565 1820 3625 sanxit.

112 3650 240 3718 tluentis,
269 3649 426 3707 testivitate
458 3648 554 3704 sancti
587 3648 720 3717 toannis,
752 3665 810 3720 qua
843 3649 938 3722 capite
992 3648 1023 3707 ln
1038 3646 1158 3704 Arbricc
1174 3663 1292 3720 quoque
1308 3664 1413 3705 mansa
1436 3652 1572 3721 quatuor,
1588 3639 1824 3717 amianas

112 3740 232 3814 preciso
248 3738 416 3796 celestibus
431 3741 477 3796 ast
490 3737 659 3794 insinuatus
680 3737 828 3807 sacrariis,
842 3738 872 3793 in
888 3737 937 3794 Ni·
993 3737 1022 3794 S.
1039 3736 1191 3809 Stephani,
1217 3735 1246 3793 in
1280 3735 1436 3794 archiclavi
1469 3738 1602 3799 dominio
1632 3741 1825 3817 account,

111 3828 189 3904 gatto
202 3829 334 3887 caenobio
355 3826 510 3895 ordinavit,
526 3830 555 3883 et
578 3845 646 3883 cum
669 3844 788 3884 summa
810 3826 938 3884 exsulta·
992 3828 1023 3883 in
1039 3825 1181 3883 Senonico
1196 3826 1286 3883 etiam
1301 3843 1379 3900 pago
1398 3830 1428 3883 et
1451 3827 1592 3885 comitatu
1612 3829 1692 3901 apud
1713 3829 1824 3891 Noeta·

111 3919 191 3976 tione
215 3917 245 3974 in
271 3918 347 3975 hane
374 3917 474 3974 sedem
502 3915 718 3973 inthronizavit.
735 3915 790 3973 Ubi
812 3915 939 3989 qualiter
992 3915 1066 3972 lium
1080 3912 1179 3971 villam
1205 3931 1296 3988 supra
1321 3914 1441 3972 tluvium
1466 3915 1601 3973 Iohanne
1623 3931 1733 3979 manas
1743 3918 1824 3978 ride·

111 4006 225 4077 vixerit,
241 4011 271 4064 ct
285 4022 375 4079 quam
391 4004 519 4061 nobilem
536 4021 568 4061 sc
583 4021 777 4078 normamque
795 4006 937 4062 virtutum
991 4003 1058 4062 licet
1070 4021 1166 4073 xxxvi,
1181 4007 1210 4060 et
1224 4003 1341 4064 tertiam
1361 4007 1473 4077 partem
1498 4005 1606 4072 mansi,
1621 4006 1700 4078 qaod
1724 4023 1823 4081 quon·

112 4096 251 4154 omnibus
266 4094 433 4167 praebuerit,
449 4091 517 4165 plus
543 4097 713 4166 supersunt,
729 4093 781 4166 qui
799 4094 859 4150 hac
873 4093 940 4151 luce
992 4092 1061 4149 dam
1078 4092 1133 4148 tuit
1147 4091 1322 4150 beneficium
1345 4091 1505 4165 aganonis,
1519 4110 1588 4151 oum
1612 4092 1709 4153 alodio
1725 4094 1824 4155 lnPo·

113 4184 220 4241 clarius
235 4185 364 4239 norunt:
382 4184 411 4236 et
425 4180 565 4252 quoniam
577 4179 670 4237 bostis
686 4180 807 4237 humani
823 4176 946 4255 generis
992 4181 1085 4239 mario
1100 4180 1168 4238 villa
1183 4199 1274 4256 supra
1289 4181 1410 4239 lluvium
1435 4183 1544 4252 Oresa,
1561 4183 1638 4256 quod
1652 4182 1825 4260 wulfagius

113 4272 253 4328 adversus
264 4270 364 4342 justos
379 4263 508 4339 amplius
531 4266 643 4322 lraudis
668 4284 728 4323 sua
742 4268 862 4343 pervigil
878 4272 940 4325 ten·
993 4274 1094 4327 sancto
1109 4269 1257 4343 Stephano
1275 4269 1358 4327 dedit
1375 4271 1417 4327 ad
1442 4272 1667 4331 restaurandam
1687 4272 1824 4337 ecclesi·

113 4361 157 4418 dit
172 4357 366 4432 muscipulas,
383 4357 497 4412 diversa
512 4356 581 4412 huic
596 4356 656 4414 viro
671 4357 830 4431 apostolico
844 4358 938 4434 inges-
992 4358 1086 4432 ipsius
1102 4358 1239 4428 martyris
1257 4357 1396 4416 fabricam
1422 4358 1452 4415 in
1473 4360 1638 4418 ministerio
1661 4359 1822 4421 archiclavi

114 4449 153 4506 sit
167 4446 340 4514 tentamina,
356 4450 389 4503 ut
404 4463 420 4501 a
434 4444 564 4503 veritatis
585 4446 701 4503 tramite
724 4447 937 4506 exorbitantem
992 4448 1125 4516 contulit,
1142 4465 1175 4505 eo
1190 4451 1289 4507 mutan
1304 4451 1417 4517 maore,
1433 4453 1466 4505 ut
1480 4451 1510 4506 et
1523 4448 1622 4506 villam
1636 4453 1667 4507 st
1685 4448 1823 4511 alodiam

115 4538 151 4593 ad
168 4553 222 4594 sca
236 4535 313 4593 male
327 4536 456 4592 suadens
468 4539 592 4592 verterat
605 4533 736 4593 consilia.
748 4537 822 4593 Nam
838 4537 940 4595 civitas
953 4536 1824 4618 1)pmdictusWultagiusacfiliusep'nsttuseimsteneaat,

115 4623 272 4698 improvisa
288 4624 417 4681 llammis
430 4627 520 4692 exsta,
532 4624 649 4698 penitus
663 4641 747 4682 versa
761 4629 804 4682 est
819 4625 849 4682 in
864 4627 940 4684 cine·
994 4631 1022 4684 et
1037 4627 1067 4684 in
1082 4643 1173 4684 censu
1186 4643 1233 4696 av,
1250 4625 1361 4683 solidos
1380 4625 1543 4684 archiclavo
1565 4626 1745 4699 persolvant.
1760 4626 1826 4689 lttts

116 4731 164 4772 res
178 4718 293 4772 tantum
307 4718 338 4771 et
352 4715 468 4772 rudera.
993 4733 1060 4774 vero
1076 4715 1210 4785 mortuis,
1223 4714 1331 4772 eadem
1352 4731 1398 4772 res
1421 4715 1453 4772 in
1477 4714 1677 4773 ministeriam
1700 4717 1825 4779 redeant

151 4802 204 4860 llis
227 4803 284 4860 ista
307 4802 410 4878 gestis,
425 4803 533 4860 charus
558 4802 669 4859 domini
698 4803 860 4861 Herilridus
885 4804 941 4862 hoo
995 4805 1159 4863 archiclavi.
1176 4805 1334 4862 lunumera
1348 4803 1456 4878 quippe
1474 4808 1545 4862 sunt
1567 4803 1736 4863 sanctitatis
1757 4805 1826 4879 aina

116 4891 215 4951 animo
227 4891 343 4950 induxit
362 4909 428 4959 suc,
444 4908 596 4964 nunquam
621 4884 678 4949 sibi
702 4892 821 4967 aliquod
846 4893 941 4951 laetu·
994 4892 1827 4969 insignisquepenitusnarraricarnalislinguamiu'm

116 4998 183 5040 rum
198 4982 229 5040 in
245 4982 317 5039 urbe
331 4979 544 5051 habitaculum,
560 4981 652 5038 donoc
676 4983 753 5040 adea
776 4983 825 5039 Dei
849 4982 942 5053 eccle·
995 4983 1132 5040 sutilciet.
1148 4982 1232 5039 Nunc
1247 4980 1394 5054 siquidem
1409 4983 1529 5040 brabrm
1546 4981 1643 5041 viram
1655 4981 1695 5043 de
1706 4981 1826 5045 masta

117 5070 172 5140 sia,
186 5071 299 5129 scilicet
312 5071 404 5127 beata
418 5087 534 5144 semper
548 5069 669 5144 virginis
687 5071 785 5127 Maria
800 5088 833 5128 ac
849 5072 942 5130 sancti
992 5071 1104 5146 jugiter
1119 5071 1318 5129 ruminantem
1333 5071 1476 5146 egritudo
1489 5070 1652 5146 podagrica
1674 5069 1825 5145 pmbnta

116 5161 249 5230 loannis,
265 5159 417 5235 simulque
427 5159 514 5234 primi
530 5160 666 5234 martyris
681 5160 821 5233 Stephani
837 5161 867 5218 in
883 5161 941 5234 pri·
996 5161 1095 5219 subito
1111 5159 1228 5226 invasit,
1244 5158 1385 5234 chiragra
1409 5161 1498 5217 etiarn
1520 5176 1554 5217 ac
1568 5159 1827 5223 ematurata-eor-

117 5249 229 5307 sta'num
248 5250 451 5326 redigerentur
474 5254 595 5306 statum.
612 5249 690 5314 Quas
714 5265 802 5320 parvo
828 5256 944 5307 conten·
997 5266 1066 5325 pore
1081 5253 1200 5306 anunm
1219 5248 1343 5323 languor
1366 5249 1480 5322 ingens,
1498 5248 1622 5323 quadiu
1637 5248 1828 5324 multumque

117 5342 168 5398 tna
190 5337 339 5414 tuguriolo
363 5355 430 5398 mox
452 5338 627 5396 reedificare
651 5338 793 5410 crepitet
811 5338 944 5398 funditus
996 5342 1134 5415 gravatus
1149 5342 1194 5395 est
1207 5336 1342 5396 molesb'a
1357 5355 1364 5394 :
1381 5338 1432 5396 sed
1448 5343 1548 5398 nmen
1559 5338 1715 5398 animatae
1727 5337 1829 5401 divin

118 5441 168 5482 aas
182 5443 270 5499 opere
283 5428 408 5486 mirilico
423 5426 584 5486 exornavit.
600 5426 632 5483 ln
652 5427 824 5500 hujusmodi
846 5429 944 5486 studio
998 5427 1187 5485 meditatione
1202 5442 1357 5501 nunquam
1370 5428 1494 5484 vacabat
1506 5428 1598 5487 beata
1612 5424 1829 5502 temperatissi-

120 5530 215 5586 usque
229 5514 265 5570 ad
281 5515 344 5572 vite
358 5516 520 5574 terminum
542 5513 716 5588 permansit,
731 5511 831 5586 sicque
854 5514 945 5572 eccle·
999 5517 1044 5574 nis
1053 5518 1150 5574 Maris
1162 5534 1196 5576 ac
1206 5515 1597 5576 sanctiloannisllcminica
1611 5512 1829 5591 tumescente

119 5600 174 5661 aiis
187 5601 325 5661 nobiliter
339 5603 503 5674 restructis,
518 5607 737 5664 concessorum
757 5619 878 5663 suorum
894 5604 944 5664 do·
999 5606 1110 5682 pravii,
1129 5624 1241 5667 necnon
1265 5606 1354 5666 stiam
1378 5606 1491 5667 domini
1514 5606 1659 5682 sapaaai-
1678 5602 1829 5682 amnt·
