3878 6096
117 278 198 344 {0¹13

787 272 993 338 nouantur.
1015 275 1159 338 VARIAE.

1746 277 1825 387 tilii

113 411 222 470 candus
237 425 301 468 uero
316 408 398 469 scolae
411 415 482 467 leacl
496 425 543 466 aas
558 425 673 467 aureum
688 411 718 466 ia
731 425 817 466 marro
840 424 891 463 sua
913 408 948 463 sl·
962 405 991 473 Α
1005 408 1172 482 dampnate,
1187 409 1237 482 qui
1252 425 1326 467 caco
1341 415 1408 468 nato
1423 410 1523 470 oculos
1538 413 1660 486 aperuit,
1672 418 1700 470 ot
1714 412 1824 486 quatri·

111 496 201 561 iata
224 517 306 574 super
318 500 469 573 planetam,
494 499 711 573 anteponeres
732 501 841 555 mittere
863 496 940 553 debet

110 589 240 663 chryseon
257 589 286 644 ia
300 590 413 660 tentem,
429 595 454 643 et
461 589 536 660 joasi
548 589 656 660 faciunt
680 588 812 644 letaniam
826 588 939 642 trinam.

110 677 215 735 Deinde
224 678 349 749 pontisas
361 677 482 750 procedit
496 694 559 732 cum
570 679 646 733 orarii
660 677 763 742 decoro,
774 682 942 732 susteatotus

108 783 129 824 a
143 766 246 823 ducitis
259 765 430 831 cliucouihus,
447 773 473 822 ct
487 767 537 821 illa
555 767 608 821 cluo
631 773 788 830 cereostata,
803 779 866 836 quse
880 772 944 819 ante

108 858 223 928 fueraut
243 857 422 925 inluminata,
450 871 555 927 semper
585 863 649 911 autc
678 857 766 927 ipsrou
795 853 944 926 procedunt

108 945 369 1019 usquedumomuia
383 945 629 1016 finierinulctauia
642 946 731 1016 fiatur,
748 946 819 1016 lacto
834 944 943 998 sileatio

108 1034 182 1090 dicit
192 1035 342 1106 pouttsee:
360 1038 438 1089 tinus
457 1034 617 1089 vobiscum.
635 1038 660 1098 a.
685 1035 719 1088 aa
744 1050 810 1089 oiim
837 1031 941 1105 spiritu

111 1126 175 1179 tuo.
192 1123 286 1178 llicit:
304 1122 445 1187 Oromus;
461 1128 488 1177 et
502 1121 549 1178 dcet
561 1125 722 1179 orationem.

385 1228 550 1266 nasoniano
570 1229 677 1267 saucia.

151 1299 344 1373 Omnipotens
359 1301 537 1373 sempiterno
552 1301 638 1368 Deus,
657 1302 757 1357 adesto
772 1304 825 1356 otc.

367 1406 558 1446 cousaonamo
578 1407 689 1445 rosus.

149 1478 232 1534 Duas
247 1478 407 1533 vobiscum.
424 1480 450 1541 it.
469 1479 584 1534 Etcum
611 1479 714 1551 spiritu
741 1483 801 1534 tna.
819 1478 944 1533 Sursum

110 1566 212 1625 eorda.
228 1572 254 1632 ri.
273 1566 420 1622 Habemus
438 1566 474 1621 ad
494 1567 580 1621 Dum.
597 1567 711 1623 Gratias
736 1584 858 1641 agamus
882 1565 944 1620 Dno

112 1654 174 1714 Doa
190 1660 299 1712 nostro.
315 1662 340 1722 a.
358 1655 485 1729 Dignum
500 1660 527 1711 et
539 1657 657 1728 justum
676 1661 729 1713 est.

995 498 1127 554 duanam
1143 499 1284 556 Lazarum
1299 501 1334 557 do
1350 505 1540 558 monumento
1564 501 1725 559 suscitavit.
1742 500 1827 576 Ergo·

996 587 1159 645 maledieto.
1177 591 1208 646 Ut
1222 607 1318 663 supra.
1768 604 1772 608 '
1867 589 1870 593 ’

1031 679 1180 734 AEternam
1196 696 1229 735 ao
1242 679 1441 750 justissimam
1457 681 1598 754 pietatem
1613 685 1695 737 taam
1710 685 1764 739 eto.

1251 769 1379 842 Sequitur
1391 772 1570 828 exorcismus.

1034 856 1168 913 Exercizo
1183 861 1211 912 te
1225 863 1358 914 ereatura
1373 877 1455 932 aqua
1471 861 1500 916 in
1516 861 1633 917 nomine
1658 860 1706 917 Dei
1732 859 1825 917 Patris

998 946 1218 1019 omnipotentis,
1235 951 1263 1003 ot
1278 948 1306 1002 in
1323 948 1440 1004 nomino
1456 949 1526 1005 Josu
1542 949 1648 1006 Christi
1664 948 1728 1005 Filii
1749 949 1824 1021 ojus,

999 1039 1028 1091 ot
1043 1035 1169 1108 Spiritus
1184 1035 1392 1093 sancli.0mnis
1406 1037 1498 1093 virtus
1513 1037 1713 1104 adversarii,ot
1728 1037 1825 1094 omnis

999 1122 1127 1180 inc-ursio
1142 1124 1260 1192 diaboli,
1276 1142 1362 1181 omno
1388 1125 1573 1197 phantasma,
1590 1125 1687 1182 omnis
1711 1124 1823 1182 inimici

998 1215 1127 1286 potestas
1140 1214 1287 1270 eradicare
1302 1219 1330 1270 ct
1344 1215 1471 1287 adligare
1486 1214 1521 1270 ab
1531 1214 1822 1286 haccroaluraaquae.

999 1303 1080 1359 Unde
1094 1301 1223 1358 exorcizo
1239 1307 1266 1358 to
1281 1307 1414 1359 creatura
1429 1320 1511 1374 aquai
1527 1319 1578 1376 por
1601 1303 1692 1360 Derim
1708 1320 1823 1371 varum,

999 1409 1051 1465 por
1064 1392 1157 1447 Deum
1171 1390 1334 1463 vivum‚per
1348 1391 1440 1448 Deum
1455 1395 1655 1464 sanctumpor
1665 1392 1740 1448 Dnm
1757 1409 1823 1448 nrm

998 1481 1098 1537 lesum
1123 1479 1281 1546 Christum,
1298 1483 1331 1534 ut
1354 1479 1491 1535 officiaris
1516 1496 1592 1553 aqua
1617 1485 1729 1547 sancta,
1749 1496 1826 1554 aqua

999 1569 1161 1634 benedicta,
1178 1572 1211 1623 ut
1224 1566 1391 1640 ubicunque
1406 1567 1498 1625 olluaa
1514 1567 1614 1634 lucris,
1629 1567 1676 1624 vol
1695 1582 1825 1641 aspersa,

999 1658 1059 1715 sive
1073 1657 1103 1713 in
1118 1659 1216 1723 domo,
1232 1655 1292 1712 sive
1307 1655 1336 1710 in
1353 1672 1456 1730 agrae
1469 1655 1563 1729 ''ugias
1578 1673 1696 1712 omnem
1707 1656 1827 1730 phanta-

150 1744 210 1801 VD.
226 1749 256 1801 ot
266 1746 382 1816 justum
398 1748 452 1813 est,
469 1762 586 1818 aquom
601 1749 630 1801 ot
644 1745 788 1814 salutaro;
801 1746 878 1802 Deris
894 1747 943 1818 qui
961 1781 984 1846 B
1000 1747 1085 1811 siam,
1101 1762 1218 1802 amnem
1234 1743 1346 1800 inimici
1362 1748 1546 1817 potestatem:
1562 1744 1689 1818 Spiritus
1706 1751 1827 1803 sanctas

115 1832 256 1890 invisibili
273 1832 401 1907 petentia
416 1837 472 1889 otc.

151 1922 235 1980 Unde
250 1922 408 1989 beneldioo
424 1926 452 1978 le
467 1927 600 1979 creatura
614 1939 696 1996 aqua
712 1940 762 1997 por
787 1923 878 1979 Deum
904 1924 944 1979 vi-

114 2029 198 2080 uum,
216 2028 267 2085 por
281 2011 372 2067 Datim
388 2029 488 2092 vorum
503 2016 558 2068 otc.

152 2100 273 2174 Signata
287 2100 368 2169 illos;
385 2101 512 2158 accedite
528 2103 564 2158 ad
581 2102 946 2172 benedictionem.Siqrreat

116 2191 189 2263 ipsos
204 2191 325 2261 irrorares
341 2191 371 2244 iu
384 2191 521 2262 frontibus
535 2206 631 2246 eorum
644 2193 750 2263 prtriui
770 2192 810 2247 uel
825 2193 946 2263 patriam

114 2278 149 2335 de
162 2277 309 2351 pollicitus
321 2280 379 2334 suis
393 2279 533 2335 dicentes:
550 2281 582 2335 ln
599 2279 717 2336 nonnius
733 2280 826 2336 Patris
841 2283 870 2336 ot
880 2280 945 2336 Filii

116 2372 147 2424 et
160 2367 289 2439 Spiritus
304 2366 483 2423 sanctituac
498 2373 572 2424 evenit
587 2369 716 2439 accolitus
732 2370 830 2424 iterum
841 2370 946 2440 [iaciens

115 2473 225 2512 crimem
241 2457 270 2511 in
284 2457 421 2527 frontibus
435 2457 610 2526 siuquloruor
624 2456 739 2513 (licendo
753 2476 763 2512 .·
778 2457 811 2512 ln
827 2457 945 2513 nomino

116 2544 213 2613 Patris
229 2549 258 2600 ot
272 2544 336 2600 Filii
352 2549 380 2602 et
393 2546 521 2618 Spiritus
537 2546 641 2612 sancti,
657 2556 681 2602 ct
704 2549 819 2620 torpunt
833 2564 947 2602 marriani

116 2650 200 2707 super
214 2650 267 2700 cos,
281 2633 350 2688 dares
366 2635 515 2691 orationem
530 2636 634 2692 ercrelsa
651 2651 712 2690 racc
726 2635 769 2690 his
783 2636 872 2690 rverlris
886 2654 897 2689 :

155 2723 233 2779 Deus
247 2723 404 2791 abraham,
422 2728 496 2779 Deus
513 2723 604 2791 Isaac,
623 2725 697 2779 Deris
711 2724 800 2780 Jacob
815 2727 870 2779 otc.

154 2813 230 2885 Ergo
254 2811 409 2868 maledicte
433 2811 548 2869 diabolo
572 2829 745 2886 rocognosco
770 2813 945 2869 sententiam

120 2905 205 2957 tuam
221 2904 275 2957 etc.

121 2980 124 2987 ’
158 2991 189 3046 lit
201 2990 347 3046 odarcmiat
360 2991 493 3047 diaconus
507 2991 599 3047 iliceos
614 3010 623 3046 :
639 2991 725 3047 Orate
740 2989 946 3060 oleoti‚llootito

1000 1835 1154 1892 habitatin
1169 1836 1256 1890 domo
1276 1835 1340 1901 hae,
1358 1850 1417 1907 por.
1436 1838 1469 1890 oc
1490 1837 1620 1891 oiiscetur
1641 1836 1685 1891 sat
1708 1845 1734 1894 et
1756 1838 1828 1893 ciuis

998 1927 1102 1997 [deictus
1117 1932 1157 1981 ter
1171 1924 1234 1980 iude
1247 1940 1354 1979 crucem
1367 1939 1448 1995 super
1464 1925 1523 1996 ipso
1536 1941 1617 1997 aquo.
1636 1925 1702 1981 Deio
1718 1925 1828 1997 deponit
1910 1931 1912 1935 ’

999 2014 1094 2072 cirrum
1108 2016 1228 2070 arietum
1243 2030 1305 2067 curu
1322 2014 1381 2084 ipso
1394 2028 1466 2083 aqua
1481 2013 1660 2078 berredlola,et
1675 2013 1743 2070 dicit
1758 2015 1829 2070 harre

999 2107 1149 2162 orationem
1162 2122 1172 2157 .·
1187 2104 1304 2159 licenter
1319 2105 1347 2156 ot
1361 2104 1547 2157 conservator
1561 2100 1683 2157 humani
1698 2103 1826 2176 generis.

1000 2195 1085 2249 dator
1100 2191 1199 2266 gratia
1216 2188 1369 2263 spiritalia,
1386 2188 1506 2262 largitor
1525 2192 1631 2244 aterno
1657 2189 1780 2259 salutis3
1796 2195 1829 2248 tu

1000 2289 1059 2338 ttae
1074 2281 1156 2337 mitte
1172 2278 1316 2352 Spiritum
1332 2283 1419 2334 trium
1436 2295 1525 2351 sapor
1539 2278 1638 2334 vinum
1661 2295 1728 2336 cum
1753 2297 1831 2354 aqna

999 2372 1134 2437 mixtum,
1152 2374 1182 2426 ut
1197 2372 1310 2425 armata
1325 2368 1430 2423 virtuto
1445 2366 1571 2423 caelestis
1598 2368 1777 2427 defensionis
1792 2370 1828 2427 ad

999 2459 1246 2516 consecrationem
1261 2456 1484 2529 hujusecclosia
1501 2456 1544 2511 vol
1554 2455 1825 2529 altarisprolrciant.

1000 2551 1054 2607 Por
1071 2555 1157 2604 Dum.

1034 2637 1135 2696 llcirule
1146 2639 1250 2709 {laeuos
1265 2653 1372 2692 celocem
1385 2652 1448 2691 ciera
1460 2635 1546 2706 diqito
1560 2651 1608 2690 suo
1622 2636 1655 2690 dc
1671 2637 1730 2707 ipsa
1755 2653 1829 2710 aquo

999 2731 1029 2786 iu
1042 2729 1140 2784 electra
1153 2735 1230 2800 parte
1243 2743 1292 2798 per
1306 2733 1426 2798 quatuor
1439 2740 1544 2779 cornua
1559 2725 1735 2790 altaris‚iade
1744 2725 1831 2792 latera

998 2836 1060 2874 ream
1074 2818 1174 2890 hqsopo
1189 2816 1325 2888 aliperqlt
1338 2818 1439 2886 septem
1458 2814 1527 2869 ritca
1554 2814 1677 2870 carracedo
1702 2814 1831 2886 autipho-

1000 2924 1066 2962 nam
1077 2925 1087 2960 :
1102 2904 1267 2978 adsperges
1283 2919 1329 2958 me
1346 2907 1404 2958 Duo
1420 2902 1531 2976 hysopo
1547 2905 1575 2958 ot
1596 2903 1773 2973 mundabor,
1788 2902 1831 2960 la·

999 2995 1081 3051 vobis
1096 3010 1152 3058 nie,
1169 2997 1197 3048 et
1211 3009 1300 3065 super
1326 2991 1421 3047 nivem
1448 2990 1617 3047 dealbabor.
1634 2993 1679 3047 Ρε.
1695 2991 1831 3049 Miseram

120 3095 229 3154 genua,
244 3067 392 3152 etreliqua
405 3081 501 3152 prius:
519 3070 669 3152 etsiqaa'nt
689 3082 799 3152 patrini
821 3083 862 3137 ocl
886 3099 946 3136 ma·
1005 3085 1061 3141 arai
1088 3089 1162 3140 Deus
1184 3081 1372 3139 secundum:
1399 3081 1498 3136 oadou
1523 3082 1553 3137 iu
1577 3082 1696 3137 circuitu
1719 3080 1831 3150 altoris,
1900 3124 1905 3131 -

121 3171 208 3227 trina
221 3173 253 3224 ut
265 3171 352 3242 prius,
367 3178 392 3225 et
406 3171 530 3242 sequitur
543 3171 617 3225 alius
632 3171 771 3235 accolitus,
783 3187 863 3242 super
877 3187 948 3226 aras·
965 3149 986 3216 C
1004 3173 1154 3248 sparqcrulo
1168 3171 1266 3227 deitato
1277 3173 1306 3225 ia
1320 3170 1418 3226 oecon
1425 3171 1670 3250 pccrmtesecclcsloe
1681 3171 1833 3244 usquedum

121 3260 211 3315 scales
224 3259 291 3330 facit
305 3275 411 3314 crucem
426 3260 496 3313 siout
509 3261 588 3331 prius
601 3261 686 3332 fectu
700 3268 726 3316 et
742 3261 950 3331 iuqronoosma·

122 3354 191 3403 aum
204 3364 284 3403 suom
297 3363 378 3420 super
392 3363 436 3403 cos
450 3346 517 3403 llicit
531 3366 543 3402 .·

156 3434 949 3508 Audimaledictosalanasadjuralarpornomenoetorni

123 3523 175 3582 Dei
190 3529 219 3581 et
234 3523 386 3581 salvatoris
402 3524 493 3581 nostri
508 3524 560 3581 filli
576 3525 624 3581 Dei
640 3542 706 3581 cum
721 3525 952 3582 tnaviotusinvi·

124 3614 175 3670 dia
189 3617 319 3669 tremens
334 3631 514 3688 gemensque
529 3613 654 3681 discedo;
671 3613 743 3669 nihil
758 3614 812 3670 tibi
828 3615 951 3670 sitoom·

124 3719 296 3759 monacum
312 3703 403 3760 servia
420 3705 469 3759 Dci
480 3706 543 3775 qam
559 3703 689 3759 caelestia
702 3702 898 3776 cogitantibus
907 3722 951 3761 re-

125 3791 347 3849 nuntiatoribus
363 3793 413 3848 tibi
430 3810 447 3849 a
461 3792 607 3857 saeculaot
622 3793 711 3848 matio
722 3792 953 3850 immortalitatis

123 3881 255 3938 victuris.
283 3883 322 3937 Da
349 3882 440 3955 igitur
467 3882 607 3937 honorem
636 3881 800 3938 advenienti
829 3882 952 3956 Spiritui

126 3976 239 4039 sancto,
257 3969 306 4042 qui
322 3988 356 4026 aa
375 3987 492 4026 summa
518 3971 580 4027 coeli
606 3987 671 4026 aree
696 3971 876 4028 descendens
901 3989 952 4044 pro

121 4058 252 4116 'turbatis
269 4059 421 4117 fraudibus
437 4061 496 4116 tuis
510 4060 607 4116 divino
624 4061 702 4116 lanto
718 4066 842 4134 purgata
857 4066 953 4134 pecto·

127 4166 169 4218 ra,
184 4147 262 4205 idom
278 4150 488 4206 sanctificando
504 4149 647 4223 templum
665 4149 842 4206 athabitana
868 4151 954 4224 porli-

127 4239 194 4307 oial,
215 4242 245 4295 ot
268 4239 465 4295 ab‘omnibus
490 4239 605 4313 ponitus
631 4239 712 4294 noxia
741 4239 953 4311 praetoritorum

127 4328 285 4385 criminum
302 4327 415 4383 liberati
432 4326 506 4383 servi
522 4327 575 4383 Dei
587 4327 698 4401 gratias
713 4328 831 4400 perenni
849 4334 904 4385 Deo
916 4346 954 4384 ro-

130 4417 224 4474 lorant
238 4434 363 4490 sempor,
380 4422 409 4473 ot
422 4417 596 4473 benedicant
611 4434 715 4473 nomen
733 4417 797 4489 ojus
820 4422 954 4475 sunctum

122 4500 159 4563 in
175 4503 283 4562 saecula
298 4506 483 4562 saeculorum.
502 4506 563 4562 Por.

164 4597 243 4652 Deus
257 4594 416 4660 Abraham,
435 4600 510 4651 Deus
524 4596 614 4664 Isaac,
632 4601 707 4651 Doris
721 4597 811 4652 Jacob
826 4602 881 4652 otc.

164 4685 240 4758 Ergo
256 4683 409 4741 maledicto
424 4684 549 4752 diabolo,
564 4693 702 4757 utsupra.
722 4688 787 4742 ltera
809 4687 876 4742 llicit
893 4687 954 4743 dia·

128 4790 213 4830 conus
229 4792 238 4828 .·
253 4774 338 4829 Orate
353 4773 448 4843 electi,
463 4781 488 4829 ct
503 4774 610 4846 reliqua
625 4783 654 4828 ut
677 4792 760 4846 supra
770 4795 781 4839 ;
796 4780 822 4830 ot
845 4777 956 4847 siqnaat

128 4864 238 4936 patriai
250 4864 290 4919 rel
306 4864 437 4920 matricae
453 4870 482 4918 ut
493 4865 580 4934 prius.
597 4863 700 4919 llciade
715 4866 811 4918 tertius
826 4867 957 4922 accolitus

129 4954 200 5023 lacit
222 4969 328 5007 cracem
355 4953 384 5007 iu
406 4952 544 5023 frorrtilrus
566 4967 714 5024 puerorum
742 4953 812 5006 sicat
836 4956 958 5010 artarier

130 5043 205 5112 fecit,
220 5048 246 5097 ct
258 5042 374 5112 imponit
388 5058 502 5096 amrium
516 5058 598 5113 super
611 5043 701 5112 capito
713 5057 807 5096 corum
825 5040 936 5100 diceudo
947 5063 958 5098 :

169 5131 305 5185 Exercizo
322 5135 350 5186 ta
365 5131 508 5186 inmunde
524 5130 645 5203 spiritus
660 5135 716 5186 etc.

168 5222 232 5277 ltcm
253 5237 334 5293 super
357 5223 475 5293 seminas
490 5223 594 5291 luteres
609 5237 717 5276 crucem
732 5228 761 5276 ut
784 5223 920 5294 superius,
938 5230 963 5277 ct

134 5312 250 5382 imponit
265 5326 379 5373 monum
393 5327 475 5382 super
488 5312 579 5383 capita
593 5326 690 5365 earum
703 5309 817 5365 ‹liccrnlo
831 5329 841 5364 :

169 5397 962 5471 ExercizotoimmundespiritusperPalromotFilium

134 5491 164 5544 ct
183 5487 326 5561 Spiritum
353 5491 499 5554 sanctum,
525 5491 557 5542 nt
570 5481 666 5544 ¹exeas
689 5491 717 5543 ot
733 5487 849 5542 recedas
863 5489 900 5543 ab
916 5488 963 5545 his

134 5568 302 5633 famulabus
318 5576 387 5644 Doi;
404 5577 466 5650 ipso
481 5577 560 5633 enim
585 5577 635 5633 tibi
661 5576 784 5650 imporat
810 5575 963 5632 maledieto

1001 3265 1111 3321 oculeus
1125 3265 1189 3318 aate
1204 3261 1292 3315 altore
1307 3275 1436 3332 sparqcru
1462 3259 1563 3314 iterum
1585 3259 1699 3331 desuper
1723 3261 1752 3314 ia
1775 3261 1834 3315 cir-

1001 3354 1078 3410 cuitu
1090 3353 1187 3408 altaris
1203 3351 1243 3404 acl
1257 3349 1380 3404 ecclesio
1393 3346 1516 3402 carcerato
1531 3352 1589 3401 out.
1609 3345 1735 3418 Exurgat
1757 3351 1833 3403 Deus

1003 3446 1031 3499 at
1044 3441 1225 3513 dissipentur
1239 3436 1350 3493 inimici
1366 3437 1441 3507 ojus.
1457 3438 1502 3490 Ρε.
1518 3435 1619 3506 Ipsum,
1629 3433 1781 3506 usquedum
1790 3451 1833 3491 rre-

1002 3534 1081 3587 airas
1095 3532 1197 3585 iterum
1212 3530 1276 3582 reato
1295 3527 1384 3580 (altare
1391 3523 1673 3595 sparqeasdcsuperct
1681 3523 1835 3579 incircuitu

1003 3618 1123 3674 coelestio
1136 3613 1256 3670 concredo
1271 3620 1327 3668 out.
1345 3610 1397 3675 eri
1414 3609 1526 3665 habitat
1544 3610 1574 3666 in
1590 3610 1736 3682 adjutorio
1753 3611 1835 3667 altis·

1004 3706 1082 3773 simi,
1098 3705 1127 3759 in
1144 3701 1321 3777 protectione
1338 3700 1384 3755 boi
1401 3697 1464 3754 ercli
1480 3699 1725 3755 commorabitur.
1737 3702 1782 3757 l's.
1795 3702 1835 3772 ip·

1003 3813 1073 3862 sum,
1089 3802 1115 3850 ct
1129 3792 1211 3848 rnittit
1224 3809 1259 3848 er
1274 3791 1409 3846 oiirristrir
1423 3796 1471 3844 arat
1495 3788 1603 3844 clericis
1627 3788 1693 3844 dicos
1712 3790 1755 3844 vel
1770 3796 1832 3854 tres,

1005 3887 1054 3957 qui
1067 3884 1235 3939 ertriuscous
1248 3881 1370 3936 ecclcsiae
1394 3880 1498 3950 paritor
1523 3895 1581 3933 aloa
1605 3879 1663 3933 rice
1684 3879 1831 3950 psallentes

1006 3979 1146 4047 sparqaat.

1043 4065 1142 4118 lterum
1157 4061 1213 4132 ipse
1225 4059 1350 4131 portitor
1370 4056 1443 4113 radit
1457 4057 1489 4113 lle
1513 4058 1574 4131 ipso
1597 4056 1686 4113 altaro
1707 4073 1838 4132 sparqcn-

1007 4153 1072 4208 llum
1085 4167 1134 4222 por
1148 4147 1269 4205 locedium
1282 4147 1401 4204 ccclesia
1414 4148 1443 4202 ia
1454 4148 1565 4219 tanqum
1579 4154 1605 4203 et
1618 4148 1649 4202 ia
1662 4147 1716 4204 lato
1729 4147 1836 4202 simili·

1007 4250 1049 4298 ter
1058 4256 1165 4296 cererem
1178 4237 1313 4309 sarciendo,
1329 4237 1387 4292 siae
1400 4252 1449 4308 per
1463 4253 1542 4292 orrrno
1553 4237 1742 4309 pauimentum
1759 4250 1837 4306 spur·
1914 4260 1921 4271 ·

1007 4330 1102 4404 parchi,
1118 4345 1180 4383 cuam
1195 4327 1302 4399 (calipti.
1313 4331 1421 4382 Domus
1436 4343 1501 4382 mea
1516 4327 1621 4382 domus
1637 4320 1836 4378 orationisvo-

1009 4418 1133 4476 cabitur.
1151 4423 1175 4480 i.
1190 4416 1320 4473 Narrabo
1336 4432 1442 4470 nomen
1457 4420 1540 4470 tuum
1557 4410 1697 4467 iratribus
1712 4409 1796 4477 mois,
1807 4407 1838 4465 in

971 4507 1104 4586 qqnaodio
1119 4505 1246 4562 eoitlosim
1263 4505 1387 4560 laudabo
1406 4507 1443 4558 to.
1460 4509 1486 4557 et
1501 4498 1608 4556 Gloria.
1625 4499 1657 4554 Et
1681 4498 1792 4555 recalces
1809 4500 1839 4554 ia

1010 4597 1097 4654 rrrcvlio
1112 4596 1234 4651 eutasio
1248 4594 1316 4648 elicit
1327 4612 1338 4646 :
1353 4592 1486 4657 Oramus,
1502 4597 1529 4645 et
1541 4587 1840 4654 diaconus,llsotamus

1009 4704 1114 4762 genua.
1133 4685 1245 4749 Levato,
1262 4688 1288 4736 ct
1299 4681 1366 4735 dicit
1380 4681 1533 4734 orationem
1549 4681 1628 4734 ostiam
1644 4697 1654 4732 :

1048 4780 1132 4840 Dens,
1159 4771 1208 4842 qui
1240 4770 1303 4825 loca
1326 4766 1510 4823 nominituo
1534 4767 1631 4824 dicata
1658 4766 1837 4832 sanctificas,

1011 4863 1128 4920 aliunde
1142 4875 1230 4933 super
1244 4857 1320 4913 hanc
1331 4856 1599 4914 orationisdomum
1609 4854 1733 4930 gratiam
1743 4858 1838 4922 tuam,

1012 4957 1045 5008 nt
1058 4949 1196 5007 omnibus
1210 4947 1258 5002 hic
1273 4946 1477 5002 invocantibus
1487 4946 1663 5018 tcauxilium
1680 4948 1739 5002 luia
1755 4941 1842 4999 mise-

1015 5039 1145 5097 ricordire
1172 5037 1327 5103 sentiatur,
1344 5053 1405 5109 por.
1422 5037 1525 5092 lterum
1547 5036 1615 5090 dicit
1628 5053 1638 5089 .·
1653 5034 1777 5089 Oramus
1793 5049 1801 5087 ι
1816 5039 1843 5089 et

1016 5131 1143 5187 dircoous
1168 5127 1235 5183 dicit
1250 5145 1261 5181 .·
1276 5125 1429 5181 flectamus
1452 5141 1557 5197 genna.
1583 5123 1695 5179 Levato.
1712 5123 1843 5196 Sequitur

1016 5221 1128 5275 oratio:

1054 5309 1129 5363 Doris
1157 5303 1424 5362 sanctificationum
1452 5301 1638 5374 omnipotens
1665 5299 1842 5367 dominator,

1017 5399 1102 5469 cnjus
1118 5396 1209 5469 pietas
1224 5395 1287 5450 sinc
1302 5393 1359 5448 sino
1384 5390 1519 5447 sentitur.
1536 5395 1611 5447 Deus
1635 5390 1686 5463 qui
1714 5389 1843 5446 ooeleslia

1018 5486 1105 5544 simul
1122 5492 1150 5542 et
1166 5491 1281 5542 terreno
1302 5480 1514 5555 complecteris,
1533 5497 1652 5537 servans
1679 5479 1843 5537 misericor-

1018 5577 1096 5631 diaur
1113 5581 1193 5632 tuam
1209 5571 1316 5647 populu
1332 5575 1381 5627 tuo
1396 5569 1558 5627 ambulanti
1574 5574 1641 5629 ante
1655 5573 1845 5644 conspectam
