<?xml version="1.0" encoding="UTF-8"?>
<!DOCTYPE html PUBLIC "-//W3C//DTD XHTML 1.0 Transitional//EN"
    "http://www.w3.org/TR/xhtml1/DTD/xhtml1-transitional.dtd">
<html xmlns="http://www.w3.org/1999/xhtml" xml:lang="en" lang="en">
 <head>
  <title>
</title>
<meta http-equiv="Content-Type" content="text/html;charset=utf-8" />
  <meta name='ocr-system' content='tesseract 3.04.00' />
  <meta name='ocr-capabilities' content='ocr_page ocr_carea ocr_par ocr_line ocrx_word'/>
</head>
<body>
  <div class='ocr_page' id='page_1' title='image "./patrologiaecurs24unkngoog_0141.png"; bbox 0 0 3878 6096; ppageno 0'>
   <div class='ocr_carea' id='block_1_1' title="bbox 111 324 170 388">
    <p class='ocr_par' dir='ltr' id='par_1_1' title="bbox 111 324 170 388">
     <span class='ocr_line' id='line_1_1' title="bbox 111 324 170 388; baseline 0 0"><span class='ocrx_word' id='word_1_1' title='bbox 111 324 170 388; x_wconf 69' lang='lat' dir='ltr'>stt</span> 
     </span>
    </p>
   </div>
   <div class='ocr_carea' id='block_1_2' title="bbox 538 318 1378 390">
    <p class='ocr_par' dir='ltr' id='par_1_2' title="bbox 538 318 1378 390">
     <span class='ocr_line' id='line_1_2' title="bbox 538 318 1378 390; baseline 0 -2"><span class='ocrx_word' id='word_1_2' title='bbox 538 322 705 388; x_wconf 81' lang='lat' dir='ltr'><strong>APPEND.</strong></span> <span class='ocrx_word' id='word_1_3' title='bbox 729 318 895 388; x_wconf 81' lang='lat' dir='ltr'>hli·SAEG.</span> <span class='ocrx_word' id='word_1_4' title='bbox 917 323 953 385; x_wconf 86' lang='grc' dir='ltr'>Χ.</span> <span class='ocrx_word' id='word_1_5' title='bbox 972 355 1009 366; x_wconf 94' lang='lat'>-</span> <span class='ocrx_word' id='word_1_6' title='bbox 1026 321 1157 385; x_wconf 77' lang='lat' dir='ltr'>ornat</span> <span class='ocrx_word' id='word_1_7' title='bbox 1179 337 1378 390; x_wconf 80' lang='lat' dir='ltr'>xxasuorritx.</span> 
     </span>
    </p>
   </div>
   <div class='ocr_carea' id='block_1_3' title="bbox 1758 317 1822 381">
    <p class='ocr_par' dir='ltr' id='par_1_3' title="bbox 1758 317 1822 381">
     <span class='ocr_line' id='line_1_3' title="bbox 1758 317 1822 381; baseline 0.031 -2"><span class='ocrx_word' id='word_1_8' title='bbox 1758 317 1822 381; x_wconf 72' lang='lat'>276</span> 
     </span>
    </p>
   </div>
   <div class='ocr_carea' id='block_1_4' title="bbox 112 455 1819 530">
    <p class='ocr_par' dir='ltr' id='par_1_4' title="bbox 112 455 1819 530">
     <span class='ocr_line' id='line_1_4' title="bbox 112 455 1819 530; baseline -0.004 -12"><span class='ocrx_word' id='word_1_9' title='bbox 112 459 294 518; x_wconf 74' lang='lat' dir='ltr'>nobilitatem</span> <span class='ocrx_word' id='word_1_10' title='bbox 311 475 328 516; x_wconf 96' lang='lat' dir='ltr'>a</span> <span class='ocrx_word' id='word_1_11' title='bbox 343 457 460 527; x_wconf 73' lang='lat' dir='ltr'>multis:</span> <span class='ocrx_word' id='word_1_12' title='bbox 478 460 635 516; x_wconf 74' lang='lat' dir='ltr'>decedente</span> <span class='ocrx_word' id='word_1_13' title='bbox 649 476 715 516; x_wconf 91' lang='lat' dir='ltr'>vero</span> <span class='ocrx_word' id='word_1_14' title='bbox 732 459 768 515; x_wconf 87' lang='lat' dir='ltr'>ab</span> <span class='ocrx_word' id='word_1_15' title='bbox 794 459 848 515; x_wconf 91' lang='lat' dir='ltr'>hae</span> <span class='ocrx_word' id='word_1_16' title='bbox 873 457 937 514; x_wconf 90' lang='lat' dir='ltr'>luco</span> <span class='ocrx_word' id='word_1_17' title='bbox 950 458 979 526; x_wconf 75' lang='lat' dir='ltr'>A</span> <span class='ocrx_word' id='word_1_18' title='bbox 993 474 1056 513; x_wconf 88' lang='lat' dir='ltr'>cern</span> <span class='ocrx_word' id='word_1_19' title='bbox 1081 456 1225 530; x_wconf 86' lang='lat' dir='ltr'>ipsorum,</span> <span class='ocrx_word' id='word_1_20' title='bbox 1250 472 1396 529; x_wconf 83' lang='lat' dir='ltr'>occupans</span> <span class='ocrx_word' id='word_1_21' title='bbox 1420 456 1580 514; x_wconf 80' lang='lat' dir='ltr'>devastavit</span> <span class='ocrx_word' id='word_1_22' title='bbox 1604 455 1819 529; x_wconf 83' lang='lat' dir='ltr'>permaximam</span> 
     </span>
    </p>
   </div>
   <div class='ocr_carea' id='block_1_5' title="bbox 111 547 939 1596">
    <p class='ocr_par' dir='ltr' id='par_1_5' title="bbox 111 547 939 1596">
     <span class='ocr_line' id='line_1_5' title="bbox 111 547 937 622; baseline -0.006 -15"><span class='ocrx_word' id='word_1_23' title='bbox 111 552 224 607; x_wconf 83' lang='lat' dir='ltr'>loanue</span> <span class='ocrx_word' id='word_1_24' title='bbox 238 547 373 622; x_wconf 77' lang='lat' dir='ltr'>presule,</span> <span class='ocrx_word' id='word_1_25' title='bbox 388 565 454 604; x_wconf 91' lang='lat' dir='ltr'>eum</span> <span class='ocrx_word' id='word_1_26' title='bbox 471 549 507 604; x_wconf 90' lang='lat' dir='ltr'>do</span> <span class='ocrx_word' id='word_1_27' title='bbox 522 549 712 604; x_wconf 85' lang='lat' dir='ltr'>restaurando</span> <span class='ocrx_word' id='word_1_28' title='bbox 723 549 859 621; x_wconf 79' lang='lat' dir='ltr'>pontifice</span> <span class='ocrx_word' id='word_1_29' title='bbox 870 564 937 603; x_wconf 88' lang='lat' dir='ltr'>con-</span> 
     </span>
     <span class='ocr_line' id='line_1_6' title="bbox 113 638 936 713; baseline -0.005 -18"><span class='ocrx_word' id='word_1_30' title='bbox 113 644 294 713; x_wconf 80' lang='lat' dir='ltr'>quereretur,</span> <span class='ocrx_word' id='word_1_31' title='bbox 312 638 426 693; x_wconf 89' lang='lat' dir='ltr'>laveute</span> <span class='ocrx_word' id='word_1_32' title='bbox 441 638 564 692; x_wconf 84' lang='lat' dir='ltr'>Henrico</span> <span class='ocrx_word' id='word_1_33' title='bbox 581 638 664 702; x_wconf 81' lang='lat' dir='ltr'>duos,</span> <span class='ocrx_word' id='word_1_34' title='bbox 679 641 767 707; x_wconf 87' lang='lat' dir='ltr'>utque</span> <span class='ocrx_word' id='word_1_35' title='bbox 789 640 936 691; x_wconf 83' lang='lat' dir='ltr'>annuente</span> 
     </span>
     <span class='ocr_line' id='line_1_7' title="bbox 114 724 936 801; baseline -0.009 -16"><span class='ocrx_word' id='word_1_36' title='bbox 114 730 239 785; x_wconf 87' lang='lat' dir='ltr'>ltoberto</span> <span class='ocrx_word' id='word_1_37' title='bbox 255 744 331 801; x_wconf 85' lang='lat' dir='ltr'>rege,</span> <span class='ocrx_word' id='word_1_38' title='bbox 347 727 458 783; x_wconf 88' lang='lat' dir='ltr'>electus</span> <span class='ocrx_word' id='word_1_39' title='bbox 474 730 517 781; x_wconf 90' lang='lat' dir='ltr'>est</span> <span class='ocrx_word' id='word_1_40' title='bbox 533 743 566 780; x_wconf 86' lang='lat' dir='ltr'>ex</span> <span class='ocrx_word' id='word_1_41' title='bbox 582 741 661 780; x_wconf 90' lang='lat' dir='ltr'>more</span> <span class='ocrx_word' id='word_1_42' title='bbox 677 725 833 797; x_wconf 70' lang='lat' dir='ltr'>praedictus</span> <span class='ocrx_word' id='word_1_43' title='bbox 853 724 936 797; x_wconf 89' lang='lat' dir='ltr'>Hugo</span> 
     </span>
     <span class='ocr_line' id='line_1_8' title="bbox 114 812 937 884; baseline -0.009 -9"><span class='ocrx_word' id='word_1_44' title='bbox 114 836 148 875; x_wconf 89' lang='lat' dir='ltr'>ao</span> <span class='ocrx_word' id='word_1_45' title='bbox 162 820 348 874; x_wconf 87' lang='lat' dir='ltr'>consecratus</span> <span class='ocrx_word' id='word_1_46' title='bbox 365 816 393 871; x_wconf 92' lang='lat' dir='ltr'>in</span> <span class='ocrx_word' id='word_1_47' title='bbox 410 813 533 870; x_wconf 83' lang='lat' dir='ltr'>ecclesia</span> <span class='ocrx_word' id='word_1_48' title='bbox 550 813 625 869; x_wconf 89' lang='lat' dir='ltr'>beati</span> <span class='ocrx_word' id='word_1_49' title='bbox 641 813 788 879; x_wconf 85' lang='lat' dir='ltr'>Germani,</span> <span class='ocrx_word' id='word_1_50' title='bbox 811 812 937 884; x_wconf 90' lang='lat' dir='ltr'>indeque</span> 
     </span>
     <span class='ocr_line' id='line_1_9' title="bbox 114 901 937 980; baseline -0.011 -16"><span class='ocrx_word' id='word_1_51' title='bbox 114 905 268 980; x_wconf 90' lang='lat' dir='ltr'>principali</span> <span class='ocrx_word' id='word_1_52' title='bbox 284 905 344 961; x_wconf 92' lang='lat' dir='ltr'>sedi</span> <span class='ocrx_word' id='word_1_53' title='bbox 360 902 553 960; x_wconf 83' lang='lat' dir='ltr'>Autissiodori</span> <span class='ocrx_word' id='word_1_54' title='bbox 568 903 655 957; x_wconf 86' lang='lat' dir='ltr'>dutus</span> <span class='ocrx_word' id='word_1_55' title='bbox 678 901 843 974; x_wconf 87' lang='lat' dir='ltr'>episcopus.</span> <span class='ocrx_word' id='word_1_56' title='bbox 866 902 937 956; x_wconf 87' lang='lat' dir='ltr'>lluic</span> 
     </span>
     <span class='ocr_line' id='line_1_10' title="bbox 115 990 937 1069; baseline -0.011 -16"><span class='ocrx_word' id='word_1_57' title='bbox 115 1015 173 1054; x_wconf 92' lang='lat' dir='ltr'>non</span> <span class='ocrx_word' id='word_1_58' title='bbox 190 1000 317 1069; x_wconf 90' lang='lat' dir='ltr'>parerat</span> <span class='ocrx_word' id='word_1_59' title='bbox 332 991 473 1048; x_wconf 81' lang='lat' dir='ltr'>affinitate</span> <span class='ocrx_word' id='word_1_60' title='bbox 489 1008 647 1063; x_wconf 87' lang='lat' dir='ltr'>germanus</span> <span class='ocrx_word' id='word_1_61' title='bbox 658 992 758 1059; x_wconf 88' lang='lat' dir='ltr'>irater,</span> <span class='ocrx_word' id='word_1_62' title='bbox 774 990 824 1063; x_wconf 93' lang='lat' dir='ltr'>qui</span> <span class='ocrx_word' id='word_1_63' title='bbox 836 990 937 1046; x_wconf 88' lang='lat' dir='ltr'>videli-</span> 
     </span>
     <span class='ocr_line' id='line_1_11' title="bbox 115 1078 937 1151; baseline -0.01 -10"><span class='ocrx_word' id='word_1_64' title='bbox 115 1091 161 1141; x_wconf 87' lang='lat' dir='ltr'>eet</span> <span class='ocrx_word' id='word_1_65' title='bbox 175 1080 356 1138; x_wconf 78' lang='lat' dir='ltr'>hereditario</span> <span class='ocrx_word' id='word_1_66' title='bbox 367 1081 435 1150; x_wconf 84' lang='lat' dir='ltr'>jure</span> <span class='ocrx_word' id='word_1_67' title='bbox 450 1095 497 1134; x_wconf 85' lang='lat' dir='ltr'>res</span> <span class='ocrx_word' id='word_1_68' title='bbox 513 1083 649 1151; x_wconf 88' lang='lat' dir='ltr'>paternas</span> <span class='ocrx_word' id='word_1_69' title='bbox 664 1095 763 1150; x_wconf 87' lang='lat' dir='ltr'>regere</span> <span class='ocrx_word' id='word_1_70' title='bbox 783 1078 937 1151; x_wconf 91' lang='lat' dir='ltr'>potuisset,</span> 
     </span>
     <span class='ocr_line' id='line_1_12' title="bbox 114 1167 937 1240; baseline -0.009 -12"><span class='ocrx_word' id='word_1_71' title='bbox 114 1173 222 1228; x_wconf 89' lang='lat' dir='ltr'>idcirco</span> <span class='ocrx_word' id='word_1_72' title='bbox 238 1168 421 1224; x_wconf 82' lang='lat' dir='ltr'>multimodis</span> <span class='ocrx_word' id='word_1_73' title='bbox 437 1167 854 1240; x_wconf 83' lang='lat' dir='ltr'>perturbationibusirretitae,</span> <span class='ocrx_word' id='word_1_74' title='bbox 866 1168 937 1222; x_wconf 88' lang='lat' dir='ltr'>dum</span> 
     </span>
     <span class='ocr_line' id='line_1_13' title="bbox 114 1257 939 1331; baseline -0.006 -15"><span class='ocrx_word' id='word_1_75' title='bbox 114 1257 939 1331; x_wconf 86' lang='lat' dir='ltr'>utriusquehouorisoccuparetureuris,minusprodesse</span> 
     </span>
     <span class='ocr_line' id='line_1_14' title="bbox 115 1344 939 1423; baseline -0.007 -17"><span class='ocrx_word' id='word_1_76' title='bbox 115 1353 227 1423; x_wconf 92' lang='lat' dir='ltr'>poterat</span> <span class='ocrx_word' id='word_1_77' title='bbox 242 1346 381 1418; x_wconf 80' lang='lat' dir='ltr'>siugulis3</span> <span class='ocrx_word' id='word_1_78' title='bbox 398 1345 519 1417; x_wconf 88' lang='lat' dir='ltr'>contigit</span> <span class='ocrx_word' id='word_1_79' title='bbox 534 1346 621 1401; x_wconf 89' lang='lat' dir='ltr'>etiarn</span> <span class='ocrx_word' id='word_1_80' title='bbox 637 1350 707 1400; x_wconf 89' lang='lat' dir='ltr'>tune</span> <span class='ocrx_word' id='word_1_81' title='bbox 723 1344 863 1418; x_wconf 91' lang='lat' dir='ltr'>temporis</span> <span class='ocrx_word' id='word_1_82' title='bbox 874 1348 939 1417; x_wconf 88' lang='lat' dir='ltr'>post</span> 
     </span>
     <span class='ocr_line' id='line_1_15' title="bbox 114 1434 938 1506; baseline -0.007 -11"><span class='ocrx_word' id='word_1_83' title='bbox 114 1443 238 1495; x_wconf 90' lang='lat' dir='ltr'>mortern</span> <span class='ocrx_word' id='word_1_84' title='bbox 254 1436 365 1492; x_wconf 89' lang='lat' dir='ltr'>scillcet</span> <span class='ocrx_word' id='word_1_85' title='bbox 381 1434 494 1490; x_wconf 87' lang='lat' dir='ltr'>lleurici</span> <span class='ocrx_word' id='word_1_86' title='bbox 511 1434 605 1495; x_wconf 83' lang='lat' dir='ltr'>ducis,</span> <span class='ocrx_word' id='word_1_87' title='bbox 622 1434 671 1506; x_wconf 88' lang='lat' dir='ltr'>qui</span> <span class='ocrx_word' id='word_1_88' title='bbox 688 1435 752 1504; x_wconf 83' lang='lat' dir='ltr'>ejus</span> <span class='ocrx_word' id='word_1_89' title='bbox 767 1450 938 1504; x_wconf 85' lang='lat' dir='ltr'>germanam</span> 
     </span>
     <span class='ocr_line' id='line_1_16' title="bbox 115 1523 938 1596; baseline -0.009 -12"><span class='ocrx_word' id='word_1_90' title='bbox 115 1544 238 1585; x_wconf 86' lang='lat' dir='ltr'>uxorem</span> <span class='ocrx_word' id='word_1_91' title='bbox 255 1527 387 1596; x_wconf 85' lang='lat' dir='ltr'>duxerat,</span> <span class='ocrx_word' id='word_1_92' title='bbox 400 1530 431 1578; x_wconf 93' lang='lat' dir='ltr'>ut</span> <span class='ocrx_word' id='word_1_93' title='bbox 442 1524 683 1596; x_wconf 81' lang='lat' dir='ltr'>Burgundionum</span> <span class='ocrx_word' id='word_1_94' title='bbox 697 1523 868 1595; x_wconf 78' lang='lat' dir='ltr'>permaximi</span> <span class='ocrx_word' id='word_1_95' title='bbox 878 1524 938 1596; x_wconf 87' lang='lat' dir='ltr'>regi</span> 
     </span>
    </p>
   </div>
   <div class='ocr_carea' id='block_1_6' title="bbox 989 545 1824 1594">
    <p class='ocr_par' dir='ltr' id='par_1_6' title="bbox 989 545 1824 1594">
     <span class='ocr_line' id='line_1_17' title="bbox 991 545 1820 619; baseline 0.001 -18"><span class='ocrx_word' id='word_1_96' title='bbox 991 547 1166 619; x_wconf 79' lang='lat' dir='ltr'>burgundia</span> <span class='ocrx_word' id='word_1_97' title='bbox 1182 549 1305 619; x_wconf 88' lang='lat' dir='ltr'>partem.</span> <span class='ocrx_word' id='word_1_98' title='bbox 1322 545 1453 618; x_wconf 86' lang='lat' dir='ltr'>Cumque</span> <span class='ocrx_word' id='word_1_99' title='bbox 1469 545 1606 618; x_wconf 88' lang='lat' dir='ltr'>primitus</span> <span class='ocrx_word' id='word_1_100' title='bbox 1621 546 1657 601; x_wconf 86' lang='lat' dir='ltr'>ad</span> <span class='ocrx_word' id='word_1_101' title='bbox 1670 545 1820 602; x_wconf 88' lang='lat' dir='ltr'>civitatem</span> 
     </span>
     <span class='ocr_line' id='line_1_18' title="bbox 989 633 1817 706; baseline -0.001 -16"><span class='ocrx_word' id='word_1_102' title='bbox 989 634 1275 690; x_wconf 84' lang='lat' dir='ltr'>Autissiodoreusem</span> <span class='ocrx_word' id='word_1_103' title='bbox 1301 634 1474 700; x_wconf 81' lang='lat' dir='ltr'>devenisset,</span> <span class='ocrx_word' id='word_1_104' title='bbox 1500 633 1678 690; x_wconf 80' lang='lat' dir='ltr'>vulcuseam</span> <span class='ocrx_word' id='word_1_105' title='bbox 1703 650 1817 706; x_wconf 88' lang='lat' dir='ltr'>capere,</span> 
     </span>
     <span class='ocr_line' id='line_1_19' title="bbox 991 721 1820 796; baseline 0 -19"><span class='ocrx_word' id='word_1_106' title='bbox 991 724 1067 794; x_wconf 88' lang='lat' dir='ltr'>quod</span> <span class='ocrx_word' id='word_1_107' title='bbox 1085 724 1176 779; x_wconf 81' lang='lat' dir='ltr'>fertur</span> <span class='ocrx_word' id='word_1_108' title='bbox 1190 722 1254 778; x_wconf 91' lang='lat' dir='ltr'>urbi</span> <span class='ocrx_word' id='word_1_109' title='bbox 1271 722 1312 777; x_wconf 91' lang='lat' dir='ltr'>illi</span> <span class='ocrx_word' id='word_1_110' title='bbox 1326 740 1477 795; x_wconf 73' lang='lat' dir='ltr'>utinquam</span> <span class='ocrx_word' id='word_1_111' title='bbox 1485 721 1820 796; x_wconf 86' lang='lat' dir='ltr'>contigisse,civesejus-</span> 
     </span>
     <span class='ocr_line' id='line_1_20' title="bbox 991 810 1819 879; baseline -0.001 -12"><span class='ocrx_word' id='word_1_112' title='bbox 991 813 1057 867; x_wconf 87' lang='lat' dir='ltr'>‹lern</span> <span class='ocrx_word' id='word_1_113' title='bbox 1074 811 1156 866; x_wconf 87' lang='lat' dir='ltr'>urhis</span> <span class='ocrx_word' id='word_1_114' title='bbox 1172 811 1285 867; x_wconf 85' lang='lat' dir='ltr'>sortiter</span> <span class='ocrx_word' id='word_1_115' title='bbox 1304 810 1329 866; x_wconf 92' lang='lat' dir='ltr'>ei</span> <span class='ocrx_word' id='word_1_116' title='bbox 1346 811 1527 868; x_wconf 90' lang='lat' dir='ltr'>restiterunt.</span> <span class='ocrx_word' id='word_1_117' title='bbox 1554 811 1674 879; x_wconf 87' lang='lat' dir='ltr'>Dehinc,</span> <span class='ocrx_word' id='word_1_118' title='bbox 1697 810 1819 867; x_wconf 86' lang='lat' dir='ltr'>eumad</span> 
     </span>
     <span class='ocr_line' id='line_1_21' title="bbox 991 900 1819 973; baseline -0.001 -17"><span class='ocrx_word' id='word_1_119' title='bbox 991 902 1068 956; x_wconf 86' lang='lat' dir='ltr'>beati</span> <span class='ocrx_word' id='word_1_120' title='bbox 1082 900 1218 956; x_wconf 88' lang='lat' dir='ltr'>Germani</span> <span class='ocrx_word' id='word_1_121' title='bbox 1249 905 1378 956; x_wconf 88' lang='lat' dir='ltr'>castrum</span> <span class='ocrx_word' id='word_1_122' title='bbox 1404 901 1631 973; x_wconf 82' lang='lat' dir='ltr'>expugnandum</span> <span class='ocrx_word' id='word_1_123' title='bbox 1658 905 1720 957; x_wconf 90' lang='lat' dir='ltr'>tota</span> <span class='ocrx_word' id='word_1_124' title='bbox 1741 900 1819 973; x_wconf 83' lang='lat' dir='ltr'>regis</span> 
     </span>
     <span class='ocr_line' id='line_1_22' title="bbox 992 988 1818 1062; baseline 0 -18"><span class='ocrx_word' id='word_1_125' title='bbox 992 989 1128 1062; x_wconf 86' lang='lat' dir='ltr'>phalanx,</span> <span class='ocrx_word' id='word_1_126' title='bbox 1145 989 1283 1061; x_wconf 89' lang='lat' dir='ltr'>idemque</span> <span class='ocrx_word' id='word_1_127' title='bbox 1308 1006 1356 1044; x_wconf 88' lang='lat' dir='ltr'>rex</span> <span class='ocrx_word' id='word_1_128' title='bbox 1382 988 1520 1045; x_wconf 85' lang='lat' dir='ltr'>loricatus</span> <span class='ocrx_word' id='word_1_129' title='bbox 1544 990 1716 1056; x_wconf 74' lang='lat' dir='ltr'>intenderet,</span> <span class='ocrx_word' id='word_1_130' title='bbox 1744 992 1818 1044; x_wconf 90' lang='lat' dir='ltr'>nutu</span> 
     </span>
     <span class='ocr_line' id='line_1_23' title="bbox 992 1076 1818 1146; baseline 0.002 -14"><span class='ocrx_word' id='word_1_131' title='bbox 992 1079 1090 1132; x_wconf 82' lang='lat' dir='ltr'>divino</span> <span class='ocrx_word' id='word_1_132' title='bbox 1105 1077 1234 1146; x_wconf 90' lang='lat' dir='ltr'>territus,</span> <span class='ocrx_word' id='word_1_133' title='bbox 1251 1095 1317 1133; x_wconf 90' lang='lat' dir='ltr'>cum</span> <span class='ocrx_word' id='word_1_134' title='bbox 1333 1076 1426 1133; x_wconf 92' lang='lat' dir='ltr'>multa</span> <span class='ocrx_word' id='word_1_135' title='bbox 1441 1078 1517 1133; x_wconf 77' lang='lat' dir='ltr'>crede</span> <span class='ocrx_word' id='word_1_136' title='bbox 1543 1095 1663 1134; x_wconf 90' lang='lat' dir='ltr'>suorum</span> <span class='ocrx_word' id='word_1_137' title='bbox 1690 1077 1759 1133; x_wconf 91' lang='lat' dir='ltr'>inde</span> <span class='ocrx_word' id='word_1_138' title='bbox 1774 1094 1818 1134; x_wconf 88' lang='lat' dir='ltr'>re·</span> 
     </span>
     <span class='ocr_line' id='line_1_24' title="bbox 992 1166 1818 1240; baseline -0.001 -18"><span class='ocrx_word' id='word_1_139' title='bbox 992 1167 1085 1233; x_wconf 91' lang='lat' dir='ltr'>diens,</span> <span class='ocrx_word' id='word_1_140' title='bbox 1103 1166 1263 1238; x_wconf 82' lang='lat' dir='ltr'>penetravit</span> <span class='ocrx_word' id='word_1_141' title='bbox 1274 1166 1388 1222; x_wconf 81' lang='lat' dir='ltr'>Ararim</span> <span class='ocrx_word' id='word_1_142' title='bbox 1404 1183 1497 1238; x_wconf 87' lang='lat' dir='ltr'>usque</span> <span class='ocrx_word' id='word_1_143' title='bbox 1512 1167 1664 1238; x_wconf 81' lang='lat' dir='ltr'>superiora</span> <span class='ocrx_word' id='word_1_144' title='bbox 1684 1171 1818 1240; x_wconf 84' lang='lat' dir='ltr'>Burgun-</span> 
     </span>
     <span class='ocr_line' id='line_1_25' title="bbox 992 1255 1819 1328; baseline 0.002 -19"><span class='ocrx_word' id='word_1_145' title='bbox 992 1255 1057 1319; x_wconf 85' lang='lat' dir='ltr'>diae,</span> <span class='ocrx_word' id='word_1_146' title='bbox 1074 1255 1209 1326; x_wconf 75' lang='lat' dir='ltr'>praedicto</span> <span class='ocrx_word' id='word_1_147' title='bbox 1225 1255 1345 1327; x_wconf 89' lang='lat' dir='ltr'>Hugone</span> <span class='ocrx_word' id='word_1_148' title='bbox 1361 1271 1428 1310; x_wconf 88' lang='lat' dir='ltr'>curn</span> <span class='ocrx_word' id='word_1_149' title='bbox 1444 1271 1477 1311; x_wconf 89' lang='lat' dir='ltr'>eo</span> <span class='ocrx_word' id='word_1_150' title='bbox 1487 1256 1652 1328; x_wconf 78' lang='lat' dir='ltr'>gradiente3</span> <span class='ocrx_word' id='word_1_151' title='bbox 1669 1260 1819 1311; x_wconf 80' lang='lat' dir='ltr'>revertens</span> 
     </span>
     <span class='ocr_line' id='line_1_26' title="bbox 993 1343 1820 1417; baseline 0 -19"><span class='ocrx_word' id='word_1_152' title='bbox 993 1361 1109 1416; x_wconf 88' lang='lat' dir='ltr'>quoque</span> <span class='ocrx_word' id='word_1_153' title='bbox 1125 1360 1174 1399; x_wconf 86' lang='lat' dir='ltr'>rex</span> <span class='ocrx_word' id='word_1_154' title='bbox 1200 1343 1362 1413; x_wconf 68' lang='lat' dir='ltr'>thanniim,</span> <span class='ocrx_word' id='word_1_155' title='bbox 1390 1360 1442 1399; x_wconf 91' lang='lat' dir='ltr'>uee</span> <span class='ocrx_word' id='word_1_156' title='bbox 1471 1347 1543 1400; x_wconf 89' lang='lat' dir='ltr'>tune</span> <span class='ocrx_word' id='word_1_157' title='bbox 1570 1343 1734 1417; x_wconf 87' lang='lat' dir='ltr'>quidquam</span> <span class='ocrx_word' id='word_1_158' title='bbox 1759 1343 1820 1415; x_wconf 82' lang='lat' dir='ltr'>egit</span> 
     </span>
     <span class='ocr_line' id='line_1_27' title="bbox 993 1431 1824 1505; baseline 0.001 -18"><span class='ocrx_word' id='word_1_159' title='bbox 993 1437 1096 1505; x_wconf 80' lang='lat' dir='ltr'>prater</span> <span class='ocrx_word' id='word_1_160' title='bbox 1111 1431 1222 1487; x_wconf 91' lang='lat' dir='ltr'>cladem</span> <span class='ocrx_word' id='word_1_161' title='bbox 1249 1432 1387 1503; x_wconf 76' lang='lat' dir='ltr'>regionis,</span> <span class='ocrx_word' id='word_1_162' title='bbox 1413 1434 1479 1488; x_wconf 78' lang='lat' dir='ltr'>i‘ost</span> <span class='ocrx_word' id='word_1_163' title='bbox 1501 1433 1616 1505; x_wconf 88' lang='lat' dir='ltr'>aliquot</span> <span class='ocrx_word' id='word_1_164' title='bbox 1631 1449 1696 1487; x_wconf 91' lang='lat' dir='ltr'>vero</span> <span class='ocrx_word' id='word_1_165' title='bbox 1723 1438 1824 1488; x_wconf 80' lang='lat' dir='ltr'>annos¹</span> 
     </span>
     <span class='ocr_line' id='line_1_28' title="bbox 993 1520 1820 1594; baseline 0.001 -18"><span class='ocrx_word' id='word_1_166' title='bbox 993 1523 1119 1586; x_wconf 87' lang='lat' dir='ltr'>dierum,</span> <span class='ocrx_word' id='word_1_167' title='bbox 1131 1522 1194 1591; x_wconf 86' lang='lat' dir='ltr'>jum</span> <span class='ocrx_word' id='word_1_168' title='bbox 1210 1521 1280 1576; x_wconf 90' lang='lat' dir='ltr'>dicti</span> <span class='ocrx_word' id='word_1_169' title='bbox 1297 1521 1438 1593; x_wconf 88' lang='lat' dir='ltr'>primores</span> <span class='ocrx_word' id='word_1_170' title='bbox 1455 1522 1629 1594; x_wconf 78' lang='lat' dir='ltr'>Burguudiae</span> <span class='ocrx_word' id='word_1_171' title='bbox 1645 1520 1675 1576; x_wconf 92' lang='lat' dir='ltr'>in</span> <span class='ocrx_word' id='word_1_172' title='bbox 1689 1520 1820 1577; x_wconf 88' lang='lat' dir='ltr'>dilectio·</span> 
     </span>
    </p>
   </div>
   <div class='ocr_carea' id='block_1_7' title="bbox 114 1609 1835 2217">
    <p class='ocr_par' dir='ltr' id='par_1_7' title="bbox 114 1609 1835 2217">
     <span class='ocr_line' id='line_1_29' title="bbox 115 1609 1818 1683; baseline -0.005 -10"><span class='ocrx_word' id='word_1_173' title='bbox 115 1618 240 1673; x_wconf 82' lang='lat' dir='ltr'>ltoherto</span> <span class='ocrx_word' id='word_1_174' title='bbox 256 1613 378 1669; x_wconf 84' lang='lat' dir='ltr'>rebelles</span> <span class='ocrx_word' id='word_1_175' title='bbox 393 1613 559 1677; x_wconf 86' lang='lat' dir='ltr'>existerent,</span> <span class='ocrx_word' id='word_1_176' title='bbox 577 1612 615 1668; x_wconf 90' lang='lat' dir='ltr'>iia</span> <span class='ocrx_word' id='word_1_177' title='bbox 629 1616 662 1668; x_wconf 90' lang='lat' dir='ltr'>ut</span> <span class='ocrx_word' id='word_1_178' title='bbox 673 1611 753 1667; x_wconf 91' lang='lat' dir='ltr'>illius</span> <span class='ocrx_word' id='word_1_179' title='bbox 764 1611 867 1668; x_wconf 89' lang='lat' dir='ltr'>ditioni</span> <span class='ocrx_word' id='word_1_180' title='bbox 879 1612 939 1668; x_wconf 89' lang='lat' dir='ltr'>nol·</span> <span class='ocrx_word' id='word_1_181' title='bbox 993 1627 1059 1666; x_wconf 88' lang='lat' dir='ltr'>nem</span> <span class='ocrx_word' id='word_1_182' title='bbox 1076 1610 1153 1680; x_wconf 80' lang='lat' dir='ltr'>regis</span> <span class='ocrx_word' id='word_1_183' title='bbox 1169 1609 1287 1682; x_wconf 81' lang='lat' dir='ltr'>pacifice</span> <span class='ocrx_word' id='word_1_184' title='bbox 1303 1610 1497 1677; x_wconf 86' lang='lat' dir='ltr'>devenerunt;</span> <span class='ocrx_word' id='word_1_185' title='bbox 1515 1627 1566 1682; x_wconf 88' lang='lat' dir='ltr'>per</span> <span class='ocrx_word' id='word_1_186' title='bbox 1581 1610 1818 1683; x_wconf 86' lang='lat' dir='ltr'>Hugonistamen</span> 
     </span>
     <span class='ocr_line' id='line_1_30' title="bbox 116 1697 1818 1775; baseline -0.005 -14"><span class='ocrx_word' id='word_1_187' title='bbox 116 1706 176 1762; x_wconf 91' lang='lat' dir='ltr'>lent</span> <span class='ocrx_word' id='word_1_188' title='bbox 191 1704 369 1775; x_wconf 87' lang='lat' dir='ltr'>omnimodis</span> <span class='ocrx_word' id='word_1_189' title='bbox 384 1718 448 1758; x_wconf 87' lang='lat' dir='ltr'>csse</span> <span class='ocrx_word' id='word_1_190' title='bbox 463 1702 651 1766; x_wconf 66' lang='lat' dir='ltr'>subditique</span> <span class='ocrx_word' id='word_1_191' title='bbox 666 1702 837 1773; x_wconf 85' lang='lat' dir='ltr'>ejuspavere</span> <span class='ocrx_word' id='word_1_192' title='bbox 851 1701 940 1773; x_wconf 89' lang='lat' dir='ltr'>impe·</span> <span class='ocrx_word' id='word_1_193' title='bbox 993 1699 1159 1763; x_wconf 88' lang='lat' dir='ltr'>consilium,</span> <span class='ocrx_word' id='word_1_194' title='bbox 1190 1697 1335 1770; x_wconf 91' lang='lat' dir='ltr'>quidquid</span> <span class='ocrx_word' id='word_1_195' title='bbox 1352 1699 1427 1754; x_wconf 88' lang='lat' dir='ltr'>idem</span> <span class='ocrx_word' id='word_1_196' title='bbox 1458 1700 1616 1754; x_wconf 85' lang='lat' dir='ltr'>rcxl&#39;aoere</span> <span class='ocrx_word' id='word_1_197' title='bbox 1639 1700 1818 1766; x_wconf 78' lang='lat' dir='ltr'>decreverat,</span> 
     </span>
     <span class='ocr_line' id='line_1_31' title="bbox 116 1786 1820 1889; baseline -0.004 -40"><span class='ocrx_word' id='word_1_198' title='bbox 116 1796 185 1860; x_wconf 91' lang='lat' dir='ltr'>riis;</span> <span class='ocrx_word' id='word_1_199' title='bbox 202 1794 377 1865; x_wconf 72' lang='lat' dir='ltr'>praeripuere</span> <span class='ocrx_word' id='word_1_200' title='bbox 392 1791 513 1863; x_wconf 88' lang='lat' dir='ltr'>iusuper</span> <span class='ocrx_word' id='word_1_201' title='bbox 528 1789 645 1846; x_wconf 86' lang='lat' dir='ltr'>sibimet</span> <span class='ocrx_word' id='word_1_202' title='bbox 661 1794 836 1862; x_wconf 85' lang='lat' dir='ltr'>usurpantes</span> <span class='ocrx_word' id='word_1_203' title='bbox 856 1791 939 1846; x_wconf 79' lang='lat' dir='ltr'>sedes</span> <span class='ocrx_word' id='word_1_204' title='bbox 955 1825 978 1889; x_wconf 75' lang='lat' dir='ltr'>B</span> <span class='ocrx_word' id='word_1_205' title='bbox 993 1787 1152 1859; x_wconf 90' lang='lat' dir='ltr'>disposuit;</span> <span class='ocrx_word' id='word_1_206' title='bbox 1165 1787 1259 1859; x_wconf 91' lang='lat' dir='ltr'>eique,</span> <span class='ocrx_word' id='word_1_207' title='bbox 1276 1789 1353 1858; x_wconf 88' lang='lat' dir='ltr'>quod</span> <span class='ocrx_word' id='word_1_208' title='bbox 1370 1787 1501 1860; x_wconf 90' lang='lat' dir='ltr'>accipere</span> <span class='ocrx_word' id='word_1_209' title='bbox 1515 1786 1633 1860; x_wconf 87' lang='lat' dir='ltr'>placuit,</span> <span class='ocrx_word' id='word_1_210' title='bbox 1654 1786 1820 1844; x_wconf 82' lang='lat' dir='ltr'>libent-issi·</span> 
     </span>
     <span class='ocr_line' id='line_1_32' title="bbox 116 1875 1821 1953; baseline -0.004 -14"><span class='ocrx_word' id='word_1_211' title='bbox 116 1888 144 1939; x_wconf 87' lang='lat' dir='ltr'>et</span> <span class='ocrx_word' id='word_1_212' title='bbox 160 1885 254 1939; x_wconf 86' lang='lat' dir='ltr'>costra</span> <span class='ocrx_word' id='word_1_213' title='bbox 270 1881 380 1953; x_wconf 72' lang='lat' dir='ltr'>praelati</span> <span class='ocrx_word' id='word_1_214' title='bbox 397 1880 491 1946; x_wconf 90' lang='lat' dir='ltr'>ducis,</span> <span class='ocrx_word' id='word_1_215' title='bbox 513 1878 648 1935; x_wconf 81' lang='lat' dir='ltr'>avunculi</span> <span class='ocrx_word' id='word_1_216' title='bbox 674 1878 784 1933; x_wconf 91' lang='lat' dir='ltr'>scilicet</span> <span class='ocrx_word' id='word_1_217' title='bbox 806 1879 937 1949; x_wconf 88' lang='lat' dir='ltr'>ejusdem</span> <span class='ocrx_word' id='word_1_218' title='bbox 993 1894 1060 1932; x_wconf 82' lang='lat' dir='ltr'>inus</span> <span class='ocrx_word' id='word_1_219' title='bbox 1076 1876 1260 1932; x_wconf 86' lang='lat' dir='ltr'>condonavit.</span> <span class='ocrx_word' id='word_1_220' title='bbox 1276 1876 1433 1932; x_wconf 81' lang='lat' dir='ltr'>Constituit</span> <span class='ocrx_word' id='word_1_221' title='bbox 1444 1893 1512 1949; x_wconf 86' lang='lat' dir='ltr'>ergo</span> <span class='ocrx_word' id='word_1_222' title='bbox 1528 1893 1580 1948; x_wconf 93' lang='lat' dir='ltr'>pro</span> <span class='ocrx_word' id='word_1_223' title='bbox 1593 1875 1821 1950; x_wconf 88' lang='lat' dir='ltr'>redintegranda</span> 
     </span>
     <span class='ocr_line' id='line_1_33' title="bbox 114 1964 1822 2044; baseline -0.003 -18"><span class='ocrx_word' id='word_1_224' title='bbox 114 1971 202 2044; x_wconf 77' lang='lat' dir='ltr'>regis.</span> <span class='ocrx_word' id='word_1_225' title='bbox 220 1969 271 2025; x_wconf 90' lang='lat' dir='ltr'>llio</span> <span class='ocrx_word' id='word_1_226' title='bbox 285 1969 402 2024; x_wconf 88' lang='lat' dir='ltr'>tandem</span> <span class='ocrx_word' id='word_1_227' title='bbox 420 1966 938 2039; x_wconf 86' lang='lat' dir='ltr'>cumsuisomnihusirreiragabilem</span> <span class='ocrx_word' id='word_1_228' title='bbox 994 1982 1044 2021; x_wconf 84' lang='lat' dir='ltr'>scu</span> <span class='ocrx_word' id='word_1_229' title='bbox 1060 1964 1700 2037; x_wconf 84' lang='lat' dir='ltr'>tirmaudapaceconciliumepiscoporumac</span> <span class='ocrx_word' id='word_1_230' title='bbox 1716 1964 1822 2021; x_wconf 79' lang='lat' dir='ltr'>multo</span> 
     </span>
     <span class='ocr_line' id='line_1_34' title="bbox 116 2053 1835 2129; baseline -0.002 -15"><span class='ocrx_word' id='word_1_231' title='bbox 116 2075 170 2115; x_wconf 80' lang='lat' dir='ltr'>sus</span> <span class='ocrx_word' id='word_1_232' title='bbox 186 2058 246 2129; x_wconf 84' lang='lat' dir='ltr'>regi</span> <span class='ocrx_word' id='word_1_233' title='bbox 262 2056 485 2122; x_wconf 81' lang='lat' dir='ltr'>servansfidem,</span> <span class='ocrx_word' id='word_1_234' title='bbox 503 2055 660 2127; x_wconf 74' lang='lat' dir='ltr'>superinde</span> <span class='ocrx_word' id='word_1_235' title='bbox 668 2055 939 2111; x_wconf 75' lang='lat' dir='ltr'>ceteroruminimi·</span> <span class='ocrx_word' id='word_1_236' title='bbox 994 2072 1059 2109; x_wconf 88' lang='lat' dir='ltr'>rurn</span> <span class='ocrx_word' id='word_1_237' title='bbox 1074 2054 1383 2125; x_wconf 89' lang='lat' dir='ltr'>tamnobiliumquam</span> <span class='ocrx_word' id='word_1_238' title='bbox 1394 2053 1835 2126; x_wconf 82' lang='lat' dir='ltr'>plebeiorumiunumeraemul·&#39;</span> 
     </span>
     <span class='ocr_line' id='line_1_35' title="bbox 115 2142 1821 2217; baseline -0.003 -14"><span class='ocrx_word' id='word_1_239' title='bbox 115 2147 200 2204; x_wconf 86' lang='lat' dir='ltr'>eilias</span> <span class='ocrx_word' id='word_1_240' title='bbox 215 2146 281 2202; x_wconf 87' lang='lat' dir='ltr'>sorti</span> <span class='ocrx_word' id='word_1_241' title='bbox 296 2146 394 2201; x_wconf 88' lang='lat' dir='ltr'>auimo</span> <span class='ocrx_word' id='word_1_242' title='bbox 403 2145 453 2200; x_wconf 92' lang='lat' dir='ltr'>diu</span> <span class='ocrx_word' id='word_1_243' title='bbox 467 2144 653 2217; x_wconf 89' lang='lat' dir='ltr'>multumque</span> <span class='ocrx_word' id='word_1_244' title='bbox 661 2145 811 2212; x_wconf 89' lang='lat' dir='ltr'>sustinuit,</span> <span class='ocrx_word' id='word_1_245' title='bbox 824 2161 857 2200; x_wconf 87' lang='lat' dir='ltr'>ac</span> <span class='ocrx_word' id='word_1_246' title='bbox 868 2144 941 2199; x_wconf 92' lang='lat' dir='ltr'>mul·</span> <span class='ocrx_word' id='word_1_247' title='bbox 993 2142 1322 2207; x_wconf 85' lang='lat' dir='ltr'>titudinisinoomitatu,</span> <span class='ocrx_word' id='word_1_248' title='bbox 1334 2143 1620 2215; x_wconf 87' lang='lat' dir='ltr'>quemguhcruabat,</span> <span class='ocrx_word' id='word_1_249' title='bbox 1632 2142 1821 2200; x_wconf 88' lang='lat' dir='ltr'>Cabilloneu&#39;-</span> 
     </span>
    </p>
   </div>
   <div class='ocr_carea' id='block_1_8' title="bbox 111 2233 942 3013">
    <p class='ocr_par' dir='ltr' id='par_1_8' title="bbox 111 2233 942 3013">
     <span class='ocr_line' id='line_1_36' title="bbox 115 2233 940 2306; baseline -0.004 -15"><span class='ocrx_word' id='word_1_250' title='bbox 115 2236 202 2292; x_wconf 88' lang='lat' dir='ltr'>toties</span> <span class='ocrx_word' id='word_1_251' title='bbox 218 2252 235 2290; x_wconf 86' lang='lat' dir='ltr'>a</span> <span class='ocrx_word' id='word_1_252' title='bbox 249 2235 317 2290; x_wconf 91' lang='lat' dir='ltr'>sede</span> <span class='ocrx_word' id='word_1_253' title='bbox 333 2233 451 2306; x_wconf 87' lang='lat' dir='ltr'>propria</span> <span class='ocrx_word' id='word_1_254' title='bbox 465 2233 631 2304; x_wconf 90' lang='lat' dir='ltr'>prohibitus</span> <span class='ocrx_word' id='word_1_255' title='bbox 647 2239 769 2304; x_wconf 85' lang='lat' dir='ltr'>paterna</span> <span class='ocrx_word' id='word_1_256' title='bbox 785 2237 940 2289; x_wconf 88' lang='lat' dir='ltr'>contentus</span> 
     </span>
     <span class='ocr_line' id='line_1_37' title="bbox 116 2319 941 2402; baseline -0.004 -22"><span class='ocrx_word' id='word_1_257' title='bbox 116 2323 301 2397; x_wconf 87' lang='lat' dir='ltr'>possessione</span> <span class='ocrx_word' id='word_1_258' title='bbox 317 2338 450 2385; x_wconf 88' lang='lat' dir='ltr'>suorum,</span> <span class='ocrx_word' id='word_1_259' title='bbox 461 2320 511 2393; x_wconf 92' lang='lat' dir='ltr'>qui</span> <span class='ocrx_word' id='word_1_260' title='bbox 522 2321 604 2375; x_wconf 91' lang='lat' dir='ltr'>illum</span> <span class='ocrx_word' id='word_1_261' title='bbox 613 2319 696 2376; x_wconf 87' lang='lat' dir='ltr'>valde</span> <span class='ocrx_word' id='word_1_262' title='bbox 709 2322 879 2402; x_wconf 72' lang='lat' dir='ltr'>diligebant,</span> <span class='ocrx_word' id='word_1_263' title='bbox 888 2322 941 2377; x_wconf 90' lang='lat' dir='ltr'>iul·</span> 
     </span>
     <span class='ocr_line' id='line_1_38' title="bbox 114 2409 938 2482; baseline -0.001 -15"><span class='ocrx_word' id='word_1_264' title='bbox 114 2418 164 2468; x_wconf 91' lang='lat' dir='ltr'>tus</span> <span class='ocrx_word' id='word_1_265' title='bbox 179 2409 288 2467; x_wconf 88' lang='lat' dir='ltr'>auxilio</span> <span class='ocrx_word' id='word_1_266' title='bbox 303 2409 422 2464; x_wconf 90' lang='lat' dir='ltr'>mansit.</span> <span class='ocrx_word' id='word_1_267' title='bbox 448 2409 565 2473; x_wconf 84' lang='lat' dir='ltr'>Quoties</span> <span class='ocrx_word' id='word_1_268' title='bbox 580 2427 646 2464; x_wconf 91' lang='lat' dir='ltr'>vero</span> <span class='ocrx_word' id='word_1_269' title='bbox 671 2409 793 2482; x_wconf 83' lang='lat' dir='ltr'>contigit</span> <span class='ocrx_word' id='word_1_270' title='bbox 817 2409 858 2464; x_wconf 93' lang='lat' dir='ltr'>illi</span> <span class='ocrx_word' id='word_1_271' title='bbox 871 2428 938 2466; x_wconf 92' lang='lat' dir='ltr'>cum</span> 
     </span>
     <span class='ocr_line' id='line_1_39' title="bbox 116 2497 941 2573; baseline 0.001 -18"><span class='ocrx_word' id='word_1_272' title='bbox 116 2499 251 2556; x_wconf 90' lang='lat' dir='ltr'>hostibus</span> <span class='ocrx_word' id='word_1_273' title='bbox 266 2497 324 2553; x_wconf 89' lang='lat' dir='ltr'>illis</span> <span class='ocrx_word' id='word_1_274' title='bbox 340 2497 485 2569; x_wconf 77' lang='lat' dir='ltr'>predictis</span> <span class='ocrx_word' id='word_1_275' title='bbox 493 2497 657 2569; x_wconf 85' lang='lat' dir='ltr'>nugacibus</span> <span class='ocrx_word' id='word_1_276' title='bbox 668 2498 941 2573; x_wconf 87' lang='lat' dir='ltr'>dimicare,semper</span> 
     </span>
     <span class='ocr_line' id='line_1_40' title="bbox 115 2585 940 2660; baseline 0 -16"><span class='ocrx_word' id='word_1_277' title='bbox 115 2586 294 2644; x_wconf 87' lang='lat' dir='ltr'>omnimodis</span> <span class='ocrx_word' id='word_1_278' title='bbox 308 2585 399 2640; x_wconf 87' lang='lat' dir='ltr'>victor</span> <span class='ocrx_word' id='word_1_279' title='bbox 413 2585 531 2651; x_wconf 86' lang='lat' dir='ltr'>exst&#39;tit,</span> <span class='ocrx_word' id='word_1_280' title='bbox 549 2590 576 2641; x_wconf 91' lang='lat' dir='ltr'>et</span> <span class='ocrx_word' id='word_1_281' title='bbox 592 2602 649 2641; x_wconf 93' lang='lat' dir='ltr'>non</span> <span class='ocrx_word' id='word_1_282' title='bbox 666 2586 823 2658; x_wconf 91' lang='lat' dir='ltr'>immerito,</span> <span class='ocrx_word' id='word_1_283' title='bbox 836 2605 940 2660; x_wconf 89' lang='lat' dir='ltr'>nempe</span> 
     </span>
     <span class='ocr_line' id='line_1_41' title="bbox 111 2673 941 2748; baseline 0.004 -17"><span class='ocrx_word' id='word_1_284' title='bbox 111 2677 197 2748; x_wconf 86' lang='lat' dir='ltr'>juxta</span> <span class='ocrx_word' id='word_1_285' title='bbox 210 2679 387 2748; x_wconf 76' lang='lat' dir='ltr'>preceptum</span> <span class='ocrx_word' id='word_1_286' title='bbox 403 2673 546 2745; x_wconf 86' lang='lat' dir='ltr'>apostoli:</span> <span class='ocrx_word' id='word_1_287' title='bbox 565 2676 717 2730; x_wconf 81' lang='lat' dir='ltr'>Dominum</span> <span class='ocrx_word' id='word_1_288' title='bbox 732 2677 833 2744; x_wconf 84' lang='lat' dir='ltr'>timete,</span> <span class='ocrx_word' id='word_1_289' title='bbox 851 2693 941 2747; x_wconf 77' lang='lat' dir='ltr'>repent</span> 
     </span>
     <span class='ocr_line' id='line_1_42' title="bbox 115 2762 941 2836; baseline 0 -14"><span class='ocrx_word' id='word_1_290' title='bbox 115 2766 291 2836; x_wconf 76' lang='lat' dir='ltr'>honorificate</span> <span class='ocrx_word' id='word_1_291' title='bbox 304 2763 326 2834; x_wconf 81' lang='lat' dir='ltr'>(l</span> <span class='ocrx_word' id='word_1_292' title='bbox 341 2768 414 2818; x_wconf 80' lang='lat' dir='ltr'>Pctr.</span> <span class='ocrx_word' id='word_1_293' title='bbox 440 2764 595 2830; x_wconf 87' lang='lat' dir='ltr'>11,17),·et</span> <span class='ocrx_word' id='word_1_294' title='bbox 618 2762 702 2819; x_wconf 82' lang='lat' dir='ltr'>item:</span> <span class='ocrx_word' id='word_1_295' title='bbox 730 2763 824 2821; x_wconf 79' lang='lat' dir='ltr'>Omnis</span> <span class='ocrx_word' id='word_1_296' title='bbox 845 2768 941 2822; x_wconf 68' lang='lat' dir='ltr'>anieno</span> 
     </span>
     <span class='ocr_line' id='line_1_43' title="bbox 113 2851 938 2925; baseline 0.001 -16"><span class='ocrx_word' id='word_1_297' title='bbox 113 2853 290 2925; x_wconf 77' lang='lat' dir='ltr'>potestatibus</span> <span class='ocrx_word' id='word_1_298' title='bbox 302 2852 510 2907; x_wconf 79' lang='lat' dir='ltr'>sublimioribus</span> <span class='ocrx_word' id='word_1_299' title='bbox 533 2851 644 2907; x_wconf 82' lang='lat' dir='ltr'>subdito</span> <span class='ocrx_word' id='word_1_300' title='bbox 657 2854 694 2907; x_wconf 83' lang='lat' dir='ltr'>sit</span> <span class='ocrx_word' id='word_1_301' title='bbox 713 2855 799 2919; x_wconf 82' lang='lat' dir='ltr'>(llum.</span> <span class='ocrx_word' id='word_1_302' title='bbox 824 2872 885 2922; x_wconf 88' lang='lat' dir='ltr'>xm,</span> <span class='ocrx_word' id='word_1_303' title='bbox 902 2856 938 2922; x_wconf 81' lang='lat' dir='ltr'>l).</span> 
     </span>
     <span class='ocr_line' id='line_1_44' title="bbox 116 2939 942 3013; baseline 0 -15"><span class='ocrx_word' id='word_1_304' title='bbox 116 2946 155 2998; x_wconf 81' lang='lat' dir='ltr'>Ae</span> <span class='ocrx_word' id='word_1_305' title='bbox 171 2942 238 2998; x_wconf 90' lang='lat' dir='ltr'>licet</span> <span class='ocrx_word' id='word_1_306' title='bbox 253 2940 403 3013; x_wconf 87' lang='lat' dir='ltr'>Scriptura</span> <span class='ocrx_word' id='word_1_307' title='bbox 418 2939 497 2995; x_wconf 88' lang='lat' dir='ltr'>dieat</span> <span class='ocrx_word' id='word_1_308' title='bbox 511 2957 638 3011; x_wconf 87' lang='lat' dir='ltr'>semper:</span> <span class='ocrx_word' id='word_1_309' title='bbox 655 2941 713 2997; x_wconf 89' lang='lat' dir='ltr'>Pax</span> <span class='ocrx_word' id='word_1_310' title='bbox 728 2957 795 2996; x_wconf 89' lang='lat' dir='ltr'>eum</span> <span class='ocrx_word' id='word_1_311' title='bbox 812 2943 942 3007; x_wconf 88' lang='lat' dir='ltr'>bouis,et</span> 
     </span>
    </p>
   </div>
   <div class='ocr_carea' id='block_1_9' title="bbox 993 2231 1832 3016">
    <p class='ocr_par' dir='ltr' id='par_1_9' title="bbox 993 2231 1832 3016">
     <span class='ocr_line' id='line_1_45' title="bbox 994 2231 1821 2303; baseline 0.001 -16"><span class='ocrx_word' id='word_1_312' title='bbox 994 2231 1821 2303; x_wconf 84' lang='lat' dir='ltr'>se,inloeo,quiViriduuusdicitur,ubietiamsauetorum</span> 
     </span>
     <span class='ocr_line' id='line_1_46' title="bbox 994 2319 1822 2393; baseline 0.001 -16"><span class='ocrx_word' id='word_1_313' title='bbox 994 2320 1123 2393; x_wconf 74' lang='lat' dir='ltr'>reliquiae</span> <span class='ocrx_word' id='word_1_314' title='bbox 1139 2319 1261 2377; x_wconf 87' lang='lat' dir='ltr'>diversis</span> <span class='ocrx_word' id='word_1_315' title='bbox 1277 2320 1445 2393; x_wconf 87' lang='lat' dir='ltr'>regionibus</span> <span class='ocrx_word' id='word_1_316' title='bbox 1459 2320 1561 2377; x_wconf 85' lang='lat' dir='ltr'>delatae</span> <span class='ocrx_word' id='word_1_317' title='bbox 1571 2321 1703 2378; x_wconf 89' lang='lat' dir='ltr'>diversas</span> <span class='ocrx_word' id='word_1_318' title='bbox 1713 2320 1822 2378; x_wconf 86' lang='lat' dir='ltr'>sanita·</span> 
     </span>
     <span class='ocr_line' id='line_1_47' title="bbox 993 2409 1820 2482; baseline 0.001 -17"><span class='ocrx_word' id='word_1_319' title='bbox 993 2417 1037 2465; x_wconf 88' lang='lat' dir='ltr'>tes</span> <span class='ocrx_word' id='word_1_320' title='bbox 1053 2410 1169 2481; x_wconf 77' lang='lat' dir='ltr'>egrotis</span> <span class='ocrx_word' id='word_1_321' title='bbox 1185 2409 1381 2465; x_wconf 78' lang='lat' dir='ltr'>contuleruut.</span> <span class='ocrx_word' id='word_1_322' title='bbox 1407 2414 1541 2482; x_wconf 82' lang='lat' dir='ltr'>itemque</span> <span class='ocrx_word' id='word_1_323' title='bbox 1565 2409 1643 2465; x_wconf 91' lang='lat' dir='ltr'>aliud</span> <span class='ocrx_word' id='word_1_324' title='bbox 1660 2409 1820 2466; x_wconf 88' lang='lat' dir='ltr'>concilium</span> 
     </span>
     <span class='ocr_line' id='line_1_48' title="bbox 994 2497 1832 2571; baseline 0.001 -17"><span class='ocrx_word' id='word_1_325' title='bbox 994 2516 1045 2571; x_wconf 91' lang='lat' dir='ltr'>pro</span> <span class='ocrx_word' id='word_1_326' title='bbox 1060 2499 1162 2554; x_wconf 87' lang='lat' dir='ltr'>eadem</span> <span class='ocrx_word' id='word_1_327' title='bbox 1179 2516 1208 2554; x_wconf 90' lang='lat' dir='ltr'>re</span> <span class='ocrx_word' id='word_1_328' title='bbox 1224 2497 1251 2553; x_wconf 90' lang='lat' dir='ltr'>iu</span> <span class='ocrx_word' id='word_1_329' title='bbox 1270 2514 1344 2571; x_wconf 84' lang='lat' dir='ltr'>pago</span> <span class='ocrx_word' id='word_1_330' title='bbox 1356 2497 1619 2566; x_wconf 86' lang='lat' dir='ltr'>Autissiodorense,</span> <span class='ocrx_word' id='word_1_331' title='bbox 1636 2499 1715 2570; x_wconf 90' lang='lat' dir='ltr'>apud</span> <span class='ocrx_word' id='word_1_332' title='bbox 1730 2498 1832 2555; x_wconf 71' lang='lat' dir='ltr'>Airie&#39;</span> 
     </span>
     <span class='ocr_line' id='line_1_49' title="bbox 994 2587 1822 2660; baseline 0 -16"><span class='ocrx_word' id='word_1_333' title='bbox 994 2606 1060 2644; x_wconf 89' lang='lat' dir='ltr'>oum</span> <span class='ocrx_word' id='word_1_334' title='bbox 1088 2587 1186 2643; x_wconf 91' lang='lat' dir='ltr'>villam</span> <span class='ocrx_word' id='word_1_335' title='bbox 1203 2587 1280 2643; x_wconf 87' lang='lat' dir='ltr'>beati</span> <span class='ocrx_word' id='word_1_336' title='bbox 1308 2587 1455 2656; x_wconf 88' lang='lat' dir='ltr'>Germani,</span> <span class='ocrx_word' id='word_1_337' title='bbox 1472 2587 1502 2643; x_wconf 93' lang='lat' dir='ltr'>in</span> <span class='ocrx_word' id='word_1_338' title='bbox 1528 2605 1585 2660; x_wconf 91' lang='lat' dir='ltr'>quo</span> <span class='ocrx_word' id='word_1_339' title='bbox 1607 2605 1655 2644; x_wconf 86' lang='lat' dir='ltr'>rex</span> <span class='ocrx_word' id='word_1_340' title='bbox 1675 2589 1822 2645; x_wconf 87' lang='lat' dir='ltr'>liebertus</span> 
     </span>
     <span class='ocr_line' id='line_1_50' title="bbox 994 2674 1825 2748; baseline 0.001 -16"><span class='ocrx_word' id='word_1_341' title='bbox 994 2693 1061 2732; x_wconf 84' lang='lat' dir='ltr'>curn</span> <span class='ocrx_word' id='word_1_342' title='bbox 1077 2675 1222 2748; x_wconf 88' lang='lat' dir='ltr'>episcopis</span> <span class='ocrx_word' id='word_1_343' title='bbox 1238 2676 1434 2732; x_wconf 87' lang='lat' dir='ltr'>aoabhatibus</span> <span class='ocrx_word' id='word_1_344' title='bbox 1446 2674 1825 2744; x_wconf 86' lang='lat' dir='ltr'>adiuit‚simuietinnume·</span> 
     </span>
     <span class='ocr_line' id='line_1_51' title="bbox 994 2763 1822 2838; baseline 0.001 -19"><span class='ocrx_word' id='word_1_345' title='bbox 994 2764 1097 2820; x_wconf 87' lang='lat' dir='ltr'>rabilia</span> <span class='ocrx_word' id='word_1_346' title='bbox 1113 2771 1281 2820; x_wconf 89' lang='lat' dir='ltr'>sanctorum</span> <span class='ocrx_word' id='word_1_347' title='bbox 1298 2764 1420 2837; x_wconf 89' lang='lat' dir='ltr'>pignora</span> <span class='ocrx_word' id='word_1_348' title='bbox 1442 2763 1533 2820; x_wconf 82' lang='lat' dir='ltr'>totius</span> <span class='ocrx_word' id='word_1_349' title='bbox 1557 2782 1630 2837; x_wconf 88' lang='lat' dir='ltr'>pene</span> <span class='ocrx_word' id='word_1_350' title='bbox 1653 2765 1822 2838; x_wconf 78' lang='lat' dir='ltr'>provincia,</span> 
     </span>
     <span class='ocr_line' id='line_1_52' title="bbox 996 2853 1823 2926; baseline -0.001 -16"><span class='ocrx_word' id='word_1_351' title='bbox 996 2854 1044 2910; x_wconf 91' lang='lat' dir='ltr'>ubi</span> <span class='ocrx_word' id='word_1_352' title='bbox 1056 2855 1127 2909; x_wconf 91' lang='lat' dir='ltr'>dum</span> <span class='ocrx_word' id='word_1_353' title='bbox 1145 2853 1264 2926; x_wconf 91' lang='lat' dir='ltr'>quidam</span> <span class='ocrx_word' id='word_1_354' title='bbox 1277 2859 1408 2925; x_wconf 90' lang='lat' dir='ltr'>peterent</span> <span class='ocrx_word' id='word_1_355' title='bbox 1420 2858 1453 2909; x_wconf 91' lang='lat' dir='ltr'>ut</span> <span class='ocrx_word' id='word_1_356' title='bbox 1467 2853 1586 2926; x_wconf 81' lang='lat' dir='ltr'>gloriosi</span> <span class='ocrx_word' id='word_1_357' title='bbox 1602 2854 1741 2911; x_wconf 84' lang='lat' dir='ltr'>Germani</span> <span class='ocrx_word' id='word_1_358' title='bbox 1754 2871 1823 2910; x_wconf 87' lang='lat' dir='ltr'>eor·</span> 
     </span>
     <span class='ocr_line' id='line_1_53' title="bbox 995 2942 1826 3016; baseline 0.001 -18"><span class='ocrx_word' id='word_1_359' title='bbox 995 2961 1050 3016; x_wconf 89' lang='lat' dir='ltr'>pus</span> <span class='ocrx_word' id='word_1_360' title='bbox 1064 2942 1134 2999; x_wconf 90' lang='lat' dir='ltr'>illue</span> <span class='ocrx_word' id='word_1_361' title='bbox 1147 2944 1318 3007; x_wconf 81' lang='lat' dir='ltr'>deterretur,</span> <span class='ocrx_word' id='word_1_362' title='bbox 1335 2943 1579 3015; x_wconf 81' lang='lat' dir='ltr'>responditltugo</span> <span class='ocrx_word' id='word_1_363' title='bbox 1589 2943 1826 3015; x_wconf 59' lang='lat' dir='ltr'>episcopumhb-</span> 
     </span>
    </p>
   </div>
   <div class='ocr_carea' id='block_1_10' title="bbox 115 3028 1826 3904">
    <p class='ocr_par' dir='ltr' id='par_1_10' title="bbox 115 3028 1826 3904">
     <span class='ocr_line' id='line_1_54' title="bbox 117 3028 1824 3105; baseline 0.001 -18"><span class='ocrx_word' id='word_1_364' title='bbox 117 3031 226 3087; x_wconf 92' lang='lat' dir='ltr'>bellum</span> <span class='ocrx_word' id='word_1_365' title='bbox 243 3046 309 3085; x_wconf 87' lang='lat' dir='ltr'>cum</span> <span class='ocrx_word' id='word_1_366' title='bbox 324 3028 417 3096; x_wconf 90' lang='lat' dir='ltr'>vitiis;</span> <span class='ocrx_word' id='word_1_367' title='bbox 435 3028 677 3100; x_wconf 88' lang='lat' dir='ltr'>atqueutiliussit</span> <span class='ocrx_word' id='word_1_368' title='bbox 692 3029 940 3087; x_wconf 88' lang='lat' dir='ltr'>oririsoaudalum</span> <span class='ocrx_word' id='word_1_369' title='bbox 994 3033 1033 3090; x_wconf 90' lang='lat' dir='ltr'>sit</span> <span class='ocrx_word' id='word_1_370' title='bbox 1047 3037 1080 3088; x_wconf 91' lang='lat' dir='ltr'>ut</span> <span class='ocrx_word' id='word_1_371' title='bbox 1094 3050 1160 3088; x_wconf 88' lang='lat' dir='ltr'>ossa</span> <span class='ocrx_word' id='word_1_372' title='bbox 1174 3032 1411 3104; x_wconf 88' lang='lat' dir='ltr'>incomparabilis</span> <span class='ocrx_word' id='word_1_373' title='bbox 1435 3031 1488 3087; x_wconf 91' lang='lat' dir='ltr'>viri</span> <span class='ocrx_word' id='word_1_374' title='bbox 1513 3049 1563 3105; x_wconf 92' lang='lat' dir='ltr'>pro</span> <span class='ocrx_word' id='word_1_375' title='bbox 1588 3048 1767 3104; x_wconf 90' lang='lat' dir='ltr'>quacunque</span> <span class='ocrx_word' id='word_1_376' title='bbox 1791 3047 1824 3089; x_wconf 79' lang='lat' dir='ltr'>oe</span> 
     </span>
     <span class='ocr_line' id='line_1_55' title="bbox 118 3116 1825 3193; baseline 0.001 -18"><span class='ocrx_word' id='word_1_377' title='bbox 118 3137 208 3192; x_wconf 89' lang='lat' dir='ltr'>quam</span> <span class='ocrx_word' id='word_1_378' title='bbox 223 3119 387 3190; x_wconf 87' lang='lat' dir='ltr'>relinquere</span> <span class='ocrx_word' id='word_1_379' title='bbox 412 3116 574 3181; x_wconf 86' lang='lat' dir='ltr'>veritatem,</span> <span class='ocrx_word' id='word_1_380' title='bbox 592 3117 616 3173; x_wconf 90' lang='lat' dir='ltr'>si</span> <span class='ocrx_word' id='word_1_381' title='bbox 632 3117 717 3173; x_wconf 91' lang='lat' dir='ltr'>aliter</span> <span class='ocrx_word' id='word_1_382' title='bbox 743 3120 845 3191; x_wconf 89' lang='lat' dir='ltr'>nequit</span> <span class='ocrx_word' id='word_1_383' title='bbox 866 3120 939 3184; x_wconf 83' lang='lat' dir='ltr'>llari,</span> <span class='ocrx_word' id='word_1_384' title='bbox 995 3120 1152 3193; x_wconf 89' lang='lat' dir='ltr'>aliquando</span> <span class='ocrx_word' id='word_1_385' title='bbox 1167 3125 1420 3188; x_wconf 80' lang='lat' dir='ltr'>eornmoveantur3</span> <span class='ocrx_word' id='word_1_386' title='bbox 1445 3121 1525 3193; x_wconf 91' lang='lat' dir='ltr'>quod</span> <span class='ocrx_word' id='word_1_387' title='bbox 1546 3120 1640 3177; x_wconf 78' lang='lat' dir='ltr'>ceteri</span> <span class='ocrx_word' id='word_1_388' title='bbox 1666 3121 1825 3177; x_wconf 78' lang='lat' dir='ltr'>audientes</span> 
     </span>
     <span class='ocr_line' id='line_1_56' title="bbox 118 3188 1826 3282; baseline 0.002 -18"><span class='ocrx_word' id='word_1_389' title='bbox 118 3214 216 3264; x_wconf 90' lang='lat' dir='ltr'>tamen</span> <span class='ocrx_word' id='word_1_390' title='bbox 232 3208 267 3262; x_wconf 94' lang='lat' dir='ltr'>oh</span> <span class='ocrx_word' id='word_1_391' title='bbox 283 3206 418 3262; x_wconf 87' lang='lat' dir='ltr'>timorem</span> <span class='ocrx_word' id='word_1_392' title='bbox 434 3205 524 3276; x_wconf 86' lang='lat' dir='ltr'>hujus</span> <span class='ocrx_word' id='word_1_393' title='bbox 538 3205 579 3261; x_wconf 89' lang='lat' dir='ltr'>rei</span> <span class='ocrx_word' id='word_1_394' title='bbox 595 3220 718 3278; x_wconf 88' lang='lat' dir='ltr'>pergens</span> <span class='ocrx_word' id='word_1_395' title='bbox 727 3207 761 3262; x_wconf 90' lang='lat' dir='ltr'>ad</span> <span class='ocrx_word' id='word_1_396' title='bbox 774 3224 880 3279; x_wconf 88' lang='lat' dir='ltr'>papam</span> <span class='ocrx_word' id='word_1_397' title='bbox 888 3209 940 3264; x_wconf 87' lang='lat' dir='ltr'>lto·</span> <span class='ocrx_word' id='word_1_398' title='bbox 956 3188 977 3254; x_wconf 75' lang='lat' dir='ltr'>C</span> <span class='ocrx_word' id='word_1_399' title='bbox 996 3214 1144 3281; x_wconf 86' lang='lat' dir='ltr'>gratanter</span> <span class='ocrx_word' id='word_1_400' title='bbox 1158 3214 1379 3265; x_wconf 88' lang='lat' dir='ltr'>consenserunt.</span> <span class='ocrx_word' id='word_1_401' title='bbox 1401 3209 1543 3266; x_wconf 87' lang='lat' dir='ltr'>Similiter</span> <span class='ocrx_word' id='word_1_402' title='bbox 1566 3214 1593 3265; x_wconf 90' lang='lat' dir='ltr'>et</span> <span class='ocrx_word' id='word_1_403' title='bbox 1610 3226 1660 3282; x_wconf 91' lang='lat' dir='ltr'>per</span> <span class='ocrx_word' id='word_1_404' title='bbox 1683 3209 1826 3267; x_wconf 73' lang='lat' dir='ltr'>universa</span> 
     </span>
     <span class='ocr_line' id='line_1_57' title="bbox 119 3294 1824 3371; baseline 0.001 -18"><span class='ocrx_word' id='word_1_405' title='bbox 119 3313 239 3353; x_wconf 83' lang='lat' dir='ltr'>maurim</span> <span class='ocrx_word' id='word_1_406' title='bbox 255 3294 404 3352; x_wconf 89' lang='lat' dir='ltr'>acriterse</span> <span class='ocrx_word' id='word_1_407' title='bbox 419 3294 558 3366; x_wconf 77' lang='lat' dir='ltr'>prenitere</span> <span class='ocrx_word' id='word_1_408' title='bbox 573 3294 720 3362; x_wconf 88' lang='lat' dir='ltr'>clamavit,</span> <span class='ocrx_word' id='word_1_409' title='bbox 737 3295 890 3368; x_wconf 86' lang='lat' dir='ltr'>iudignum</span> <span class='ocrx_word' id='word_1_410' title='bbox 910 3314 942 3353; x_wconf 78' lang='lat' dir='ltr'>se</span> <span class='ocrx_word' id='word_1_411' title='bbox 996 3298 1069 3364; x_wconf 86' lang='lat' dir='ltr'>loca,</span> <span class='ocrx_word' id='word_1_412' title='bbox 1094 3302 1127 3353; x_wconf 89' lang='lat' dir='ltr'>ut</span> <span class='ocrx_word' id='word_1_413' title='bbox 1152 3297 1180 3353; x_wconf 94' lang='lat' dir='ltr'>iu</span> <span class='ocrx_word' id='word_1_414' title='bbox 1203 3298 1286 3369; x_wconf 83' lang='lat' dir='ltr'>pagis</span> <span class='ocrx_word' id='word_1_415' title='bbox 1310 3297 1484 3355; x_wconf 89' lang='lat' dir='ltr'>Divionense</span> <span class='ocrx_word' id='word_1_416' title='bbox 1503 3303 1532 3355; x_wconf 91' lang='lat' dir='ltr'>et</span> <span class='ocrx_word' id='word_1_417' title='bbox 1559 3296 1709 3363; x_wconf 87' lang='lat' dir='ltr'>Belueuse,</span> <span class='ocrx_word' id='word_1_418' title='bbox 1733 3302 1824 3371; x_wconf 87' lang='lat' dir='ltr'>atque</span> 
     </span>
     <span class='ocr_line' id='line_1_58' title="bbox 115 3384 1824 3459; baseline 0.001 -17"><span class='ocrx_word' id='word_1_419' title='bbox 115 3386 277 3442; x_wconf 75' lang='lat' dir='ltr'>vociferans</span> <span class='ocrx_word' id='word_1_420' title='bbox 291 3401 324 3439; x_wconf 90' lang='lat' dir='ltr'>ac</span> <span class='ocrx_word' id='word_1_421' title='bbox 344 3400 425 3439; x_wconf 89' lang='lat' dir='ltr'>rcurn</span> <span class='ocrx_word' id='word_1_422' title='bbox 442 3400 517 3439; x_wconf 84' lang='lat' dir='ltr'>curae</span> <span class='ocrx_word' id='word_1_423' title='bbox 541 3384 697 3454; x_wconf 87' lang='lat' dir='ltr'>pastoralis</span> <span class='ocrx_word' id='word_1_424' title='bbox 718 3400 751 3438; x_wconf 86' lang='lat' dir='ltr'>ao</span> <span class='ocrx_word' id='word_1_425' title='bbox 767 3385 942 3455; x_wconf 85' lang='lat' dir='ltr'>pontificalis</span> <span class='ocrx_word' id='word_1_426' title='bbox 996 3388 1190 3459; x_wconf 79' lang='lat' dir='ltr'>lugdunense</span> <span class='ocrx_word' id='word_1_427' title='bbox 1206 3385 1329 3442; x_wconf 89' lang='lat' dir='ltr'>concilia</span> <span class='ocrx_word' id='word_1_428' title='bbox 1343 3387 1450 3458; x_wconf 81' lang='lat' dir='ltr'>sepius</span> <span class='ocrx_word' id='word_1_429' title='bbox 1464 3386 1604 3443; x_wconf 82' lang='lat' dir='ltr'>celebrari</span> <span class='ocrx_word' id='word_1_430' title='bbox 1620 3387 1698 3442; x_wconf 85' lang='lat' dir='ltr'>iecit.</span> <span class='ocrx_word' id='word_1_431' title='bbox 1728 3388 1824 3459; x_wconf 80' lang='lat' dir='ltr'>liujus</span> 
     </span>
     <span class='ocr_line' id='line_1_59' title="bbox 117 3470 1824 3549; baseline 0.002 -20"><span class='ocrx_word' id='word_1_432' title='bbox 117 3473 287 3548; x_wconf 82' lang='lat' dir='ltr'>dignitatis3</span> <span class='ocrx_word' id='word_1_433' title='bbox 317 3473 365 3545; x_wconf 91' lang='lat' dir='ltr'>qui</span> <span class='ocrx_word' id='word_1_434' title='bbox 396 3471 502 3527; x_wconf 89' lang='lat' dir='ltr'>dehine</span> <span class='ocrx_word' id='word_1_435' title='bbox 531 3470 589 3527; x_wconf 85' lang='lat' dir='ltr'>tale</span> <span class='ocrx_word' id='word_1_436' title='bbox 618 3471 761 3542; x_wconf 87' lang='lat' dir='ltr'>scriptum</span> <span class='ocrx_word' id='word_1_437' title='bbox 787 3473 941 3530; x_wconf 86' lang='lat' dir='ltr'>abeodem</span> <span class='ocrx_word' id='word_1_438' title='bbox 996 3476 1171 3546; x_wconf 91' lang='lat' dir='ltr'>intempore</span> <span class='ocrx_word' id='word_1_439' title='bbox 1193 3474 1294 3529; x_wconf 89' lang='lat' dir='ltr'>civitas</span> <span class='ocrx_word' id='word_1_440' title='bbox 1318 3475 1554 3531; x_wconf 83' lang='lat' dir='ltr'>Autissiodorum</span> <span class='ocrx_word' id='word_1_441' title='bbox 1576 3473 1733 3532; x_wconf 84' lang='lat' dir='ltr'>exitialiter</span> <span class='ocrx_word' id='word_1_442' title='bbox 1754 3475 1824 3549; x_wconf 82' lang='lat' dir='ltr'>igne</span> 
     </span>
     <span class='ocr_line' id='line_1_60' title="bbox 116 3559 1823 3634; baseline 0.001 -15"><span class='ocrx_word' id='word_1_443' title='bbox 116 3562 261 3634; x_wconf 88' lang='lat' dir='ltr'>suscepit:</span> <span class='ocrx_word' id='word_1_444' title='bbox 277 3584 290 3611; x_wconf 74' lang='lat' dir='ltr'>a</span> <span class='ocrx_word' id='word_1_445' title='bbox 303 3562 442 3627; x_wconf 82' lang='lat' dir='ltr'>loannes,</span> <span class='ocrx_word' id='word_1_446' title='bbox 459 3559 553 3632; x_wconf 84' lang='lat' dir='ltr'>gratia</span> <span class='ocrx_word' id='word_1_447' title='bbox 569 3560 616 3614; x_wconf 85' lang='lat' dir='ltr'>Dei</span> <span class='ocrx_word' id='word_1_448' title='bbox 634 3560 770 3615; x_wconf 80' lang='lat' dir='ltr'>Romana</span> <span class='ocrx_word' id='word_1_449' title='bbox 787 3562 866 3617; x_wconf 88' lang='lat' dir='ltr'>sedis</span> <span class='ocrx_word' id='word_1_450' title='bbox 881 3562 940 3634; x_wconf 89' lang='lat' dir='ltr'>cpi·</span> <span class='ocrx_word' id='word_1_451' title='bbox 996 3571 1125 3619; x_wconf 88' lang='lat' dir='ltr'>cremata</span> <span class='ocrx_word' id='word_1_452' title='bbox 1147 3569 1201 3630; x_wconf 87' lang='lat' dir='ltr'>est,</span> <span class='ocrx_word' id='word_1_453' title='bbox 1228 3568 1257 3617; x_wconf 87' lang='lat' dir='ltr'>ot</span> <span class='ocrx_word' id='word_1_454' title='bbox 1281 3581 1327 3619; x_wconf 91' lang='lat' dir='ltr'>res</span> <span class='ocrx_word' id='word_1_455' title='bbox 1351 3563 1485 3619; x_wconf 82' lang='lat' dir='ltr'>hurnanre</span> <span class='ocrx_word' id='word_1_456' title='bbox 1501 3564 1531 3619; x_wconf 93' lang='lat' dir='ltr'>in</span> <span class='ocrx_word' id='word_1_457' title='bbox 1556 3563 1669 3619; x_wconf 77' lang='lat' dir='ltr'>favillas</span> <span class='ocrx_word' id='word_1_458' title='bbox 1696 3565 1823 3620; x_wconf 76' lang='lat' dir='ltr'>redacte</span> 
     </span>
     <span class='ocr_line' id='line_1_61' title="bbox 116 3647 1824 3725; baseline 0.002 -17"><span class='ocrx_word' id='word_1_459' title='bbox 116 3668 234 3724; x_wconf 88' lang='lat' dir='ltr'>scopus,</span> <span class='ocrx_word' id='word_1_460' title='bbox 251 3649 395 3705; x_wconf 89' lang='lat' dir='ltr'>universis</span> <span class='ocrx_word' id='word_1_461' title='bbox 411 3648 439 3703; x_wconf 92' lang='lat' dir='ltr'>in</span> <span class='ocrx_word' id='word_1_462' title='bbox 456 3648 525 3703; x_wconf 90' lang='lat' dir='ltr'>orbe</span> <span class='ocrx_word' id='word_1_463' title='bbox 539 3652 683 3703; x_wconf 83' lang='lat' dir='ltr'>terrarum</span> <span class='ocrx_word' id='word_1_464' title='bbox 708 3647 840 3704; x_wconf 77' lang='lat' dir='ltr'>Ecclesia</span> <span class='ocrx_word' id='word_1_465' title='bbox 861 3649 942 3709; x_wconf 87' lang='lat' dir='ltr'>liliis.</span> <span class='ocrx_word' id='word_1_466' title='bbox 995 3659 1099 3725; x_wconf 80' lang='lat' dir='ltr'>prater</span> <span class='ocrx_word' id='word_1_467' title='bbox 1122 3651 1274 3708; x_wconf 83' lang='lat' dir='ltr'>ecelesiam</span> <span class='ocrx_word' id='word_1_468' title='bbox 1302 3653 1377 3708; x_wconf 87' lang='lat' dir='ltr'>beati</span> <span class='ocrx_word' id='word_1_469' title='bbox 1402 3653 1506 3709; x_wconf 83' lang='lat' dir='ltr'>Albani</span> <span class='ocrx_word' id='word_1_470' title='bbox 1534 3653 1681 3725; x_wconf 69' lang='lat' dir='ltr'>martyris,</span> <span class='ocrx_word' id='word_1_471' title='bbox 1699 3671 1718 3709; x_wconf 93' lang='lat' dir='ltr'>a</span> <span class='ocrx_word' id='word_1_472' title='bbox 1739 3654 1824 3711; x_wconf 87' lang='lat' dir='ltr'>beato</span> 
     </span>
     <span class='ocr_line' id='line_1_62' title="bbox 115 3734 1825 3814; baseline 0.002 -18"><span class='ocrx_word' id='word_1_473' title='bbox 115 3740 235 3796; x_wconf 92' lang='lat' dir='ltr'>Nullum</span> <span class='ocrx_word' id='word_1_474' title='bbox 252 3735 940 3808; x_wconf 72' lang='lat' dir='ltr'>incatholicallcelesiamaiuspotestessenei&#39;as,</span> <span class='ocrx_word' id='word_1_475' title='bbox 996 3742 1140 3798; x_wconf 87' lang='lat' dir='ltr'>Germano</span> <span class='ocrx_word' id='word_1_476' title='bbox 1169 3744 1383 3808; x_wconf 74' lang='lat' dir='ltr'>constructam:</span> <span class='ocrx_word' id='word_1_477' title='bbox 1409 3746 1479 3798; x_wconf 91' lang='lat' dir='ltr'>tune</span> <span class='ocrx_word' id='word_1_478' title='bbox 1505 3740 1676 3814; x_wconf 86' lang='lat' dir='ltr'>principalis</span> <span class='ocrx_word' id='word_1_479' title='bbox 1700 3734 1825 3800; x_wconf 82' lang='lat' dir='ltr'>ecclesia</span> 
     </span>
     <span class='ocr_line' id='line_1_63' title="bbox 116 3821 1825 3904; baseline 0.002 -21"><span class='ocrx_word' id='word_1_480' title='bbox 116 3846 204 3900; x_wconf 90' lang='lat' dir='ltr'>quam</span> <span class='ocrx_word' id='word_1_481' title='bbox 220 3827 387 3883; x_wconf 85' lang='lat' dir='ltr'>existimare</span> <span class='ocrx_word' id='word_1_482' title='bbox 395 3825 941 3900; x_wconf 80' lang='lat' dir='ltr'>alicujusnaevumcriminispraecipuae</span> <span class='ocrx_word' id='word_1_483' title='bbox 996 3831 1217 3902; x_wconf 80' lang='lat' dir='ltr'>protomartyris</span> <span class='ocrx_word' id='word_1_484' title='bbox 1233 3830 1372 3901; x_wconf 87' lang='lat' dir='ltr'>Stephani</span> <span class='ocrx_word' id='word_1_485' title='bbox 1390 3829 1522 3886; x_wconf 77' lang='lat' dir='ltr'>funditus</span> <span class='ocrx_word' id='word_1_486' title='bbox 1537 3821 1825 3904; x_wconf 67' lang='lat' dir='ltr'>corruitquempro&#39;</span> 
     </span>
    </p>
   </div>
   <div class='ocr_carea' id='block_1_11' title="bbox 115 3913 941 4430">
    <p class='ocr_par' dir='ltr' id='par_1_11' title="bbox 115 3913 941 4430">
     <span class='ocr_line' id='line_1_64' title="bbox 116 3913 941 3988; baseline 0.001 -17"><span class='ocrx_word' id='word_1_487' title='bbox 116 3915 297 3988; x_wconf 81' lang='lat' dir='ltr'>poenitentis,</span> <span class='ocrx_word' id='word_1_488' title='bbox 313 3916 390 3986; x_wconf 86' lang='lat' dir='ltr'>quod</span> <span class='ocrx_word' id='word_1_489' title='bbox 420 3931 476 3969; x_wconf 93' lang='lat' dir='ltr'>uon</span> <span class='ocrx_word' id='word_1_490' title='bbox 500 3919 589 3985; x_wconf 86' lang='lat' dir='ltr'>quent</span> <span class='ocrx_word' id='word_1_491' title='bbox 617 3913 775 3970; x_wconf 89' lang='lat' dir='ltr'>dissolvere</span> <span class='ocrx_word' id='word_1_492' title='bbox 802 3932 941 3972; x_wconf 85' lang='lat' dir='ltr'>concesso</span> 
     </span>
     <span class='ocr_line' id='line_1_65' title="bbox 116 4001 941 4062; baseline 0.005 -4"><span class='ocrx_word' id='word_1_493' title='bbox 116 4005 202 4059; x_wconf 90' lang='lat' dir='ltr'>Petro</span> <span class='ocrx_word' id='word_1_494' title='bbox 217 4021 234 4058; x_wconf 92' lang='lat' dir='ltr'>a</span> <span class='ocrx_word' id='word_1_495' title='bbox 249 4004 373 4058; x_wconf 89' lang='lat' dir='ltr'>Domino</span> <span class='ocrx_word' id='word_1_496' title='bbox 388 4001 488 4057; x_wconf 80' lang='lat' dir='ltr'>clavis</span> <span class='ocrx_word' id='word_1_497' title='bbox 505 4001 651 4058; x_wconf 86' lang='lat' dir='ltr'>Debemus</span> <span class='ocrx_word' id='word_1_498' title='bbox 663 4003 741 4058; x_wconf 90' lang='lat' dir='ltr'>euim</span> <span class='ocrx_word' id='word_1_499' title='bbox 759 4009 827 4059; x_wconf 86' lang='lat' dir='ltr'>unte</span> <span class='ocrx_word' id='word_1_500' title='bbox 841 4006 941 4062; x_wconf 88' lang='lat' dir='ltr'>oculos</span> 
     </span>
     <span class='ocr_line' id='line_1_66' title="bbox 117 4088 939 4163; baseline 0.005 -17"><span class='ocrx_word' id='word_1_501' title='bbox 117 4091 226 4146; x_wconf 87' lang='lat' dir='ltr'>mentis</span> <span class='ocrx_word' id='word_1_502' title='bbox 241 4107 375 4146; x_wconf 87' lang='lat' dir='ltr'>revocare</span> <span class='ocrx_word' id='word_1_503' title='bbox 390 4088 506 4161; x_wconf 87' lang='lat' dir='ltr'>lapsum</span> <span class='ocrx_word' id='word_1_504' title='bbox 522 4090 616 4161; x_wconf 89' lang='lat' dir='ltr'>ipsius</span> <span class='ocrx_word' id='word_1_505' title='bbox 627 4092 713 4163; x_wconf 91' lang='lat' dir='ltr'>primi</span> <span class='ocrx_word' id='word_1_506' title='bbox 724 4095 861 4163; x_wconf 84' lang='lat' dir='ltr'>pastoris,</span> <span class='ocrx_word' id='word_1_507' title='bbox 878 4094 939 4163; x_wconf 88' lang='lat' dir='ltr'>qui,</span> 
     </span>
     <span class='ocr_line' id='line_1_67' title="bbox 116 4178 940 4252; baseline 0.002 -17"><span class='ocrx_word' id='word_1_508' title='bbox 116 4180 187 4235; x_wconf 91' lang='lat' dir='ltr'>dum</span> <span class='ocrx_word' id='word_1_509' title='bbox 203 4178 375 4252; x_wconf 81' lang='lat' dir='ltr'>Magistrum</span> <span class='ocrx_word' id='word_1_510' title='bbox 392 4178 516 4249; x_wconf 84' lang='lat' dir='ltr'>negavit,</span> <span class='ocrx_word' id='word_1_511' title='bbox 533 4179 667 4249; x_wconf 91' lang='lat' dir='ltr'>protinus</span> <span class='ocrx_word' id='word_1_512' title='bbox 684 4186 715 4234; x_wconf 93' lang='lat' dir='ltr'>ut</span> <span class='ocrx_word' id='word_1_513' title='bbox 731 4179 940 4250; x_wconf 76' lang='lat' dir='ltr'>pinnitu&#39;t,non</span> 
     </span>
     <span class='ocr_line' id='line_1_68' title="bbox 116 4266 939 4342; baseline 0.001 -17"><span class='ocrx_word' id='word_1_514' title='bbox 116 4266 939 4342; x_wconf 82' lang='lat' dir='ltr'>solumgradumvcldignitaternapostolicieulminisnou</span> 
     </span>
     <span class='ocr_line' id='line_1_69' title="bbox 115 4353 939 4430; baseline 0.001 -16"><span class='ocrx_word' id='word_1_515' title='bbox 115 4358 224 4425; x_wconf 90' lang='lat' dir='ltr'>amisit,</span> <span class='ocrx_word' id='word_1_516' title='bbox 242 4359 292 4414; x_wconf 89' lang='lat' dir='ltr'>sed</span> <span class='ocrx_word' id='word_1_517' title='bbox 309 4357 406 4430; x_wconf 90' lang='lat' dir='ltr'>potius</span> <span class='ocrx_word' id='word_1_518' title='bbox 422 4357 466 4412; x_wconf 93' lang='lat' dir='ltr'>sui</span> <span class='ocrx_word' id='word_1_519' title='bbox 484 4353 567 4411; x_wconf 90' lang='lat' dir='ltr'>ovilis</span> <span class='ocrx_word' id='word_1_520' title='bbox 580 4357 746 4412; x_wconf 86' lang='lat' dir='ltr'>custodiam</span> <span class='ocrx_word' id='word_1_521' title='bbox 758 4357 939 4415; x_wconf 85' lang='lat' dir='ltr'>Christusilli</span> 
     </span>
    </p>
   </div>
   <div class='ocr_carea' id='block_1_12' title="bbox 993 3918 1825 4434">
    <p class='ocr_par' dir='ltr' id='par_1_12' title="bbox 993 3918 1825 4434">
     <span class='ocr_line' id='line_1_70' title="bbox 996 3918 1825 3994; baseline 0 -19"><span class='ocrx_word' id='word_1_522' title='bbox 996 3920 1077 3975; x_wconf 87' lang='lat' dir='ltr'>tinus</span> <span class='ocrx_word' id='word_1_523' title='bbox 1092 3920 1168 3973; x_wconf 83' lang='lat' dir='ltr'>ideur</span> <span class='ocrx_word' id='word_1_524' title='bbox 1186 3918 1291 3990; x_wconf 63' lang='lat' dir='ltr'>praesul</span> <span class='ocrx_word' id='word_1_525' title='bbox 1307 3919 1393 3990; x_wconf 82' lang='lat' dir='ltr'>ooepit</span> <span class='ocrx_word' id='word_1_526' title='bbox 1409 3921 1519 3991; x_wconf 88' lang='lat' dir='ltr'>majore</span> <span class='ocrx_word' id='word_1_527' title='bbox 1534 3919 1644 3975; x_wconf 88' lang='lat' dir='ltr'>ambitu</span> <span class='ocrx_word' id='word_1_528' title='bbox 1662 3937 1696 3976; x_wconf 86' lang='lat' dir='ltr'>ac</span> <span class='ocrx_word' id='word_1_529' title='bbox 1712 3924 1825 3994; x_wconf 78' lang='lat' dir='ltr'>crypta·</span> 
     </span>
     <span class='ocr_line' id='line_1_71' title="bbox 997 4006 1823 4079; baseline 0.002 -19"><span class='ocrx_word' id='word_1_530' title='bbox 997 4025 1059 4061; x_wconf 93' lang='lat' dir='ltr'>rum</span> <span class='ocrx_word' id='word_1_531' title='bbox 1078 4007 1241 4062; x_wconf 85' lang='lat' dir='ltr'>curvaturis</span> <span class='ocrx_word' id='word_1_532' title='bbox 1257 4007 1378 4077; x_wconf 85' lang='lat' dir='ltr'>quadris</span> <span class='ocrx_word' id='word_1_533' title='bbox 1395 4006 1543 4079; x_wconf 87' lang='lat' dir='ltr'>lapidibus</span> <span class='ocrx_word' id='word_1_534' title='bbox 1556 4007 1688 4063; x_wconf 85' lang='lat' dir='ltr'>certatim</span> <span class='ocrx_word' id='word_1_535' title='bbox 1701 4007 1823 4063; x_wconf 78' lang='lat' dir='ltr'>reedifi-</span> 
     </span>
     <span class='ocr_line' id='line_1_72' title="bbox 995 4095 1822 4165; baseline 0 -14"><span class='ocrx_word' id='word_1_536' title='bbox 995 4112 1075 4159; x_wconf 76' lang='lat' dir='ltr'>care,</span> <span class='ocrx_word' id='word_1_537' title='bbox 1092 4112 1159 4150; x_wconf 89' lang='lat' dir='ltr'>nam</span> <span class='ocrx_word' id='word_1_538' title='bbox 1185 4095 1266 4165; x_wconf 83' lang='lat' dir='ltr'>prius</span> <span class='ocrx_word' id='word_1_539' title='bbox 1296 4096 1464 4151; x_wconf 85' lang='lat' dir='ltr'>delicatiore</span> <span class='ocrx_word' id='word_1_540' title='bbox 1495 4095 1617 4151; x_wconf 88' lang='lat' dir='ltr'>materia</span> <span class='ocrx_word' id='word_1_541' title='bbox 1638 4096 1822 4160; x_wconf 81' lang='lat' dir='ltr'>constiterat,</span> 
     </span>
     <span class='ocr_line' id='line_1_73' title="bbox 996 4178 1822 4256; baseline 0.004 -18"><span class='ocrx_word' id='word_1_542' title='bbox 996 4184 1186 4256; x_wconf 87' lang='lat' dir='ltr'>minimisque</span> <span class='ocrx_word' id='word_1_543' title='bbox 1201 4184 1321 4254; x_wconf 86' lang='lat' dir='ltr'>lapillis;</span> <span class='ocrx_word' id='word_1_544' title='bbox 1334 4185 1397 4253; x_wconf 67' lang='lat' dir='ltr'>,jam</span> <span class='ocrx_word' id='word_1_545' title='bbox 1414 4202 1480 4240; x_wconf 88' lang='lat' dir='ltr'>vero</span> <span class='ocrx_word' id='word_1_546' title='bbox 1496 4184 1585 4240; x_wconf 90' lang='lat' dir='ltr'>altius</span> <span class='ocrx_word' id='word_1_547' title='bbox 1600 4178 1822 4255; x_wconf 80' lang='lat' dir='ltr'>opereeeclesia</span> 
     </span>
     <span class='ocr_line' id='line_1_74' title="bbox 994 4271 1821 4346; baseline 0 -17"><span class='ocrx_word' id='word_1_548' title='bbox 994 4272 1193 4338; x_wconf 89' lang='lat' dir='ltr'>odito,rursus</span> <span class='ocrx_word' id='word_1_549' title='bbox 1204 4271 1304 4327; x_wconf 85' lang='lat' dir='ltr'>civitas</span> <span class='ocrx_word' id='word_1_550' title='bbox 1316 4273 1467 4329; x_wconf 84' lang='lat' dir='ltr'>reincensa</span> <span class='ocrx_word' id='word_1_551' title='bbox 1483 4279 1536 4340; x_wconf 84' lang='lat' dir='ltr'>est,</span> <span class='ocrx_word' id='word_1_552' title='bbox 1553 4273 1603 4328; x_wconf 92' lang='lat' dir='ltr'>sed</span> <span class='ocrx_word' id='word_1_553' title='bbox 1621 4288 1730 4328; x_wconf 89' lang='lat' dir='ltr'>novum</span> <span class='ocrx_word' id='word_1_554' title='bbox 1746 4288 1821 4346; x_wconf 81' lang='lat' dir='ltr'>opus</span> 
     </span>
     <span class='ocr_line' id='line_1_75' title="bbox 993 4359 1819 4434; baseline 0.001 -17"><span class='ocrx_word' id='word_1_555' title='bbox 993 4359 1121 4417; x_wconf 77' lang='lat' dir='ltr'>ecelesiae</span> <span class='ocrx_word' id='word_1_556' title='bbox 1138 4360 1247 4416; x_wconf 87' lang='lat' dir='ltr'>mansit</span> <span class='ocrx_word' id='word_1_557' title='bbox 1262 4361 1416 4417; x_wconf 90' lang='lat' dir='ltr'>incolume.</span> <span class='ocrx_word' id='word_1_558' title='bbox 1433 4367 1516 4417; x_wconf 91' lang='lat' dir='ltr'>Anno</span> <span class='ocrx_word' id='word_1_559' title='bbox 1535 4361 1626 4434; x_wconf 83' lang='lat' dir='ltr'>igitur</span> <span class='ocrx_word' id='word_1_560' title='bbox 1648 4362 1728 4417; x_wconf 86' lang='lat' dir='ltr'>eirca</span> <span class='ocrx_word' id='word_1_561' title='bbox 1745 4378 1819 4418; x_wconf 89' lang='lat' dir='ltr'>uou-</span> 
     </span>
    </p>
   </div>
   <div class='ocr_carea' id='block_1_13' title="bbox 114 4443 1824 4703">
    <p class='ocr_par' dir='ltr' id='par_1_13' title="bbox 114 4443 1824 4703">
     <span class='ocr_line' id='line_1_76' title="bbox 116 4443 1822 4524; baseline 0.002 -21"><span class='ocrx_word' id='word_1_562' title='bbox 116 4448 304 4521; x_wconf 89' lang='lat' dir='ltr'>postmodum</span> <span class='ocrx_word' id='word_1_563' title='bbox 321 4445 483 4502; x_wconf 78' lang='lat' dir='ltr'>evidentius</span> <span class='ocrx_word' id='word_1_564' title='bbox 498 4443 672 4518; x_wconf 86' lang='lat' dir='ltr'>assignavit:</span> <span class='ocrx_word' id='word_1_565' title='bbox 691 4447 767 4516; x_wconf 89' lang='lat' dir='ltr'>quod</span> <span class='ocrx_word' id='word_1_566' title='bbox 792 4447 831 4501; x_wconf 90' lang='lat' dir='ltr'>nil</span> <span class='ocrx_word' id='word_1_567' title='bbox 848 4448 938 4514; x_wconf 90' lang='lat' dir='ltr'>aliud,</span> <span class='ocrx_word' id='word_1_568' title='bbox 993 4450 1188 4524; x_wconf 83' lang='lat' dir='ltr'>gentosiruurn</span> <span class='ocrx_word' id='word_1_569' title='bbox 1206 4454 1342 4505; x_wconf 85' lang='lat' dir='ltr'>sextuma</span> <span class='ocrx_word' id='word_1_570' title='bbox 1349 4451 1484 4523; x_wconf 87' lang='lat' dir='ltr'>passione</span> <span class='ocrx_word' id='word_1_571' title='bbox 1495 4448 1646 4507; x_wconf 84' lang='lat' dir='ltr'>Dorniniee</span> <span class='ocrx_word' id='word_1_572' title='bbox 1654 4449 1822 4507; x_wconf 72' lang='lat' dir='ltr'>coenobium</span> 
     </span>
     <span class='ocr_line' id='line_1_77' title="bbox 115 4534 1824 4619; baseline 0.002 -29"><span class='ocrx_word' id='word_1_573' title='bbox 115 4542 148 4591; x_wconf 92' lang='lat' dir='ltr'>ut</span> <span class='ocrx_word' id='word_1_574' title='bbox 163 4537 322 4602; x_wconf 89' lang='lat' dir='ltr'>credimus,</span> <span class='ocrx_word' id='word_1_575' title='bbox 338 4534 809 4608; x_wconf 85' lang='lat' dir='ltr'>quamlapsorumrucdicinal&#39;uit.</span> <span class='ocrx_word' id='word_1_576' title='bbox 819 4537 940 4595; x_wconf 86' lang='lat' dir='ltr'>Proinde</span> <span class='ocrx_word' id='word_1_577' title='bbox 957 4556 978 4619; x_wconf 63' lang='grc' dir='ltr'>ι)</span> <span class='ocrx_word' id='word_1_578' title='bbox 995 4539 1159 4606; x_wconf 86' lang='lat' dir='ltr'>Milareuse,</span> <span class='ocrx_word' id='word_1_579' title='bbox 1172 4539 1295 4609; x_wconf 87' lang='lat' dir='ltr'>jubente</span> <span class='ocrx_word' id='word_1_580' title='bbox 1309 4537 1454 4605; x_wconf 89' lang='lat' dir='ltr'>lleldrico,</span> <span class='ocrx_word' id='word_1_581' title='bbox 1470 4539 1640 4595; x_wconf 89' lang='lat' dir='ltr'>monasterii</span> <span class='ocrx_word' id='word_1_582' title='bbox 1651 4536 1824 4595; x_wconf 77' lang='lat' dir='ltr'>sauctiGer&#39;-</span> 
     </span>
     <span class='ocr_line' id='line_1_78' title="bbox 114 4622 1823 4703; baseline 0.003 -25"><span class='ocrx_word' id='word_1_583' title='bbox 114 4624 196 4679; x_wconf 82' lang='lat' dir='ltr'>i‘rutri</span> <span class='ocrx_word' id='word_1_584' title='bbox 214 4628 312 4680; x_wconf 89' lang='lat' dir='ltr'>nostro</span> <span class='ocrx_word' id='word_1_585' title='bbox 328 4623 451 4697; x_wconf 86' lang='lat' dir='ltr'>llugoni,</span> <span class='ocrx_word' id='word_1_586' title='bbox 469 4622 713 4680; x_wconf 69' lang='lat' dir='ltr'>autissiodorensi</span> <span class='ocrx_word' id='word_1_587' title='bbox 738 4626 865 4697; x_wconf 76' lang='lat' dir='ltr'>presuli,</span> <span class='ocrx_word' id='word_1_588' title='bbox 882 4629 940 4684; x_wconf 77' lang='lat' dir='ltr'>lico</span> <span class='ocrx_word' id='word_1_589' title='bbox 996 4627 1074 4682; x_wconf 86' lang='lat' dir='ltr'>mani</span> <span class='ocrx_word' id='word_1_590' title='bbox 1090 4627 1204 4692; x_wconf 86' lang='lat' dir='ltr'>abbate,</span> <span class='ocrx_word' id='word_1_591' title='bbox 1222 4643 1273 4697; x_wconf 88' lang='lat' dir='ltr'>per</span> <span class='ocrx_word' id='word_1_592' title='bbox 1288 4627 1441 4703; x_wconf 87' lang='lat' dir='ltr'>domiuum</span> <span class='ocrx_word' id='word_1_593' title='bbox 1464 4628 1604 4683; x_wconf 73' lang='lat' dir='ltr'>&#39;tealdum</span> <span class='ocrx_word' id='word_1_594' title='bbox 1630 4627 1823 4694; x_wconf 88' lang='lat' dir='ltr'>monachum,</span> 
     </span>
    </p>
   </div>
   <div class='ocr_carea' id='block_1_14' title="bbox 110 4712 939 5671">
    <p class='ocr_par' dir='ltr' id='par_1_14' title="bbox 112 4712 939 5389">
     <span class='ocr_line' id='line_1_79' title="bbox 114 4712 938 4787; baseline 0.006 -20"><span class='ocrx_word' id='word_1_595' title='bbox 114 4718 143 4767; x_wconf 87' lang='lat' dir='ltr'>et</span> <span class='ocrx_word' id='word_1_596' title='bbox 159 4712 242 4768; x_wconf 90' lang='lat' dir='ltr'>nobis</span> <span class='ocrx_word' id='word_1_597' title='bbox 258 4729 311 4768; x_wconf 84' lang='lat' dir='ltr'>suu</span> <span class='ocrx_word' id='word_1_598' title='bbox 327 4713 615 4785; x_wconf 84' lang='lat' dir='ltr'>pcccatacoulttonti,</span> <span class='ocrx_word' id='word_1_599' title='bbox 626 4730 748 4786; x_wconf 81' lang='lat' dir='ltr'>seseque</span> <span class='ocrx_word' id='word_1_600' title='bbox 762 4713 938 4787; x_wconf 90' lang='lat' dir='ltr'>culpabilem</span> 
     </span>
     <span class='ocr_line' id='line_1_80' title="bbox 115 4800 939 4875; baseline 0.008 -19"><span class='ocrx_word' id='word_1_601' title='bbox 115 4800 259 4868; x_wconf 86' lang='lat' dir='ltr'>reddenti,</span> <span class='ocrx_word' id='word_1_602' title='bbox 275 4800 437 4873; x_wconf 87' lang='lat' dir='ltr'>plenariam</span> <span class='ocrx_word' id='word_1_603' title='bbox 454 4818 471 4856; x_wconf 89' lang='lat' dir='ltr'>a</span> <span class='ocrx_word' id='word_1_604' title='bbox 487 4802 544 4857; x_wconf 82' lang='lat' dir='ltr'>lieo</span> <span class='ocrx_word' id='word_1_605' title='bbox 561 4801 715 4874; x_wconf 86' lang='lat' dir='ltr'>pollicente</span> <span class='ocrx_word' id='word_1_606' title='bbox 740 4805 939 4875; x_wconf 73' lang='lat' dir='ltr'>promittimus</span> 
     </span>
     <span class='ocr_line' id='line_1_81' title="bbox 113 4888 936 4964; baseline 0.007 -19"><span class='ocrx_word' id='word_1_607' title='bbox 113 4888 936 4964; x_wconf 77' lang='lat' dir='ltr'>consequiindulgenlieveuium,secundumsponsionem</span> 
     </span>
     <span class='ocr_line' id='line_1_82' title="bbox 112 4977 937 5054; baseline 0.006 -20"><span class='ocrx_word' id='word_1_608' title='bbox 112 4979 256 5050; x_wconf 76' lang='lat' dir='ltr'>ejusdem,</span> <span class='ocrx_word' id='word_1_609' title='bbox 272 4996 330 5050; x_wconf 83' lang='lat' dir='ltr'>qun</span> <span class='ocrx_word' id='word_1_610' title='bbox 346 4978 435 5032; x_wconf 87' lang='lat' dir='ltr'>dixit:</span> <span class='ocrx_word' id='word_1_611' title='bbox 452 4977 509 5032; x_wconf 84' lang='lat' dir='ltr'>Non</span> <span class='ocrx_word' id='word_1_612' title='bbox 525 4980 587 5033; x_wconf 85' lang='lat' dir='ltr'>ocni</span> <span class='ocrx_word' id='word_1_613' title='bbox 597 4995 691 5035; x_wconf 84' lang='lat' dir='ltr'>vocare</span> <span class='ocrx_word' id='word_1_614' title='bbox 699 4981 795 5050; x_wconf 81' lang='lat' dir='ltr'>justos,</span> <span class='ocrx_word' id='word_1_615' title='bbox 817 4983 863 5038; x_wconf 79' lang='lat' dir='ltr'>set</span> <span class='ocrx_word' id='word_1_616' title='bbox 876 4999 937 5054; x_wconf 82' lang='lat' dir='ltr'>per-</span> 
     </span>
     <span class='ocr_line' id='line_1_83' title="bbox 112 5067 938 5140; baseline 0.008 -18"><span class='ocrx_word' id='word_1_617' title='bbox 112 5077 214 5124; x_wconf 83' lang='lat' dir='ltr'>cuteres</span> <span class='ocrx_word' id='word_1_618' title='bbox 229 5067 265 5122; x_wconf 87' lang='lat' dir='ltr'>od</span> <span class='ocrx_word' id='word_1_619' title='bbox 278 5069 464 5140; x_wconf 71' lang='lat' dir='ltr'>penitentium</span> <span class='ocrx_word' id='word_1_620' title='bbox 480 5068 587 5133; x_wconf 78' lang='lat' dir='ltr'>(Metti.</span> <span class='ocrx_word' id='word_1_621' title='bbox 599 5085 636 5132; x_wconf 86' lang='grc' dir='ltr'>ιν,</span> <span class='ocrx_word' id='word_1_622' title='bbox 655 5070 709 5135; x_wconf 86' lang='grc'>13).</span> <span class='ocrx_word' id='word_1_623' title='bbox 723 5070 938 5140; x_wconf 80' lang='lat' dir='ltr'>ideoqueuobis</span> 
     </span>
     <span class='ocr_line' id='line_1_84' title="bbox 112 5154 939 5231; baseline 0.006 -20"><span class='ocrx_word' id='word_1_624' title='bbox 112 5156 198 5212; x_wconf 90' lang='lat' dir='ltr'>debet</span> <span class='ocrx_word' id='word_1_625' title='bbox 213 5157 288 5213; x_wconf 83' lang='lat' dir='ltr'>effici</span> <span class='ocrx_word' id='word_1_626' title='bbox 304 5154 506 5220; x_wconf 86' lang='lat' dir='ltr'>charissimus,</span> <span class='ocrx_word' id='word_1_627' title='bbox 525 5155 595 5226; x_wconf 88' lang='lat' dir='ltr'>quia</span> <span class='ocrx_word' id='word_1_628' title='bbox 610 5155 659 5211; x_wconf 89' lang='lat' dir='ltr'>Dei</span> <span class='ocrx_word' id='word_1_629' title='bbox 671 5155 775 5213; x_wconf 88' lang='lat' dir='ltr'>timore</span> <span class='ocrx_word' id='word_1_630' title='bbox 789 5166 939 5231; x_wconf 90' lang='lat' dir='ltr'>correptus</span> 
     </span>
     <span class='ocr_line' id='line_1_85' title="bbox 113 5242 939 5319; baseline 0.007 -19"><span class='ocrx_word' id='word_1_631' title='bbox 113 5251 234 5319; x_wconf 84' lang='lat' dir='ltr'>apparet</span> <span class='ocrx_word' id='word_1_632' title='bbox 249 5245 446 5311; x_wconf 83' lang='lat' dir='ltr'>humillimus,</span> <span class='ocrx_word' id='word_1_633' title='bbox 463 5248 491 5300; x_wconf 92' lang='lat' dir='ltr'>et</span> <span class='ocrx_word' id='word_1_634' title='bbox 515 5243 584 5317; x_wconf 88' lang='lat' dir='ltr'>quia</span> <span class='ocrx_word' id='word_1_635' title='bbox 599 5244 628 5299; x_wconf 94' lang='lat' dir='ltr'>in</span> <span class='ocrx_word' id='word_1_636' title='bbox 648 5242 756 5300; x_wconf 85' lang='lat' dir='ltr'>talibus</span> <span class='ocrx_word' id='word_1_637' title='bbox 781 5248 939 5319; x_wconf 85' lang='lat' dir='ltr'>requiescit</span> 
     </span>
     <span class='ocr_line' id='line_1_86' title="bbox 112 5333 233 5389; baseline 0.008 -1"><span class='ocrx_word' id='word_1_638' title='bbox 112 5333 200 5389; x_wconf 78' lang='lat' dir='ltr'>Deus.</span> <span class='ocrx_word' id='word_1_639' title='bbox 219 5357 233 5384; x_wconf 82' lang='lat' dir='ltr'>u</span> 
     </span>
    </p>

    <p class='ocr_par' dir='ltr' id='par_1_15' title="bbox 110 5419 936 5671">
     <span class='ocr_line' id='line_1_87' title="bbox 147 5419 935 5489; baseline 0.009 -14"><span class='ocrx_word' id='word_1_640' title='bbox 147 5421 286 5478; x_wconf 78' lang='lat' dir='ltr'>Praeterea</span> <span class='ocrx_word' id='word_1_641' title='bbox 301 5441 350 5480; x_wconf 89' lang='lat' dir='ltr'>rex</span> <span class='ocrx_word' id='word_1_642' title='bbox 359 5419 641 5489; x_wconf 83' lang='lat' dir='ltr'>ltohertus,collecto</span> <span class='ocrx_word' id='word_1_643' title='bbox 657 5421 685 5475; x_wconf 90' lang='lat' dir='ltr'>in</span> <span class='ocrx_word' id='word_1_644' title='bbox 703 5439 794 5478; x_wconf 92' lang='lat' dir='ltr'>unum</span> <span class='ocrx_word' id='word_1_645' title='bbox 810 5425 935 5482; x_wconf 88' lang='lat' dir='ltr'>exercitu</span> 
     </span>
     <span class='ocr_line' id='line_1_88' title="bbox 110 5506 935 5582; baseline 0.011 -21"><span class='ocrx_word' id='word_1_646' title='bbox 110 5506 206 5564; x_wconf 90' lang='lat' dir='ltr'>valido</span> <span class='ocrx_word' id='word_1_647' title='bbox 221 5512 280 5564; x_wconf 91' lang='lat' dir='ltr'>tam</span> <span class='ocrx_word' id='word_1_648' title='bbox 296 5511 331 5566; x_wconf 90' lang='lat' dir='ltr'>de</span> <span class='ocrx_word' id='word_1_649' title='bbox 346 5516 432 5582; x_wconf 83' lang='lat' dir='ltr'>gente</span> <span class='ocrx_word' id='word_1_650' title='bbox 448 5515 623 5566; x_wconf 78' lang='lat' dir='ltr'>Francorum</span> <span class='ocrx_word' id='word_1_651' title='bbox 640 5526 729 5582; x_wconf 87' lang='lat' dir='ltr'>quam</span> <span class='ocrx_word' id='word_1_652' title='bbox 754 5511 935 5571; x_wconf 80' lang='lat' dir='ltr'>Normanno·</span> 
     </span>
     <span class='ocr_line' id='line_1_89' title="bbox 110 5593 936 5671; baseline 0.011 -20"><span class='ocrx_word' id='word_1_653' title='bbox 110 5611 187 5663; x_wconf 83' lang='lat' dir='ltr'>suin,</span> <span class='ocrx_word' id='word_1_654' title='bbox 204 5593 317 5653; x_wconf 87' lang='lat' dir='ltr'>habeus</span> <span class='ocrx_word' id='word_1_655' title='bbox 332 5615 431 5654; x_wconf 83' lang='lat' dir='ltr'>secum</span> <span class='ocrx_word' id='word_1_656' title='bbox 439 5597 936 5671; x_wconf 83' lang='lat' dir='ltr'>Richardum,potentissiurumdu-</span> 
     </span>
    </p>
   </div>
   <div class='ocr_carea' id='block_1_15' title="bbox 990 4714 1853 5678">
    <p class='ocr_par' dir='ltr' id='par_1_16' title="bbox 990 4714 1853 5678">
     <span class='ocr_line' id='line_1_90' title="bbox 994 4714 1853 4789; baseline 0.002 -19"><span class='ocrx_word' id='word_1_657' title='bbox 994 4716 1042 4788; x_wconf 91' lang='lat' dir='ltr'>qui</span> <span class='ocrx_word' id='word_1_658' title='bbox 1060 4716 1153 4772; x_wconf 86' lang='lat' dir='ltr'>eidem</span> <span class='ocrx_word' id='word_1_659' title='bbox 1171 4714 1274 4770; x_wconf 88' lang='lat' dir='ltr'>tertius</span> <span class='ocrx_word' id='word_1_660' title='bbox 1289 4714 1318 4770; x_wconf 93' lang='lat' dir='ltr'>in</span> <span class='ocrx_word' id='word_1_661' title='bbox 1336 4716 1467 4789; x_wconf 82' lang='lat' dir='ltr'>regimen</span> <span class='ocrx_word' id='word_1_662' title='bbox 1484 4715 1636 4780; x_wconf 90' lang='lat' dir='ltr'>suecessit,</span> <span class='ocrx_word' id='word_1_663' title='bbox 1662 4714 1825 4772; x_wconf 81' lang='lat' dir='ltr'>honorilice</span> <span class='ocrx_word' id='word_1_664' title='bbox 1850 4776 1853 4781; x_wconf 68' lang='grc'><em>,</em></span> 
     </span>
     <span class='ocr_line' id='line_1_91' title="bbox 993 4803 1826 4876; baseline 0.002 -17"><span class='ocrx_word' id='word_1_665' title='bbox 993 4804 1203 4876; x_wconf 71' lang='lat' dir='ltr'>amplificatum</span> <span class='ocrx_word' id='word_1_666' title='bbox 1221 4808 1307 4875; x_wconf 86' lang='lat' dir='ltr'>atque</span> <span class='ocrx_word' id='word_1_667' title='bbox 1319 4804 1511 4860; x_wconf 87' lang='lat' dir='ltr'>sublimatum</span> <span class='ocrx_word' id='word_1_668' title='bbox 1527 4810 1581 4870; x_wconf 88' lang='lat' dir='ltr'>est,</span> <span class='ocrx_word' id='word_1_669' title='bbox 1598 4808 1719 4875; x_wconf 86' lang='lat' dir='ltr'>tamque</span> <span class='ocrx_word' id='word_1_670' title='bbox 1735 4803 1826 4861; x_wconf 78' lang='lat' dir='ltr'>adili-</span> 
     </span>
     <span class='ocr_line' id='line_1_92' title="bbox 993 4892 1825 4965; baseline 0 -16"><span class='ocrx_word' id='word_1_671' title='bbox 993 4894 1046 4949; x_wconf 91' lang='lat' dir='ltr'>ciis</span> <span class='ocrx_word' id='word_1_672' title='bbox 1062 4909 1149 4964; x_wconf 87' lang='lat' dir='ltr'>quam</span> <span class='ocrx_word' id='word_1_673' title='bbox 1166 4893 1414 4964; x_wconf 86' lang='lat' dir='ltr'>possessionibus,</span> <span class='ocrx_word' id='word_1_674' title='bbox 1438 4910 1472 4948; x_wconf 89' lang='lat' dir='ltr'>ac</span> <span class='ocrx_word' id='word_1_675' title='bbox 1494 4892 1667 4965; x_wconf 89' lang='lat' dir='ltr'>supellectili</span> <span class='ocrx_word' id='word_1_676' title='bbox 1692 4892 1761 4948; x_wconf 87' lang='lat' dir='ltr'>auri</span> <span class='ocrx_word' id='word_1_677' title='bbox 1776 4910 1825 4949; x_wconf 81' lang='lat' dir='ltr'>ar·</span> 
     </span>
     <span class='ocr_line' id='line_1_93' title="bbox 992 4981 1828 5055; baseline 0 -17"><span class='ocrx_word' id='word_1_678' title='bbox 992 4982 1130 5055; x_wconf 83' lang='lat' dir='ltr'>gentique</span> <span class='ocrx_word' id='word_1_679' title='bbox 1146 4981 1442 5052; x_wconf 90' lang='lat' dir='ltr'>oppidodecoratum,</span> <span class='ocrx_word' id='word_1_680' title='bbox 1458 4987 1545 5055; x_wconf 88' lang='lat' dir='ltr'>utque</span> <span class='ocrx_word' id='word_1_681' title='bbox 1558 4983 1593 5036; x_wconf 92' lang='lat' dir='ltr'>ab</span> <span class='ocrx_word' id='word_1_682' title='bbox 1610 4981 1711 5038; x_wconf 89' lang='lat' dir='ltr'>eodem</span> <span class='ocrx_word' id='word_1_683' title='bbox 1729 4983 1828 5055; x_wconf 88' lang='lat' dir='ltr'>ponti·</span> 
     </span>
     <span class='ocr_line' id='line_1_94' title="bbox 994 5069 1812 5138; baseline 0.004 -13"><span class='ocrx_word' id='word_1_684' title='bbox 994 5073 1046 5126; x_wconf 86' lang='lat' dir='ltr'>tice</span> <span class='ocrx_word' id='word_1_685' title='bbox 1061 5069 1242 5133; x_wconf 85' lang='lat' dir='ltr'>solemniter,</span> <span class='ocrx_word' id='word_1_686' title='bbox 1261 5076 1293 5125; x_wconf 92' lang='lat' dir='ltr'>ut</span> <span class='ocrx_word' id='word_1_687' title='bbox 1306 5071 1438 5138; x_wconf 88' lang='lat' dir='ltr'>decebat,</span> <span class='ocrx_word' id='word_1_688' title='bbox 1455 5075 1569 5126; x_wconf 89' lang='lat' dir='ltr'>constat</span> <span class='ocrx_word' id='word_1_689' title='bbox 1583 5086 1648 5126; x_wconf 82' lang='lat' dir='ltr'>csse</span> <span class='ocrx_word' id='word_1_690' title='bbox 1659 5074 1812 5128; x_wconf 83' lang='lat' dir='ltr'>sacratum</span> 
     </span>
     <span class='ocr_line' id='line_1_95' title="bbox 994 5157 1826 5230; baseline 0.004 -17"><span class='ocrx_word' id='word_1_691' title='bbox 994 5160 1022 5215; x_wconf 92' lang='lat' dir='ltr'>in</span> <span class='ocrx_word' id='word_1_692' title='bbox 1040 5176 1098 5230; x_wconf 88' lang='lat' dir='ltr'>qua</span> <span class='ocrx_word' id='word_1_693' title='bbox 1112 5157 1199 5214; x_wconf 89' lang='lat' dir='ltr'>etiam</span> <span class='ocrx_word' id='word_1_694' title='bbox 1214 5159 1431 5216; x_wconf 88' lang='lat' dir='ltr'>consecratione</span> <span class='ocrx_word' id='word_1_695' title='bbox 1447 5158 1597 5216; x_wconf 88' lang='lat' dir='ltr'>interdixit</span> <span class='ocrx_word' id='word_1_696' title='bbox 1617 5158 1673 5214; x_wconf 90' lang='lat' dir='ltr'>sub</span> <span class='ocrx_word' id='word_1_697' title='bbox 1697 5159 1826 5216; x_wconf 89' lang='lat' dir='ltr'>anathe-</span> 
     </span>
     <span class='ocr_line' id='line_1_96' title="bbox 993 5245 1828 5322; baseline 0.002 -19"><span class='ocrx_word' id='word_1_698' title='bbox 993 5254 1080 5315; x_wconf 84' lang='lat' dir='ltr'>mate,</span> <span class='ocrx_word' id='word_1_699' title='bbox 1101 5252 1133 5302; x_wconf 90' lang='lat' dir='ltr'>ut</span> <span class='ocrx_word' id='word_1_700' title='bbox 1156 5246 1256 5302; x_wconf 84' lang='lat' dir='ltr'>nullus</span> <span class='ocrx_word' id='word_1_701' title='bbox 1281 5248 1449 5303; x_wconf 89' lang='lat' dir='ltr'>mortalium</span> <span class='ocrx_word' id='word_1_702' title='bbox 1480 5263 1657 5321; x_wconf 85' lang='lat' dir='ltr'>praesumere</span> <span class='ocrx_word' id='word_1_703' title='bbox 1681 5245 1828 5322; x_wconf 80' lang='lat' dir='ltr'>deinceps</span> 
     </span>
     <span class='ocr_line' id='line_1_97' title="bbox 992 5334 1828 5409; baseline 0 -17"><span class='ocrx_word' id='word_1_704' title='bbox 992 5337 1114 5392; x_wconf 85' lang='lat' dir='ltr'>auderet</span> <span class='ocrx_word' id='word_1_705' title='bbox 1128 5335 1197 5400; x_wconf 83' lang='lat' dir='ltr'>vim,</span> <span class='ocrx_word' id='word_1_706' title='bbox 1214 5352 1265 5391; x_wconf 87' lang='lat' dir='ltr'>seu</span> <span class='ocrx_word' id='word_1_707' title='bbox 1279 5334 1828 5409; x_wconf 87' lang='lat' dir='ltr'>calumniam,neealiquamtortitudi-</span> 
     </span>
     <span class='ocr_line' id='line_1_98' title="bbox 992 5422 1828 5496; baseline 0 -15"><span class='ocrx_word' id='word_1_708' title='bbox 992 5442 1058 5481; x_wconf 89' lang='lat' dir='ltr'>uem</span> <span class='ocrx_word' id='word_1_709' title='bbox 1073 5425 1180 5479; x_wconf 84' lang='lat' dir='ltr'>iul‘crre</span> <span class='ocrx_word' id='word_1_710' title='bbox 1196 5439 1247 5496; x_wconf 92' lang='lat' dir='ltr'>pro</span> <span class='ocrx_word' id='word_1_711' title='bbox 1263 5424 1365 5494; x_wconf 89' lang='lat' dir='ltr'>quavis</span> <span class='ocrx_word' id='word_1_712' title='bbox 1381 5425 1532 5481; x_wconf 81' lang='lat' dir='ltr'>occasione</span> <span class='ocrx_word' id='word_1_713' title='bbox 1543 5422 1828 5494; x_wconf 78' lang='lat' dir='ltr'>rebusejusdemee·</span> 
     </span>
     <span class='ocr_line' id='line_1_99' title="bbox 990 5514 1802 5571; baseline -0.002 0"><span class='ocrx_word' id='word_1_714' title='bbox 990 5515 1094 5571; x_wconf 74' lang='lat' dir='ltr'>electe.</span> <span class='ocrx_word' id='word_1_715' title='bbox 1797 5514 1802 5523; x_wconf 91' lang='grc'><em>“</em></span> 
     </span>
     <span class='ocr_line' id='line_1_100' title="bbox 1025 5588 1825 5678; baseline 0.003 -19"><span class='ocrx_word' id='word_1_716' title='bbox 1025 5602 1153 5675; x_wconf 82' lang='lat' dir='ltr'>t&#39;outigit</span> <span class='ocrx_word' id='word_1_717' title='bbox 1167 5620 1234 5659; x_wconf 93' lang='lat' dir='ltr'>vero</span> <span class='ocrx_word' id='word_1_718' title='bbox 1249 5601 1388 5675; x_wconf 73' lang='lat' dir='ltr'>posthaec,</span> <span class='ocrx_word' id='word_1_719' title='bbox 1406 5608 1437 5660; x_wconf 90' lang='lat' dir='ltr'>nt</span> <span class='ocrx_word' id='word_1_720' title='bbox 1447 5605 1524 5662; x_wconf 89' lang='lat' dir='ltr'>beati</span> <span class='ocrx_word' id='word_1_721' title='bbox 1543 5588 1682 5660; x_wconf 81' lang='lat' dir='ltr'>Desiderii</span> <span class='ocrx_word' id='word_1_722' title='bbox 1708 5602 1825 5678; x_wconf 79' lang='lat' dir='ltr'>egregii</span> 
     </span>
    </p>
   </div>
   <div class='ocr_carea' id='block_1_16' title="bbox 0 0 1949 6096">
    <p class='ocr_par' dir='ltr' id='par_1_17' title="bbox 0 0 1949 6096">
     <span class='ocr_line' id='line_1_101' title="bbox 0 0 1949 6096; baseline 0 0"><span class='ocrx_word' id='word_1_723' title='bbox 0 0 1949 6096; x_wconf 95' lang='lat' dir='ltr'> </span> 
     </span>
    </p>
   </div>
  </div>
 </body>
</html>
