<?xml version="1.0" encoding="UTF-8"?>
<!DOCTYPE html PUBLIC "-//W3C//DTD XHTML 1.0 Transitional//EN"
    "http://www.w3.org/TR/xhtml1/DTD/xhtml1-transitional.dtd">
<html xmlns="http://www.w3.org/1999/xhtml" xml:lang="en" lang="en">
 <head>
  <title>
</title>
<meta http-equiv="Content-Type" content="text/html;charset=utf-8" />
  <meta name='ocr-system' content='tesseract 3.04.00' />
  <meta name='ocr-capabilities' content='ocr_page ocr_carea ocr_par ocr_line ocrx_word'/>
</head>
<body>
  <div class='ocr_page' id='page_1' title='image "./patrologiaecurs24unkngoog/patrologiaecurs24unkngoog_0401.png"; bbox 0 0 3878 6098; ppageno 0'>
   <div class='ocr_carea' id='block_1_1' title="bbox 117 253 1830 358">
    <p class='ocr_par' dir='ltr' id='par_1_1' title="bbox 117 253 1830 358">
     <span class='ocr_line' id='line_1_1' title="bbox 117 253 1830 358; baseline -0.001 -1"><span class='ocrx_word' id='word_1_1' title='bbox 117 293 177 358; x_wconf 79' lang='lat' dir='ltr'>ros</span> <span class='ocrx_word' id='word_1_2' title='bbox 439 253 604 357; x_wconf 71' lang='lat' dir='ltr'>aradae.</span> <span class='ocrx_word' id='word_1_3' title='bbox 630 296 682 356; x_wconf 80' lang='lat' dir='ltr'>lo</span> <span class='ocrx_word' id='word_1_4' title='bbox 705 296 799 358; x_wconf 70' lang='lat' dir='ltr'>sar„</span> <span class='ocrx_word' id='word_1_5' title='bbox 823 294 858 355; x_wconf 88' lang='lat' dir='ltr'>x.</span> <span class='ocrx_word' id='word_1_6' title='bbox 876 328 913 339; x_wconf 90' lang='lat'><em>-</em></span> <span class='ocrx_word' id='word_1_7' title='bbox 931 292 1184 357; x_wconf 72' lang='lat' dir='ltr'>tervanniam</span> <span class='ocrx_word' id='word_1_8' title='bbox 1207 291 1485 357; x_wconf 81' lang='lat' dir='ltr'>orreoirarrca.</span> <span class='ocrx_word' id='word_1_9' title='bbox 1771 290 1830 355; x_wconf 81' lang='lat' dir='ltr'>ruo</span> 
     </span>
    </p>
   </div>
   <div class='ocr_carea' id='block_1_2' title="bbox 108 398 1861 4963">
    <p class='ocr_par' dir='ltr' id='par_1_2' title="bbox 108 398 1861 4963">
     <span class='ocr_line' id='line_1_2' title="bbox 116 398 1830 504; baseline 0 -19"><span class='ocrx_word' id='word_1_10' title='bbox 116 432 194 488; x_wconf 88' lang='lat' dir='ltr'>vent.</span> <span class='ocrx_word' id='word_1_11' title='bbox 211 428 271 486; x_wconf 89' lang='lat' dir='ltr'>lloo</span> <span class='ocrx_word' id='word_1_12' title='bbox 285 446 351 486; x_wconf 91' lang='lat' dir='ltr'>vero</span> <span class='ocrx_word' id='word_1_13' title='bbox 374 445 441 485; x_wconf 92' lang='lat' dir='ltr'>cum</span> <span class='ocrx_word' id='word_1_14' title='bbox 465 445 583 486; x_wconf 89' lang='lat' dir='ltr'>summa</span> <span class='ocrx_word' id='word_1_15' title='bbox 605 428 756 504; x_wconf 77' lang='lat' dir='ltr'>diligentia</span> <span class='ocrx_word' id='word_1_16' title='bbox 779 428 830 484; x_wconf 89' lang='lat' dir='ltr'>tali</span> <span class='ocrx_word' id='word_1_17' title='bbox 856 429 943 487; x_wconf 91' lang='lat' dir='ltr'>modo</span> <span class='ocrx_word' id='word_1_18' title='bbox 958 431 1046 497; x_wconf 70' lang='lat' dir='ltr'>Atos</span> <span class='ocrx_word' id='word_1_19' title='bbox 1060 426 1315 502; x_wconf 78' lang='lat' dir='ltr'>presbyteros,qui</span> <span class='ocrx_word' id='word_1_20' title='bbox 1331 444 1386 484; x_wconf 91' lang='lat' dir='ltr'>sua</span> <span class='ocrx_word' id='word_1_21' title='bbox 1400 398 1614 500; x_wconf 69' lang='lat' dir='ltr'>vicesuporius</span> <span class='ocrx_word' id='word_1_22' title='bbox 1628 430 1742 483; x_wconf 88' lang='lat' dir='ltr'>statuto</span> <span class='ocrx_word' id='word_1_23' title='bbox 1757 427 1830 500; x_wconf 84' lang='lat' dir='ltr'>[mo-</span> 
     </span>
     <span class='ocr_line' id='line_1_3' title="bbox 118 515 1830 593; baseline 0.001 -19"><span class='ocrx_word' id='word_1_24' title='bbox 118 516 333 592; x_wconf 89' lang='lat' dir='ltr'>procurabitur.</span> <span class='ocrx_word' id='word_1_25' title='bbox 998 518 1090 593; x_wconf 86' lang='lat' dir='ltr'>desta]</span> <span class='ocrx_word' id='word_1_26' title='bbox 1101 518 1265 592; x_wconf 84' lang='lat' dir='ltr'>perhciaut,</span> <span class='ocrx_word' id='word_1_27' title='bbox 1273 523 1302 574; x_wconf 94' lang='lat' dir='ltr'>et</span> <span class='ocrx_word' id='word_1_28' title='bbox 1313 517 1349 574; x_wconf 90' lang='lat' dir='ltr'>od</span> <span class='ocrx_word' id='word_1_29' title='bbox 1365 534 1439 590; x_wconf 89' lang='lat' dir='ltr'>quos</span> <span class='ocrx_word' id='word_1_30' title='bbox 1452 515 1503 573; x_wconf 87' lang='lat' dir='ltr'>alii</span> <span class='ocrx_word' id='word_1_31' title='bbox 1519 515 1681 590; x_wconf 78' lang='lat' dir='ltr'>presbytcri</span> <span class='ocrx_word' id='word_1_32' title='bbox 1692 516 1830 590; x_wconf 76' lang='lat' dir='ltr'>Juuiores</span> 
     </span>
     <span class='ocr_line' id='line_1_4' title="bbox 153 605 1625 682; baseline -0.001 -19"><span class='ocrx_word' id='word_1_33' title='bbox 153 609 180 663; x_wconf 89' lang='lat'>5.</span> <span class='ocrx_word' id='word_1_34' title='bbox 198 606 361 680; x_wconf 75' lang='lat' dir='ltr'>Episcopus</span> <span class='ocrx_word' id='word_1_35' title='bbox 376 608 406 664; x_wconf 92' lang='lat' dir='ltr'>in</span> <span class='ocrx_word' id='word_1_36' title='bbox 422 610 507 681; x_wconf 87' lang='lat' dir='ltr'>eujus</span> <span class='ocrx_word' id='word_1_37' title='bbox 534 609 688 681; x_wconf 77' lang='lat' dir='ltr'>parrochia</span> <span class='ocrx_word' id='word_1_38' title='bbox 714 608 821 682; x_wconf 91' lang='lat' dir='ltr'>aliquis</span> <span class='ocrx_word' id='word_1_39' title='bbox 848 607 943 665; x_wconf 88' lang='lat' dir='ltr'>consi·</span> <span class='ocrx_word' id='word_1_40' title='bbox 998 613 1027 664; x_wconf 90' lang='lat' dir='ltr'>et</span> <span class='ocrx_word' id='word_1_41' title='bbox 1042 608 1142 664; x_wconf 91' lang='lat' dir='ltr'>minus</span> <span class='ocrx_word' id='word_1_42' title='bbox 1158 607 1236 664; x_wconf 86' lang='lat' dir='ltr'>cauti</span> <span class='ocrx_word' id='word_1_43' title='bbox 1251 624 1336 664; x_wconf 90' lang='lat' dir='ltr'>suam</span> <span class='ocrx_word' id='word_1_44' title='bbox 1352 622 1472 663; x_wconf 88' lang='lat' dir='ltr'>causum</span> <span class='ocrx_word' id='word_1_45' title='bbox 1488 605 1625 663; x_wconf 89' lang='lat' dir='ltr'>referant.</span> 
     </span>
     <span class='ocr_line' id='line_1_5' title="bbox 119 694 1827 772; baseline -0.001 -18"><span class='ocrx_word' id='word_1_46' title='bbox 119 702 200 754; x_wconf 82' lang='lat' dir='ltr'>stans</span> <span class='ocrx_word' id='word_1_47' title='bbox 216 696 325 770; x_wconf 90' lang='lat' dir='ltr'>aliquid</span> <span class='ocrx_word' id='word_1_48' title='bbox 341 697 524 772; x_wconf 78' lang='lat' dir='ltr'>depraedatus</span> <span class='ocrx_word' id='word_1_49' title='bbox 542 698 737 766; x_wconf 85' lang='lat' dir='ltr'>fucrit,semel</span> <span class='ocrx_word' id='word_1_50' title='bbox 751 703 780 754; x_wconf 88' lang='lat' dir='ltr'>et</span> <span class='ocrx_word' id='word_1_51' title='bbox 796 699 842 755; x_wconf 91' lang='lat' dir='ltr'>bis</span> <span class='ocrx_word' id='word_1_52' title='bbox 857 704 944 771; x_wconf 89' lang='lat' dir='ltr'>atque</span> <span class='ocrx_word' id='word_1_53' title='bbox 1034 700 1060 754; x_wconf 90' lang='lat'>8.</span> <span class='ocrx_word' id='word_1_54' title='bbox 1077 696 1192 753; x_wconf 90' lang='lat' dir='ltr'>Placuit</span> <span class='ocrx_word' id='word_1_55' title='bbox 1218 697 1302 753; x_wconf 91' lang='lat' dir='ltr'>nobis</span> <span class='ocrx_word' id='word_1_56' title='bbox 1332 698 1372 768; x_wconf 90' lang='lat' dir='ltr'>[et</span> <span class='ocrx_word' id='word_1_57' title='bbox 1400 694 1537 751; x_wconf 82' lang='lat' dir='ltr'>fidelibus</span> <span class='ocrx_word' id='word_1_58' title='bbox 1566 695 1676 752; x_wconf 91' lang='lat' dir='ltr'>nostris</span> <span class='ocrx_word' id='word_1_59' title='bbox 1696 696 1751 767; x_wconf 73' lang='lat'>¹⁸⁹⁸]</span> <span class='ocrx_word' id='word_1_60' title='bbox 1776 712 1827 768; x_wconf 90' lang='lat' dir='ltr'>pro</span> 
     </span>
     <span class='ocr_line' id='line_1_6' title="bbox 118 783 1827 854; baseline 0.001 -13"><span class='ocrx_word' id='word_1_61' title='bbox 118 785 215 852; x_wconf 87' lang='lat' dir='ltr'>tertio,</span> <span class='ocrx_word' id='word_1_62' title='bbox 233 785 257 842; x_wconf 90' lang='lat' dir='ltr'>si</span> <span class='ocrx_word' id='word_1_63' title='bbox 273 803 390 842; x_wconf 82' lang='lat' dir='ltr'>necesse</span> <span class='ocrx_word' id='word_1_64' title='bbox 407 787 502 853; x_wconf 85' lang='lat' dir='ltr'>luerit,</span> <span class='ocrx_word' id='word_1_65' title='bbox 517 788 632 843; x_wconf 87' lang='lat' dir='ltr'>vocabit</span> <span class='ocrx_word' id='word_1_66' title='bbox 647 787 730 843; x_wconf 91' lang='lat' dir='ltr'>illum</span> <span class='ocrx_word' id='word_1_67' title='bbox 746 805 799 844; x_wconf 92' lang='lat' dir='ltr'>sua</span> <span class='ocrx_word' id='word_1_68' title='bbox 815 788 945 845; x_wconf 91' lang='lat' dir='ltr'>admoni-</span> <span class='ocrx_word' id='word_1_69' title='bbox 999 786 1147 843; x_wconf 90' lang='lat' dir='ltr'>communi</span> <span class='ocrx_word' id='word_1_70' title='bbox 1164 785 1291 842; x_wconf 88' lang='lat' dir='ltr'>utilitate</span> <span class='ocrx_word' id='word_1_71' title='bbox 1305 790 1334 841; x_wconf 92' lang='lat' dir='ltr'>et</span> <span class='ocrx_word' id='word_1_72' title='bbox 1349 784 1471 841; x_wconf 90' lang='lat' dir='ltr'>instanti</span> <span class='ocrx_word' id='word_1_73' title='bbox 1487 784 1714 854; x_wconf 70' lang='lat' dir='ltr'>necessitatem</span> <span class='ocrx_word' id='word_1_74' title='bbox 1728 783 1827 842; x_wconf 87' lang='lat' dir='ltr'>nullus</span> 
     </span>
     <span class='ocr_line' id='line_1_7' title="bbox 119 872 1825 950; baseline -0.001 -19"><span class='ocrx_word' id='word_1_75' title='bbox 119 874 196 932; x_wconf 90' lang='lat' dir='ltr'>tione</span> <span class='ocrx_word' id='word_1_76' title='bbox 212 893 363 949; x_wconf 87' lang='lat' dir='ltr'>persuum</span> <span class='ocrx_word' id='word_1_77' title='bbox 382 878 581 950; x_wconf 77' lang='lat' dir='ltr'>presbyterum</span> <span class='ocrx_word' id='word_1_78' title='bbox 603 879 741 935; x_wconf 85' lang='lat' dir='ltr'>cononice</span> <span class='ocrx_word' id='word_1_79' title='bbox 755 879 790 935; x_wconf 92' lang='lat' dir='ltr'>ad</span> <span class='ocrx_word' id='word_1_80' title='bbox 807 879 944 934; x_wconf 88' lang='lat' dir='ltr'>emenda·</span> <span class='ocrx_word' id='word_1_81' title='bbox 998 876 1202 949; x_wconf 88' lang='lat' dir='ltr'>episcoporum</span> <span class='ocrx_word' id='word_1_82' title='bbox 1231 875 1358 948; x_wconf 83' lang='lat' dir='ltr'>graviter</span> <span class='ocrx_word' id='word_1_83' title='bbox 1381 875 1465 939; x_wconf 90' lang='lat' dir='ltr'>ferat,</span> <span class='ocrx_word' id='word_1_84' title='bbox 1478 874 1504 929; x_wconf 90' lang='lat' dir='ltr'>si</span> <span class='ocrx_word' id='word_1_85' title='bbox 1519 874 1584 946; x_wconf 85' lang='lat' dir='ltr'>ejus</span> <span class='ocrx_word' id='word_1_86' title='bbox 1598 872 1825 947; x_wconf 76' lang='lat' dir='ltr'>parrochianum</span> 
     </span>
     <span class='ocr_line' id='line_1_8' title="bbox 119 962 1826 1042; baseline -0.001 -22"><span class='ocrx_word' id='word_1_87' title='bbox 119 965 227 1021; x_wconf 89' lang='lat' dir='ltr'>tionem</span> <span class='ocrx_word' id='word_1_88' title='bbox 247 965 317 1032; x_wconf 87' lang='lat' dir='ltr'>[sive</span> <span class='ocrx_word' id='word_1_89' title='bbox 333 966 368 1020; x_wconf 90' lang='lat' dir='ltr'>ad</span> <span class='ocrx_word' id='word_1_90' title='bbox 385 966 625 1038; x_wconf 65' lang='lat' dir='ltr'>compositionem</span> <span class='ocrx_word' id='word_1_91' title='bbox 638 967 694 1042; x_wconf 75' lang='lat'><strong>¹⁶⁸⁹]</strong></span> <span class='ocrx_word' id='word_1_92' title='bbox 710 971 738 1024; x_wconf 85' lang='lat' dir='ltr'>ct</span> <span class='ocrx_word' id='word_1_93' title='bbox 754 968 788 1023; x_wconf 89' lang='lat' dir='ltr'>ad</span> <span class='ocrx_word' id='word_1_94' title='bbox 805 967 945 1040; x_wconf 86' lang='lat' dir='ltr'>pmnitcn·</span> <span class='ocrx_word' id='word_1_95' title='bbox 998 983 1050 1038; x_wconf 91' lang='lat' dir='ltr'>pro</span> <span class='ocrx_word' id='word_1_96' title='bbox 1066 965 1236 1037; x_wconf 84' lang='lat' dir='ltr'>hujusmodi</span> <span class='ocrx_word' id='word_1_97' title='bbox 1252 981 1341 1020; x_wconf 89' lang='lat' dir='ltr'>causa</span> <span class='ocrx_word' id='word_1_98' title='bbox 1352 962 1826 1037; x_wconf 82' lang='lat' dir='ltr'>depredatiouisallerepiscopus</span> 
     </span>
     <span class='ocr_line' id='line_1_9' title="bbox 117 1053 1302 1129; baseline 0.002 -21"><span class='ocrx_word' id='word_1_99' title='bbox 117 1053 200 1122; x_wconf 91' lang='lat' dir='ltr'>tiam,</span> <span class='ocrx_word' id='word_1_100' title='bbox 217 1056 249 1109; x_wconf 91' lang='lat' dir='ltr'>ut</span> <span class='ocrx_word' id='word_1_101' title='bbox 265 1053 322 1109; x_wconf 87' lang='lat' dir='ltr'>Deo</span> <span class='ocrx_word' id='word_1_102' title='bbox 337 1058 366 1109; x_wconf 89' lang='lat' dir='ltr'>et</span> <span class='ocrx_word' id='word_1_103' title='bbox 380 1054 508 1111; x_wconf 77' lang='lat' dir='ltr'>ecclesiae</span> <span class='ocrx_word' id='word_1_104' title='bbox 524 1056 683 1112; x_wconf 72' lang='lat' dir='ltr'>satisfaciat</span> <span class='ocrx_word' id='word_1_105' title='bbox 699 1073 787 1129; x_wconf 92' lang='lat' dir='ltr'>quam</span> <span class='ocrx_word' id='word_1_106' title='bbox 814 1056 899 1112; x_wconf 76' lang='lat' dir='ltr'>lesit.</span> <span class='ocrx_word' id='word_1_107' title='bbox 914 1055 944 1113; x_wconf 90' lang='lat' dir='ltr'>Si</span> <span class='ocrx_word' id='word_1_108' title='bbox 998 1053 1302 1111; x_wconf 74' lang='lat' dir='ltr'>excommunicaverit.</span> 
     </span>
     <span class='ocr_line' id='line_1_10' title="bbox 118 1140 1826 1219; baseline 0.001 -24"><span class='ocrx_word' id='word_1_109' title='bbox 118 1145 214 1196; x_wconf 91' lang='lat' dir='ltr'>autem</span> <span class='ocrx_word' id='word_1_110' title='bbox 231 1142 396 1215; x_wconf 83' lang='lat' dir='ltr'>despexerit</span> <span class='ocrx_word' id='word_1_111' title='bbox 420 1149 507 1216; x_wconf 90' lang='lat' dir='ltr'>atque</span> <span class='ocrx_word' id='word_1_112' title='bbox 531 1146 740 1219; x_wconf 77' lang='lat' dir='ltr'>contempserit</span> <span class='ocrx_word' id='word_1_113' title='bbox 754 1146 817 1217; x_wconf 88' lang='lat' dir='ltr'>ejus</span> <span class='ocrx_word' id='word_1_114' title='bbox 833 1147 877 1182; x_wconf 69' lang='lat'>“⁹⁰</span> <span class='ocrx_word' id='word_1_115' title='bbox 892 1146 944 1202; x_wconf 93' lang='lat' dir='ltr'>ad·</span> <span class='ocrx_word' id='word_1_116' title='bbox 1032 1146 1059 1198; x_wconf 83' lang='lat'>9.</span> <span class='ocrx_word' id='word_1_117' title='bbox 1077 1144 1112 1200; x_wconf 81' lang='lat' dir='ltr'>Et</span> <span class='ocrx_word' id='word_1_118' title='bbox 1127 1144 1196 1216; x_wconf 88' lang='lat' dir='ltr'>quia</span> <span class='ocrx_word' id='word_1_119' title='bbox 1212 1143 1248 1199; x_wconf 90' lang='lat' dir='ltr'>ad</span> <span class='ocrx_word' id='word_1_120' title='bbox 1264 1147 1379 1198; x_wconf 90' lang='lat' dir='ltr'>tantum</span> <span class='ocrx_word' id='word_1_121' title='bbox 1395 1141 1505 1198; x_wconf 91' lang='lat' dir='ltr'>mulum</span> <span class='ocrx_word' id='word_1_122' title='bbox 1525 1141 1658 1198; x_wconf 85' lang='lat' dir='ltr'>funditus</span> <span class='ocrx_word' id='word_1_123' title='bbox 1673 1140 1826 1197; x_wconf 87' lang='lat' dir='ltr'>cradican-</span> 
     </span>
     <span class='ocr_line' id='line_1_11' title="bbox 117 1229 1828 1306; baseline 0.002 -23"><span class='ocrx_word' id='word_1_124' title='bbox 117 1229 308 1287; x_wconf 87' lang='lat' dir='ltr'>monitionem</span> <span class='ocrx_word' id='word_1_125' title='bbox 327 1237 414 1305; x_wconf 88' lang='lat' dir='ltr'>atque</span> <span class='ocrx_word' id='word_1_126' title='bbox 430 1232 654 1290; x_wconf 84' lang='lat' dir='ltr'>saluberrimam</span> <span class='ocrx_word' id='word_1_127' title='bbox 671 1234 883 1301; x_wconf 80' lang='lat' dir='ltr'>invitationem,</span> <span class='ocrx_word' id='word_1_128' title='bbox 900 1235 944 1291; x_wconf 90' lang='lat' dir='ltr'>fe·</span> <span class='ocrx_word' id='word_1_129' title='bbox 998 1234 1069 1289; x_wconf 91' lang='lat' dir='ltr'>dum</span> <span class='ocrx_word' id='word_1_130' title='bbox 1087 1234 1186 1305; x_wconf 82' lang='lat' dir='ltr'>[atquo</span> <span class='ocrx_word' id='word_1_131' title='bbox 1202 1231 1430 1306; x_wconf 69' lang='lat' dir='ltr'>tollendum¹⁸⁹⁶i</span> <span class='ocrx_word' id='word_1_132' title='bbox 1446 1236 1475 1288; x_wconf 89' lang='lat' dir='ltr'>et</span> <span class='ocrx_word' id='word_1_133' title='bbox 1488 1236 1604 1288; x_wconf 88' lang='lat' dir='ltr'>tautum</span> <span class='ocrx_word' id='word_1_134' title='bbox 1619 1232 1731 1288; x_wconf 89' lang='lat' dir='ltr'>bonum</span> <span class='ocrx_word' id='word_1_135' title='bbox 1749 1231 1828 1304; x_wconf 86' lang='lat' dir='ltr'>plan·</span> 
     </span>
     <span class='ocr_line' id='line_1_12' title="bbox 118 1317 1826 1396; baseline 0.001 -22"><span class='ocrx_word' id='word_1_136' title='bbox 118 1317 267 1374; x_wconf 88' lang='lat' dir='ltr'>riatillum</span> <span class='ocrx_word' id='word_1_137' title='bbox 286 1322 423 1393; x_wconf 82' lang='lat' dir='ltr'>pastorali</span> <span class='ocrx_word' id='word_1_138' title='bbox 440 1324 531 1396; x_wconf 83' lang='lat' dir='ltr'>virga,</span> <span class='ocrx_word' id='word_1_139' title='bbox 546 1323 599 1380; x_wconf 93' lang='lat' dir='ltr'>hoc</span> <span class='ocrx_word' id='word_1_140' title='bbox 615 1327 660 1380; x_wconf 90' lang='lat' dir='ltr'>est</span> <span class='ocrx_word' id='word_1_141' title='bbox 675 1324 819 1380; x_wconf 89' lang='lat' dir='ltr'>sententia</span> <span class='ocrx_word' id='word_1_142' title='bbox 834 1340 945 1380; x_wconf 83' lang='lat' dir='ltr'>excom·</span> <span class='ocrx_word' id='word_1_143' title='bbox 998 1323 1122 1378; x_wconf 89' lang='lat' dir='ltr'>tandum</span> <span class='ocrx_word' id='word_1_144' title='bbox 1150 1323 1248 1394; x_wconf 81' lang='lat' dir='ltr'>[atque</span> <span class='ocrx_word' id='word_1_145' title='bbox 1275 1323 1474 1391; x_wconf 85' lang='lat' dir='ltr'>statuendum]</span> <span class='ocrx_word' id='word_1_146' title='bbox 1505 1336 1622 1377; x_wconf 87' lang='lat' dir='ltr'>necesse</span> <span class='ocrx_word' id='word_1_147' title='bbox 1650 1319 1741 1377; x_wconf 89' lang='lat' dir='ltr'>habet</span> <span class='ocrx_word' id='word_1_148' title='bbox 1766 1318 1826 1393; x_wconf 90' lang='lat' dir='ltr'>epi·</span> 
     </span>
     <span class='ocr_line' id='line_1_13' title="bbox 118 1408 1825 1485; baseline 0.001 -23"><span class='ocrx_word' id='word_1_149' title='bbox 118 1408 422 1471; x_wconf 64' lang='lat' dir='ltr'>malleacenses</span> <span class='ocrx_word' id='word_1_150' title='bbox 445 1411 651 1467; x_wconf 85' lang='lat' dir='ltr'>communione</span> <span class='ocrx_word' id='word_1_151' title='bbox 680 1417 786 1467; x_wconf 73' lang='lat' dir='ltr'>sanctae</span> <span class='ocrx_word' id='word_1_152' title='bbox 815 1411 945 1469; x_wconf 76' lang='lat' dir='ltr'>ecclesiae</span> <span class='ocrx_word' id='word_1_153' title='bbox 998 1412 1125 1485; x_wconf 86' lang='lat' dir='ltr'>seopulis</span> <span class='ocrx_word' id='word_1_154' title='bbox 1153 1412 1311 1469; x_wconf 88' lang='lat' dir='ltr'>auctoritas</span> <span class='ocrx_word' id='word_1_155' title='bbox 1342 1411 1475 1484; x_wconf 87' lang='lat' dir='ltr'>judiciali</span> <span class='ocrx_word' id='word_1_156' title='bbox 1503 1413 1648 1484; x_wconf 77' lang='lat' dir='ltr'>potestate</span> <span class='ocrx_word' id='word_1_157' title='bbox 1684 1408 1825 1482; x_wconf 82' lang='lat' dir='ltr'>adjuvari,</span> 
     </span>
     <span class='ocr_line' id='line_1_14' title="bbox 118 1495 1827 1575; baseline 0.003 -25"><span class='ocrx_word' id='word_1_158' title='bbox 118 1495 310 1569; x_wconf 87' lang='lat' dir='ltr'>omniumque</span> <span class='ocrx_word' id='word_1_159' title='bbox 331 1499 559 1555; x_wconf 90' lang='lat' dir='ltr'>christianorum</span> <span class='ocrx_word' id='word_1_160' title='bbox 577 1501 615 1555; x_wconf 91' lang='lat' dir='ltr'>sit</span> <span class='ocrx_word' id='word_1_161' title='bbox 630 1504 782 1573; x_wconf 85' lang='lat' dir='ltr'>separatus</span> <span class='ocrx_word' id='word_1_162' title='bbox 798 1501 943 1573; x_wconf 90' lang='lat' dir='ltr'>usquead</span> <span class='ocrx_word' id='word_1_163' title='bbox 999 1500 1111 1575; x_wconf 90' lang='lat' dir='ltr'>placuit</span> <span class='ocrx_word' id='word_1_164' title='bbox 1127 1501 1213 1557; x_wconf 90' lang='lat' dir='ltr'>nobis</span> <span class='ocrx_word' id='word_1_165' title='bbox 1227 1500 1396 1573; x_wconf 84' lang='lat' dir='ltr'>nostrisque</span> <span class='ocrx_word' id='word_1_166' title='bbox 1412 1499 1548 1556; x_wconf 91' lang='lat' dir='ltr'>lldelibus</span> <span class='ocrx_word' id='word_1_167' title='bbox 1563 1499 1593 1555; x_wconf 92' lang='lat' dir='ltr'>iu</span> <span class='ocrx_word' id='word_1_168' title='bbox 1609 1514 1779 1568; x_wconf 90' lang='lat' dir='ltr'>commune,</span> <span class='ocrx_word' id='word_1_169' title='bbox 1794 1502 1827 1555; x_wconf 89' lang='lat' dir='ltr'>ut</span> 
     </span>
     <span class='ocr_line' id='line_1_15' title="bbox 118 1586 1825 1663; baseline 0.002 -24"><span class='ocrx_word' id='word_1_170' title='bbox 118 1600 278 1655; x_wconf 81' lang='lat' dir='ltr'>congruam</span> <span class='ocrx_word' id='word_1_171' title='bbox 299 1586 528 1644; x_wconf 76' lang='lat' dir='ltr'>satisfactionem</span> <span class='ocrx_word' id='word_1_172' title='bbox 543 1591 572 1643; x_wconf 82' lang='lat' dir='ltr'>ct</span> <span class='ocrx_word' id='word_1_173' title='bbox 587 1589 718 1663; x_wconf 85' lang='lat' dir='ltr'>[dignam</span> <span class='ocrx_word' id='word_1_174' title='bbox 735 1591 790 1662; x_wconf 77' lang='lat'><strong>¹⁸⁹¹]</strong></span> <span class='ocrx_word' id='word_1_175' title='bbox 805 1591 943 1645; x_wconf 89' lang='lat' dir='ltr'>emenda·</span> <span class='ocrx_word' id='word_1_176' title='bbox 999 1590 1082 1646; x_wconf 90' lang='lat' dir='ltr'>missi</span> <span class='ocrx_word' id='word_1_177' title='bbox 1105 1590 1243 1647; x_wconf 92' lang='lat' dir='ltr'>dominici</span> <span class='ocrx_word' id='word_1_178' title='bbox 1268 1590 1332 1646; x_wconf 86' lang='lat' dir='ltr'>suia</span> <span class='ocrx_word' id='word_1_179' title='bbox 1349 1591 1377 1645; x_wconf 92' lang='lat' dir='ltr'>in</span> <span class='ocrx_word' id='word_1_180' title='bbox 1394 1588 1467 1645; x_wconf 93' lang='lat' dir='ltr'>locis</span> <span class='ocrx_word' id='word_1_181' title='bbox 1482 1605 1517 1644; x_wconf 86' lang='lat' dir='ltr'>cx</span> <span class='ocrx_word' id='word_1_182' title='bbox 1531 1589 1585 1645; x_wconf 92' lang='lat' dir='ltr'>boc</span> <span class='ocrx_word' id='word_1_183' title='bbox 1602 1586 1728 1643; x_wconf 81' lang='lat' dir='ltr'>fideliter</span> <span class='ocrx_word' id='word_1_184' title='bbox 1741 1587 1825 1660; x_wconf 62' lang='lat' dir='ltr'>adju·v</span> 
     </span>
     <span class='ocr_line' id='line_1_16' title="bbox 118 1673 1826 1752; baseline 0.004 -25"><span class='ocrx_word' id='word_1_185' title='bbox 118 1673 238 1729; x_wconf 92' lang='lat' dir='ltr'>tionem.</span> <span class='ocrx_word' id='word_1_186' title='bbox 255 1676 347 1741; x_wconf 85' lang='lat' dir='ltr'>Quam</span> <span class='ocrx_word' id='word_1_187' title='bbox 372 1678 703 1735; x_wconf 85' lang='lat' dir='ltr'>excommunicationem</span> <span class='ocrx_word' id='word_1_188' title='bbox 729 1679 847 1735; x_wconf 85' lang='lat' dir='ltr'>debebit</span> <span class='ocrx_word' id='word_1_189' title='bbox 865 1679 943 1735; x_wconf 89' lang='lat' dir='ltr'>idem</span> <span class='ocrx_word' id='word_1_190' title='bbox 997 1685 1074 1747; x_wconf 86' lang='lat' dir='ltr'>vent,</span> <span class='ocrx_word' id='word_1_191' title='bbox 1091 1684 1120 1736; x_wconf 90' lang='lat' dir='ltr'>ct</span> <span class='ocrx_word' id='word_1_192' title='bbox 1143 1697 1241 1736; x_wconf 90' lang='lat' dir='ltr'>comcs</span> <span class='ocrx_word' id='word_1_193' title='bbox 1264 1678 1413 1752; x_wconf 77' lang='lat' dir='ltr'>precipiat</span> <span class='ocrx_word' id='word_1_194' title='bbox 1439 1695 1494 1735; x_wconf 93' lang='lat' dir='ltr'>suo</span> <span class='ocrx_word' id='word_1_195' title='bbox 1515 1676 1680 1734; x_wconf 78' lang='lat' dir='ltr'>vicecomiti</span> <span class='ocrx_word' id='word_1_196' title='bbox 1704 1676 1826 1750; x_wconf 83' lang='lat' dir='ltr'>suisque</span> 
     </span>
     <span class='ocr_line' id='line_1_17' title="bbox 120 1761 1825 1869; baseline 0.004 -53"><span class='ocrx_word' id='word_1_197' title='bbox 120 1761 274 1836; x_wconf 88' lang='lat' dir='ltr'>episcopus</span> <span class='ocrx_word' id='word_1_198' title='bbox 293 1765 400 1822; x_wconf 89' lang='lat' dir='ltr'>seniori</span> <span class='ocrx_word' id='word_1_199' title='bbox 423 1767 502 1824; x_wconf 89' lang='lat' dir='ltr'>illius</span> <span class='ocrx_word' id='word_1_200' title='bbox 528 1771 626 1823; x_wconf 88' lang='lat' dir='ltr'>notam</span> <span class='ocrx_word' id='word_1_201' title='bbox 653 1768 1123 1869; x_wconf 71' lang='lat' dir='ltr'>facereetomnibusss[vicariis</span> <span class='ocrx_word' id='word_1_202' title='bbox 1142 1770 1242 1842; x_wconf 86' lang='lat' dir='ltr'>atque]</span> <span class='ocrx_word' id='word_1_203' title='bbox 1261 1768 1438 1825; x_wconf 85' lang='lat' dir='ltr'>centenariis</span> <span class='ocrx_word' id='word_1_204' title='bbox 1466 1784 1500 1825; x_wconf 90' lang='lat' dir='ltr'>ac</span> <span class='ocrx_word' id='word_1_205' title='bbox 1529 1765 1652 1840; x_wconf 90' lang='lat' dir='ltr'>reliquis</span> <span class='ocrx_word' id='word_1_206' title='bbox 1682 1764 1825 1823; x_wconf 83' lang='lat' dir='ltr'>ministris</span> 
     </span>
     <span class='ocr_line' id='line_1_18' title="bbox 120 1850 1825 1932; baseline 0.004 -26"><span class='ocrx_word' id='word_1_207' title='bbox 120 1850 182 1907; x_wconf 87' lang='lat' dir='ltr'>suis</span> <span class='ocrx_word' id='word_1_208' title='bbox 200 1852 388 1927; x_wconf 87' lang='lat' dir='ltr'>coepiscopis,</span> <span class='ocrx_word' id='word_1_209' title='bbox 404 1872 440 1912; x_wconf 89' lang='lat' dir='ltr'>ne</span> <span class='ocrx_word' id='word_1_210' title='bbox 463 1873 531 1913; x_wconf 90' lang='lat' dir='ltr'>eum</span> <span class='ocrx_word' id='word_1_211' title='bbox 556 1856 697 1929; x_wconf 90' lang='lat' dir='ltr'>recipiant</span> <span class='ocrx_word' id='word_1_212' title='bbox 721 1874 813 1931; x_wconf 91' lang='lat' dir='ltr'>usque</span> <span class='ocrx_word' id='word_1_213' title='bbox 837 1858 873 1915; x_wconf 88' lang='lat' dir='ltr'>ad</span> <span class='ocrx_word' id='word_1_214' title='bbox 890 1857 943 1926; x_wconf 87' lang='lat' dir='ltr'>[di-</span> <span class='ocrx_word' id='word_1_215' title='bbox 998 1857 1039 1914; x_wconf 90' lang='lat' dir='ltr'>rei</span> <span class='ocrx_word' id='word_1_216' title='bbox 1056 1856 1188 1932; x_wconf 87' lang='lat' dir='ltr'>publicae,</span> <span class='ocrx_word' id='word_1_217' title='bbox 1205 1874 1317 1915; x_wconf 90' lang='lat' dir='ltr'>necnon</span> <span class='ocrx_word' id='word_1_218' title='bbox 1344 1857 1462 1914; x_wconf 86' lang='lat' dir='ltr'>Francis</span> <span class='ocrx_word' id='word_1_219' title='bbox 1485 1856 1655 1913; x_wconf 90' lang='lat' dir='ltr'>hominibus</span> <span class='ocrx_word' id='word_1_220' title='bbox 1670 1856 1825 1912; x_wconf 80' lang='lat' dir='ltr'>mundanas</span> 
     </span>
     <span class='ocr_line' id='line_1_19' title="bbox 120 1941 1826 2021; baseline 0.003 -27"><span class='ocrx_word' id='word_1_221' title='bbox 120 1955 207 2012; x_wconf 83' lang='lat' dir='ltr'>gnam</span> <span class='ocrx_word' id='word_1_222' title='bbox 221 1941 276 2013; x_wconf 74' lang='lat'><strong>¹⁴⁰²]</strong></span> <span class='ocrx_word' id='word_1_223' title='bbox 291 1943 531 2001; x_wconf 76' lang='lat' dir='ltr'>satisfactionem.</span> <span class='ocrx_word' id='word_1_224' title='bbox 999 1946 1073 2021; x_wconf 79' lang='lat' dir='ltr'>legis</span> <span class='ocrx_word' id='word_1_225' title='bbox 1088 1946 1273 2005; x_wconf 88' lang='lat' dir='ltr'>documentis</span> <span class='ocrx_word' id='word_1_226' title='bbox 1287 1946 1422 2014; x_wconf 91' lang='lat' dir='ltr'>eruditis,</span> <span class='ocrx_word' id='word_1_227' title='bbox 1439 1951 1471 2002; x_wconf 92' lang='lat' dir='ltr'>ut</span> <span class='ocrx_word' id='word_1_228' title='bbox 1485 1962 1537 2018; x_wconf 94' lang='lat' dir='ltr'>pro</span> <span class='ocrx_word' id='word_1_229' title='bbox 1553 1962 1653 2003; x_wconf 87' lang='lat' dir='ltr'>amoro</span> <span class='ocrx_word' id='word_1_230' title='bbox 1668 1943 1720 2001; x_wconf 88' lang='lat' dir='ltr'>Dei</span> <span class='ocrx_word' id='word_1_231' title='bbox 1734 1944 1826 2001; x_wconf 89' lang='lat' dir='ltr'>omui-</span> 
     </span>
     <span class='ocr_line' id='line_1_20' title="bbox 154 2030 1826 2110; baseline 0.004 -27"><span class='ocrx_word' id='word_1_232' title='bbox 154 2030 180 2083; x_wconf 87' lang='lat'>6.</span> <span class='ocrx_word' id='word_1_233' title='bbox 198 2030 237 2086; x_wconf 87' lang='lat' dir='ltr'>Dc</span> <span class='ocrx_word' id='word_1_234' title='bbox 253 2030 312 2089; x_wconf 91' lang='lat' dir='ltr'>illis</span> <span class='ocrx_word' id='word_1_235' title='bbox 328 2036 425 2090; x_wconf 89' lang='lat' dir='ltr'>autem</span> <span class='ocrx_word' id='word_1_236' title='bbox 442 2034 493 2107; x_wconf 92' lang='lat' dir='ltr'>qui</span> <span class='ocrx_word' id='word_1_237' title='bbox 514 2034 591 2091; x_wconf 88' lang='lat' dir='ltr'>infra</span> <span class='ocrx_word' id='word_1_238' title='bbox 607 2035 788 2107; x_wconf 86' lang='lat' dir='ltr'>parrochiam</span> <span class='ocrx_word' id='word_1_239' title='bbox 804 2034 946 2093; x_wconf 88' lang='lat' dir='ltr'>heoelleia</span> <span class='ocrx_word' id='word_1_240' title='bbox 999 2037 1126 2109; x_wconf 89' lang='lat' dir='ltr'>potentis</span> <span class='ocrx_word' id='word_1_241' title='bbox 1140 2054 1174 2094; x_wconf 93' lang='lat' dir='ltr'>ao</span> <span class='ocrx_word' id='word_1_242' title='bbox 1189 2054 1259 2110; x_wconf 90' lang='lat' dir='ltr'>paca</span> <span class='ocrx_word' id='word_1_243' title='bbox 1274 2040 1380 2094; x_wconf 80' lang='lat' dir='ltr'>sanctae</span> <span class='ocrx_word' id='word_1_244' title='bbox 1394 2034 1523 2092; x_wconf 84' lang='lat' dir='ltr'>ecclesis</span> <span class='ocrx_word' id='word_1_245' title='bbox 1533 2039 1562 2091; x_wconf 89' lang='lat' dir='ltr'>et</span> <span class='ocrx_word' id='word_1_246' title='bbox 1572 2032 1715 2090; x_wconf 87' lang='lat' dir='ltr'>fidelitate</span> <span class='ocrx_word' id='word_1_247' title='bbox 1727 2037 1826 2089; x_wconf 81' lang='lat' dir='ltr'>nostra</span> 
     </span>
     <span class='ocr_line' id='line_1_21' title="bbox 119 2117 1825 2199; baseline 0.003 -27"><span class='ocrx_word' id='word_1_248' title='bbox 119 2120 148 2173; x_wconf 91' lang='lat' dir='ltr'>ct</span> <span class='ocrx_word' id='word_1_249' title='bbox 163 2117 282 2175; x_wconf 89' lang='lat' dir='ltr'>alodum</span> <span class='ocrx_word' id='word_1_250' title='bbox 297 2137 354 2177; x_wconf 91' lang='lat' dir='ltr'>non</span> <span class='ocrx_word' id='word_1_251' title='bbox 371 2121 489 2191; x_wconf 89' lang='lat' dir='ltr'>habent,</span> <span class='ocrx_word' id='word_1_252' title='bbox 503 2127 533 2180; x_wconf 92' lang='lat' dir='ltr'>et</span> <span class='ocrx_word' id='word_1_253' title='bbox 547 2123 668 2181; x_wconf 88' lang='lat' dir='ltr'>alterius</span> <span class='ocrx_word' id='word_1_254' title='bbox 692 2123 819 2198; x_wconf 86' lang='lat' dir='ltr'>episcopi</span> <span class='ocrx_word' id='word_1_255' title='bbox 845 2142 944 2197; x_wconf 89' lang='lat' dir='ltr'>parro·</span> <span class='ocrx_word' id='word_1_256' title='bbox 999 2142 1034 2182; x_wconf 90' lang='lat' dir='ltr'>ex</span> <span class='ocrx_word' id='word_1_257' title='bbox 1050 2127 1104 2182; x_wconf 92' lang='lat' dir='ltr'>hoc</span> <span class='ocrx_word' id='word_1_258' title='bbox 1124 2126 1271 2199; x_wconf 91' lang='lat' dir='ltr'>adjuvent,</span> <span class='ocrx_word' id='word_1_259' title='bbox 1289 2128 1434 2198; x_wconf 89' lang='lat' dir='ltr'>quantum</span> <span class='ocrx_word' id='word_1_260' title='bbox 1459 2123 1565 2180; x_wconf 90' lang='lat' dir='ltr'>melius</span> <span class='ocrx_word' id='word_1_261' title='bbox 1588 2122 1740 2196; x_wconf 88' lang='lat' dir='ltr'>potuerint</span> <span class='ocrx_word' id='word_1_262' title='bbox 1755 2122 1825 2194; x_wconf 88' lang='lat' dir='ltr'>[tam</span> 
     </span>
     <span class='ocr_line' id='line_1_22' title="bbox 119 2205 1826 2289; baseline 0.003 -28"><span class='ocrx_word' id='word_1_263' title='bbox 119 2205 216 2263; x_wconf 91' lang='lat' dir='ltr'>cbiaoi</span> <span class='ocrx_word' id='word_1_264' title='bbox 228 2213 308 2275; x_wconf 89' lang='lat' dir='ltr'>sunt,</span> <span class='ocrx_word' id='word_1_265' title='bbox 319 2213 348 2266; x_wconf 90' lang='lat' dir='ltr'>et</span> <span class='ocrx_word' id='word_1_266' title='bbox 359 2211 429 2267; x_wconf 88' lang='lat' dir='ltr'>dum</span> <span class='ocrx_word' id='word_1_267' title='bbox 445 2213 481 2268; x_wconf 90' lang='lat' dir='ltr'>ad</span> <span class='ocrx_word' id='word_1_268' title='bbox 498 2217 612 2270; x_wconf 90' lang='lat' dir='ltr'>curtem</span> <span class='ocrx_word' id='word_1_269' title='bbox 627 2218 753 2287; x_wconf 86' lang='lat' dir='ltr'>pergunt</span> <span class='ocrx_word' id='word_1_270' title='bbox 766 2218 818 2270; x_wconf 91' lang='lat' dir='ltr'>aul</span> <span class='ocrx_word' id='word_1_271' title='bbox 832 2213 868 2271; x_wconf 87' lang='lat' dir='ltr'>de</span> <span class='ocrx_word' id='word_1_272' title='bbox 882 2213 944 2271; x_wconf 93' lang='lat' dir='ltr'>loco</span> <span class='ocrx_word' id='word_1_273' title='bbox 999 2232 1051 2289; x_wconf 93' lang='lat' dir='ltr'>per</span> <span class='ocrx_word' id='word_1_274' title='bbox 1062 2233 1093 2272; x_wconf 91' lang='lat' dir='ltr'>se</span> <span class='ocrx_word' id='word_1_275' title='bbox 1109 2232 1198 2288; x_wconf 91' lang='lat' dir='ltr'>quam</span> <span class='ocrx_word' id='word_1_276' title='bbox 1214 2232 1281 2272; x_wconf 91' lang='lat' dir='ltr'>eum</span> <span class='ocrx_word' id='word_1_277' title='bbox 1298 2213 1441 2271; x_wconf 82' lang='lat' dir='ltr'>ministris</span> <span class='ocrx_word' id='word_1_278' title='bbox 1456 2212 1582 2270; x_wconf 81' lang='lat' dir='ltr'>ecclesie</span> <span class='ocrx_word' id='word_1_279' title='bbox 1598 2212 1700 2285; x_wconf 88' lang='grc' dir='ltr'>(165)Ι,</span> <span class='ocrx_word' id='word_1_280' title='bbox 1712 2211 1826 2284; x_wconf 87' lang='lat' dir='ltr'>quoties</span> 
     </span>
     <span class='ocr_line' id='line_1_23' title="bbox 119 2296 1826 2378; baseline 0.004 -27"><span class='ocrx_word' id='word_1_281' title='bbox 119 2296 155 2351; x_wconf 89' lang='lat' dir='ltr'>ad</span> <span class='ocrx_word' id='word_1_282' title='bbox 169 2296 266 2353; x_wconf 94' lang='lat' dir='ltr'>locum</span> <span class='ocrx_word' id='word_1_283' title='bbox 282 2299 337 2355; x_wconf 87' lang='lat' dir='ltr'>iter</span> <span class='ocrx_word' id='word_1_284' title='bbox 352 2301 471 2371; x_wconf 88' lang='lat' dir='ltr'>faciunt,</span> <span class='ocrx_word' id='word_1_285' title='bbox 485 2303 605 2376; x_wconf 91' lang='lat' dir='ltr'>rapinas</span> <span class='ocrx_word' id='word_1_286' title='bbox 618 2307 647 2359; x_wconf 91' lang='lat' dir='ltr'>et</span> <span class='ocrx_word' id='word_1_287' title='bbox 658 2304 889 2376; x_wconf 80' lang='lat' dir='ltr'>depredationes</span> <span class='ocrx_word' id='word_1_288' title='bbox 903 2305 946 2361; x_wconf 90' lang='lat' dir='ltr'>in·</span> <span class='ocrx_word' id='word_1_289' title='bbox 999 2305 1127 2378; x_wconf 89' lang='lat' dir='ltr'>episcopi</span> <span class='ocrx_word' id='word_1_290' title='bbox 1138 2309 1189 2360; x_wconf 93' lang='lat' dir='ltr'>aut</span> <span class='ocrx_word' id='word_1_291' title='bbox 1199 2302 1325 2360; x_wconf 89' lang='lat' dir='ltr'>ministri</span> <span class='ocrx_word' id='word_1_292' title='bbox 1337 2303 1465 2371; x_wconf 90' lang='lat' dir='ltr'>illorum,</span> <span class='ocrx_word' id='word_1_293' title='bbox 1477 2303 1537 2358; x_wconf 89' lang='lat' dir='ltr'>sive</span> <span class='ocrx_word' id='word_1_294' title='bbox 1546 2301 1636 2357; x_wconf 90' lang='lat' dir='ltr'>eliam</span> <span class='ocrx_word' id='word_1_295' title='bbox 1647 2300 1704 2374; x_wconf 89' lang='lat' dir='ltr'>ipsi</span> <span class='ocrx_word' id='word_1_296' title='bbox 1718 2316 1826 2374; x_wconf 82' lang='lat' dir='ltr'>paupe·</span> 
     </span>
     <span class='ocr_line' id='line_1_24' title="bbox 120 2385 1825 2467; baseline 0.004 -28"><span class='ocrx_word' id='word_1_297' title='bbox 120 2385 164 2440; x_wconf 90' lang='lat' dir='ltr'>fra</span> <span class='ocrx_word' id='word_1_298' title='bbox 187 2387 372 2458; x_wconf 90' lang='lat' dir='ltr'>parrochiam</span> <span class='ocrx_word' id='word_1_299' title='bbox 400 2391 522 2460; x_wconf 87' lang='lat' dir='ltr'>faciunt,</span> <span class='ocrx_word' id='word_1_300' title='bbox 548 2390 657 2465; x_wconf 86' lang='lat' dir='ltr'>placuit</span> <span class='ocrx_word' id='word_1_301' title='bbox 680 2392 766 2450; x_wconf 91' lang='lat' dir='ltr'>nobis</span> <span class='ocrx_word' id='word_1_302' title='bbox 791 2397 823 2449; x_wconf 93' lang='lat' dir='ltr'>ut</span> <span class='ocrx_word' id='word_1_303' title='bbox 851 2393 876 2449; x_wconf 88' lang='lat' dir='ltr'>si</span> <span class='ocrx_word' id='word_1_304' title='bbox 904 2394 945 2451; x_wconf 89' lang='lat' dir='ltr'>ita</span> <span class='ocrx_word' id='word_1_305' title='bbox 999 2394 1341 2467; x_wconf 84' lang='lat' dir='ltr'>res,[supsrhacre]eos</span> <span class='ocrx_word' id='word_1_306' title='bbox 1357 2390 1634 2466; x_wconf 80' lang='lat' dir='ltr'>appellaverint3ita</span> <span class='ocrx_word' id='word_1_307' title='bbox 1650 2393 1681 2447; x_wconf 91' lang='lat' dir='ltr'>ut</span> <span class='ocrx_word' id='word_1_308' title='bbox 1697 2389 1825 2446; x_wconf 79' lang='lat' dir='ltr'>ministri</span> 
     </span>
     <span class='ocr_line' id='line_1_25' title="bbox 119 2475 1826 2554; baseline 0.003 -26"><span class='ocrx_word' id='word_1_309' title='bbox 119 2489 208 2546; x_wconf 92' lang='lat' dir='ltr'>prope</span> <span class='ocrx_word' id='word_1_310' title='bbox 222 2475 476 2550; x_wconf 89' lang='lat' dir='ltr'>episcopum,utei</span> <span class='ocrx_word' id='word_1_311' title='bbox 485 2480 662 2553; x_wconf 72' lang='lat' dir='ltr'>depredatio</span> <span class='ocrx_word' id='word_1_312' title='bbox 673 2480 790 2538; x_wconf 89' lang='lat' dir='ltr'>illorum</span> <span class='ocrx_word' id='word_1_313' title='bbox 802 2486 871 2539; x_wconf 87' lang='lat' dir='ltr'>noto</span> <span class='ocrx_word' id='word_1_314' title='bbox 882 2483 943 2539; x_wconf 88' lang='lat' dir='ltr'>lieri</span> <span class='ocrx_word' id='word_1_315' title='bbox 998 2481 1125 2540; x_wconf 83' lang='lat' dir='ltr'>ecclesie</span> <span class='ocrx_word' id='word_1_316' title='bbox 1135 2483 1262 2540; x_wconf 86' lang='lat' dir='ltr'>habeant</span> <span class='ocrx_word' id='word_1_317' title='bbox 1277 2482 1479 2538; x_wconf 89' lang='lat' dir='ltr'>auctoritatem</span> <span class='ocrx_word' id='word_1_318' title='bbox 1488 2481 1533 2537; x_wconf 90' lang='lat' dir='ltr'>sui</span> <span class='ocrx_word' id='word_1_319' title='bbox 1543 2479 1684 2554; x_wconf 82' lang='lat' dir='ltr'>episcopi,</span> <span class='ocrx_word' id='word_1_320' title='bbox 1695 2484 1725 2536; x_wconf 86' lang='lat' dir='ltr'>et</span> <span class='ocrx_word' id='word_1_321' title='bbox 1740 2478 1826 2535; x_wconf 87' lang='lat' dir='ltr'>mini·</span> 
     </span>
     <span class='ocr_line' id='line_1_26' title="bbox 120 2561 1789 2644; baseline 0.005 -28"><span class='ocrx_word' id='word_1_322' title='bbox 120 2561 223 2634; x_wconf 89' lang='lat' dir='ltr'>possit,</span> <span class='ocrx_word' id='word_1_323' title='bbox 239 2569 397 2640; x_wconf 89' lang='lat' dir='ltr'>antequam</span> <span class='ocrx_word' id='word_1_324' title='bbox 426 2570 608 2640; x_wconf 89' lang='lat' dir='ltr'>parrochiam</span> <span class='ocrx_word' id='word_1_325' title='bbox 631 2572 695 2644; x_wconf 91' lang='lat' dir='ltr'>ejus</span> <span class='ocrx_word' id='word_1_326' title='bbox 717 2576 830 2640; x_wconf 78' lang='lat' dir='ltr'>exeant,</span> <span class='ocrx_word' id='word_1_327' title='bbox 847 2572 945 2629; x_wconf 89' lang='lat' dir='ltr'>mittat</span> <span class='ocrx_word' id='word_1_328' title='bbox 998 2573 1049 2628; x_wconf 91' lang='lat' dir='ltr'>stri</span> <span class='ocrx_word' id='word_1_329' title='bbox 1066 2572 1181 2629; x_wconf 91' lang='lat' dir='ltr'>comitis</span> <span class='ocrx_word' id='word_1_330' title='bbox 1196 2571 1397 2628; x_wconf 85' lang='lat' dir='ltr'>auctoritatem</span> <span class='ocrx_word' id='word_1_331' title='bbox 1415 2573 1585 2627; x_wconf 90' lang='lat' dir='ltr'>nostramet</span> <span class='ocrx_word' id='word_1_332' title='bbox 1599 2569 1645 2625; x_wconf 93' lang='lat' dir='ltr'>sui</span> <span class='ocrx_word' id='word_1_333' title='bbox 1660 2569 1789 2625; x_wconf 89' lang='lat' dir='ltr'>comitis.</span> 
     </span>
     <span class='ocr_line' id='line_1_27' title="bbox 119 2653 1825 2734; baseline 0.004 -28"><span class='ocrx_word' id='word_1_334' title='bbox 119 2653 943 2734; x_wconf 73' lang='lat' dir='ltr'>strenuumetprudsntempresbyterumquisuavieera·</span> <span class='ocrx_word' id='word_1_335' title='bbox 1034 2663 1077 2718; x_wconf 88' lang='lat' dir='ltr'>to.</span> <span class='ocrx_word' id='word_1_336' title='bbox 1094 2661 1237 2718; x_wconf 91' lang='lat' dir='ltr'>Volumus</span> <span class='ocrx_word' id='word_1_337' title='bbox 1260 2666 1370 2729; x_wconf 88' lang='lat' dir='ltr'>autem,</span> <span class='ocrx_word' id='word_1_338' title='bbox 1387 2664 1420 2715; x_wconf 90' lang='lat' dir='ltr'>ut</span> <span class='ocrx_word' id='word_1_339' title='bbox 1444 2659 1468 2716; x_wconf 89' lang='lat' dir='ltr'>si</span> <span class='ocrx_word' id='word_1_340' title='bbox 1494 2659 1692 2732; x_wconf 87' lang='lat' dir='ltr'>episcopalem</span> <span class='ocrx_word' id='word_1_341' title='bbox 1716 2658 1825 2714; x_wconf 56' lang='lat' dir='ltr'>autur</span> 
     </span>
     <span class='ocr_line' id='line_1_28' title="bbox 119 2739 1824 2824; baseline 0.004 -29"><span class='ocrx_word' id='word_1_342' title='bbox 119 2739 943 2824; x_wconf 74' lang='lat' dir='ltr'>tionabiliterillosademeudationcmvocet.lnquosupe</span> <span class='ocrx_word' id='word_1_343' title='bbox 998 2752 1106 2824; x_wconf 76' lang='lat' dir='ltr'>regiam</span> <span class='ocrx_word' id='word_1_344' title='bbox 1119 2750 1321 2807; x_wconf 89' lang='lat' dir='ltr'>auctoritatem</span> <span class='ocrx_word' id='word_1_345' title='bbox 1332 2767 1405 2806; x_wconf 91' lang='lat' dir='ltr'>ausu</span> <span class='ocrx_word' id='word_1_346' title='bbox 1422 2749 1576 2805; x_wconf 89' lang='lat' dir='ltr'>temerario</span> <span class='ocrx_word' id='word_1_347' title='bbox 1590 2747 1700 2820; x_wconf 93' lang='lat' dir='ltr'>aliquis</span> <span class='ocrx_word' id='word_1_348' title='bbox 1715 2764 1768 2820; x_wconf 92' lang='lat' dir='ltr'>pro</span> <span class='ocrx_word' id='word_1_349' title='bbox 1780 2747 1824 2803; x_wconf 89' lang='lat' dir='ltr'>ni-</span> 
     </span>
     <span class='ocr_line' id='line_1_29' title="bbox 119 2829 1823 2909; baseline 0.004 -24"><span class='ocrx_word' id='word_1_350' title='bbox 119 2829 178 2886; x_wconf 92' lang='lat' dir='ltr'>rior</span> <span class='ocrx_word' id='word_1_351' title='bbox 189 2832 294 2889; x_wconf 91' lang='lat' dir='ltr'>modus</span> <span class='ocrx_word' id='word_1_352' title='bbox 309 2837 529 2909; x_wconf 89' lang='lat' dir='ltr'>compositionis</span> <span class='ocrx_word' id='word_1_353' title='bbox 541 2842 570 2895; x_wconf 90' lang='lat' dir='ltr'>et</span> <span class='ocrx_word' id='word_1_354' title='bbox 581 2839 795 2896; x_wconf 88' lang='lat' dir='ltr'>emendationis</span> <span class='ocrx_word' id='word_1_355' title='bbox 814 2840 941 2897; x_wconf 90' lang='lat' dir='ltr'>servahi·</span> <span class='ocrx_word' id='word_1_356' title='bbox 996 2839 1056 2896; x_wconf 93' lang='lat' dir='ltr'>hilo</span> <span class='ocrx_word' id='word_1_357' title='bbox 1067 2841 1191 2905; x_wconf 88' lang='lat' dir='ltr'>duxerit,</span> <span class='ocrx_word' id='word_1_358' title='bbox 1202 2841 1232 2895; x_wconf 92' lang='lat' dir='ltr'>in</span> <span class='ocrx_word' id='word_1_359' title='bbox 1243 2839 1383 2895; x_wconf 89' lang='lat' dir='ltr'>comitatu</span> <span class='ocrx_word' id='word_1_360' title='bbox 1394 2838 1630 2907; x_wconf 87' lang='lat' dir='ltr'>consistena,aut</span> <span class='ocrx_word' id='word_1_361' title='bbox 1639 2837 1695 2893; x_wconf 85' lang='lat' dir='ltr'>iter</span> <span class='ocrx_word' id='word_1_362' title='bbox 1704 2837 1823 2903; x_wconf 87' lang='lat' dir='ltr'>faciens,</span> 
     </span>
     <span class='ocr_line' id='line_1_30' title="bbox 118 2920 1823 3003; baseline 0.005 -30"><span class='ocrx_word' id='word_1_363' title='bbox 118 2920 208 2989; x_wconf 88' lang='lat' dir='ltr'>tur,si</span> <span class='ocrx_word' id='word_1_364' title='bbox 219 2922 311 2978; x_wconf 88' lang='lat' dir='ltr'>vocati</span> <span class='ocrx_word' id='word_1_365' title='bbox 321 2924 419 2982; x_wconf 88' lang='lat' dir='ltr'>venire</span> <span class='ocrx_word' id='word_1_366' title='bbox 429 2925 584 2984; x_wconf 84' lang='lat' dir='ltr'>noluerint.</span> <span class='ocrx_word' id='word_1_367' title='bbox 593 2927 623 2984; x_wconf 91' lang='lat' dir='ltr'>Si</span> <span class='ocrx_word' id='word_1_368' title='bbox 634 2944 701 2984; x_wconf 85' lang='lat' dir='ltr'>vero</span> <span class='ocrx_word' id='word_1_369' title='bbox 711 2929 942 2986; x_wconf 89' lang='lat' dir='ltr'>vocationemat-</span> <span class='ocrx_word' id='word_1_370' title='bbox 997 2931 1020 2986; x_wconf 91' lang='lat' dir='ltr'>si</span> <span class='ocrx_word' id='word_1_371' title='bbox 1042 2930 1119 3003; x_wconf 91' lang='lat' dir='ltr'>quod</span> <span class='ocrx_word' id='word_1_372' title='bbox 1146 2929 1256 3000; x_wconf 78' lang='lat' dir='ltr'>inJusle</span> <span class='ocrx_word' id='word_1_373' title='bbox 1279 2927 1444 2994; x_wconf 88' lang='lat' dir='ltr'>abstulerit,</span> <span class='ocrx_word' id='word_1_374' title='bbox 1461 2926 1592 3001; x_wconf 80' lang='lat' dir='ltr'>legaliter</span> <span class='ocrx_word' id='word_1_375' title='bbox 1607 2927 1652 2962; x_wconf 78' lang='lat'>¹⁸⁸⁸</span> <span class='ocrx_word' id='word_1_376' title='bbox 1667 2927 1823 2983; x_wconf 84' lang='lat' dir='ltr'>emendare</span> 
     </span>
     <span class='ocr_line' id='line_1_31' title="bbox 119 3012 1823 3092; baseline 0.004 -28"><span class='ocrx_word' id='word_1_377' title='bbox 119 3012 422 3080; x_wconf 89' lang='lat' dir='ltr'>queammonitionem</span> <span class='ocrx_word' id='word_1_378' title='bbox 429 3014 558 3089; x_wconf 88' lang='lat' dir='ltr'>episcopi</span> <span class='ocrx_word' id='word_1_379' title='bbox 567 3018 692 3089; x_wconf 89' lang='lat' dir='ltr'>superbe</span> <span class='ocrx_word' id='word_1_380' title='bbox 700 3020 939 3092; x_wconf 88' lang='lat' dir='ltr'>contempserint,</span> <span class='ocrx_word' id='word_1_381' title='bbox 995 3017 1213 3091; x_wconf 88' lang='lat' dir='ltr'>contempserit,</span> <span class='ocrx_word' id='word_1_382' title='bbox 1221 3022 1249 3074; x_wconf 91' lang='lat' dir='ltr'>et</span> <span class='ocrx_word' id='word_1_383' title='bbox 1265 3016 1381 3074; x_wconf 88' lang='lat' dir='ltr'>rebellis</span> <span class='ocrx_word' id='word_1_384' title='bbox 1392 3016 1528 3084; x_wconf 74' lang='lat' dir='ltr'>existens,</span> <span class='ocrx_word' id='word_1_385' title='bbox 1537 3015 1560 3071; x_wconf 89' lang='lat' dir='ltr'>si</span> <span class='ocrx_word' id='word_1_386' title='bbox 1571 3015 1627 3071; x_wconf 87' lang='lat' dir='ltr'>sibi</span> <span class='ocrx_word' id='word_1_387' title='bbox 1639 3015 1758 3072; x_wconf 89' lang='lat' dir='ltr'>occisus</span> <span class='ocrx_word' id='word_1_388' title='bbox 1767 3015 1823 3071; x_wconf 87' lang='lat' dir='ltr'>fue·</span> 
     </span>
     <span class='ocr_line' id='line_1_32' title="bbox 119 3096 1824 3178; baseline 0.005 -27"><span class='ocrx_word' id='word_1_389' title='bbox 119 3096 208 3154; x_wconf 88' lang='lat' dir='ltr'>simili</span> <span class='ocrx_word' id='word_1_390' title='bbox 220 3101 365 3158; x_wconf 87' lang='lat' dir='ltr'>sententia</span> <span class='ocrx_word' id='word_1_391' title='bbox 374 3103 683 3160; x_wconf 85' lang='lat' dir='ltr'>excommunicationis</span> <span class='ocrx_word' id='word_1_392' title='bbox 696 3103 836 3161; x_wconf 87' lang='lat' dir='ltr'>feriantur</span> <span class='ocrx_word' id='word_1_393' title='bbox 845 3123 903 3178; x_wconf 91' lang='lat' dir='ltr'>que</span> <span class='ocrx_word' id='word_1_394' title='bbox 912 3110 942 3162; x_wconf 89' lang='lat' dir='ltr'>et</span> <span class='ocrx_word' id='word_1_395' title='bbox 996 3105 1043 3174; x_wconf 92' lang='lat' dir='ltr'>rit,</span> <span class='ocrx_word' id='word_1_396' title='bbox 1056 3106 1127 3163; x_wconf 94' lang='lat' dir='ltr'>nulli</span> <span class='ocrx_word' id='word_1_397' title='bbox 1144 3106 1274 3163; x_wconf 85' lang='lat' dir='ltr'>fidelium</span> <span class='ocrx_word' id='word_1_398' title='bbox 1290 3111 1457 3163; x_wconf 89' lang='lat' dir='ltr'>nostrorum</span> <span class='ocrx_word' id='word_1_399' title='bbox 1470 3105 1520 3178; x_wconf 92' lang='lat' dir='ltr'>qui</span> <span class='ocrx_word' id='word_1_400' title='bbox 1536 3122 1604 3162; x_wconf 90' lang='lat' dir='ltr'>eum</span> <span class='ocrx_word' id='word_1_401' title='bbox 1619 3104 1762 3161; x_wconf 88' lang='lat' dir='ltr'>occiderit</span> <span class='ocrx_word' id='word_1_402' title='bbox 1775 3103 1824 3160; x_wconf 87' lang='lat' dir='ltr'>ali·</span> 
     </span>
     <span class='ocr_line' id='line_1_33' title="bbox 118 3176 1820 3269; baseline 0.005 -29"><span class='ocrx_word' id='word_1_403' title='bbox 118 3185 158 3241; x_wconf 92' lang='lat' dir='ltr'>illi</span> <span class='ocrx_word' id='word_1_404' title='bbox 175 3188 225 3261; x_wconf 93' lang='lat' dir='ltr'>qui</span> <span class='ocrx_word' id='word_1_405' title='bbox 241 3189 317 3246; x_wconf 88' lang='lat' dir='ltr'>infra</span> <span class='ocrx_word' id='word_1_406' title='bbox 331 3191 513 3263; x_wconf 89' lang='lat' dir='ltr'>parrochiam</span> <span class='ocrx_word' id='word_1_407' title='bbox 530 3210 576 3249; x_wconf 92' lang='lat' dir='ltr'>res</span> <span class='ocrx_word' id='word_1_408' title='bbox 591 3199 642 3250; x_wconf 92' lang='lat' dir='ltr'>aut</span> <span class='ocrx_word' id='word_1_409' title='bbox 657 3191 798 3250; x_wconf 85' lang='lat' dir='ltr'>beneficia</span> <span class='ocrx_word' id='word_1_410' title='bbox 811 3193 939 3263; x_wconf 86' lang='lat' dir='ltr'>habent;</span> <span class='ocrx_word' id='word_1_411' title='bbox 956 3176 978 3242; x_wconf 77' lang='lat' dir='ltr'>C</span> <span class='ocrx_word' id='word_1_412' title='bbox 996 3196 1063 3268; x_wconf 90' lang='lat' dir='ltr'>quis</span> <span class='ocrx_word' id='word_1_413' title='bbox 1080 3197 1187 3253; x_wconf 89' lang='lat' dir='ltr'>faidam</span> <span class='ocrx_word' id='word_1_414' title='bbox 1202 3200 1309 3269; x_wconf 90' lang='lat' dir='ltr'>portet,</span> <span class='ocrx_word' id='word_1_415' title='bbox 1325 3212 1419 3268; x_wconf 89' lang='lat' dir='ltr'>neque</span> <span class='ocrx_word' id='word_1_416' title='bbox 1443 3212 1495 3268; x_wconf 92' lang='lat' dir='ltr'>pro</span> <span class='ocrx_word' id='word_1_417' title='bbox 1519 3195 1583 3266; x_wconf 89' lang='lat' dir='ltr'>ejus</span> <span class='ocrx_word' id='word_1_418' title='bbox 1603 3197 1700 3250; x_wconf 87' lang='lat' dir='ltr'>morte</span> <span class='ocrx_word' id='word_1_419' title='bbox 1715 3191 1820 3266; x_wconf 88' lang='lat' dir='ltr'>aliquid</span> 
     </span>
     <span class='ocr_line' id='line_1_34' title="bbox 117 3276 1819 3359; baseline 0.005 -29"><span class='ocrx_word' id='word_1_420' title='bbox 117 3280 145 3331; x_wconf 92' lang='lat' dir='ltr'>et</span> <span class='ocrx_word' id='word_1_421' title='bbox 161 3276 282 3351; x_wconf 91' lang='lat' dir='ltr'>insuper</span> <span class='ocrx_word' id='word_1_422' title='bbox 296 3281 595 3349; x_wconf 85' lang='lat' dir='ltr'>excommunicentur,</span> <span class='ocrx_word' id='word_1_423' title='bbox 613 3298 648 3338; x_wconf 89' lang='lat' dir='ltr'>ne</span> <span class='ocrx_word' id='word_1_424' title='bbox 663 3287 743 3338; x_wconf 86' lang='lat' dir='ltr'>extra</span> <span class='ocrx_word' id='word_1_425' title='bbox 757 3281 940 3354; x_wconf 89' lang='lat' dir='ltr'>parrochiam</span> <span class='ocrx_word' id='word_1_426' title='bbox 996 3286 1197 3359; x_wconf 64' lang='lat' dir='ltr'>comparabili</span> <span class='ocrx_word' id='word_1_427' title='bbox 1207 3302 1273 3342; x_wconf 91' lang='lat' dir='ltr'>vero</span> <span class='ocrx_word' id='word_1_428' title='bbox 1284 3285 1391 3358; x_wconf 86' lang='lat' dir='ltr'>aliquis</span> <span class='ocrx_word' id='word_1_429' title='bbox 1408 3289 1561 3359; x_wconf 89' lang='lat' dir='ltr'>pareutum</span> <span class='ocrx_word' id='word_1_430' title='bbox 1574 3285 1637 3355; x_wconf 83' lang='lat' dir='ltr'>[aut</span> <span class='ocrx_word' id='word_1_431' title='bbox 1648 3278 1819 3354; x_wconf 88' lang='lat' dir='ltr'>amicorum]</span> 
     </span>
     <span class='ocr_line' id='line_1_35' title="bbox 116 3369 1820 3447; baseline 0.001 -24"><span class='ocrx_word' id='word_1_432' title='bbox 116 3370 220 3424; x_wconf 78' lang='lat' dir='ltr'>exeant</span> <span class='ocrx_word' id='word_1_433' title='bbox 233 3371 390 3441; x_wconf 85' lang='lat' dir='ltr'>antequam</span> <span class='ocrx_word' id='word_1_434' title='bbox 406 3369 541 3443; x_wconf 88' lang='lat' dir='ltr'>superius</span> <span class='ocrx_word' id='word_1_435' title='bbox 556 3374 665 3426; x_wconf 89' lang='lat' dir='ltr'>statuta</span> <span class='ocrx_word' id='word_1_436' title='bbox 676 3370 942 3443; x_wconf 78' lang='lat' dir='ltr'>adimpleantouo·</span> <span class='ocrx_word' id='word_1_437' title='bbox 995 3376 1060 3447; x_wconf 90' lang='lat' dir='ltr'>ojus</span> <span class='ocrx_word' id='word_1_438' title='bbox 1071 3374 1202 3447; x_wconf 90' lang='lat' dir='ltr'>aliquam</span> <span class='ocrx_word' id='word_1_439' title='bbox 1214 3374 1303 3447; x_wconf 87' lang='lat' dir='ltr'>[inde]</span> <span class='ocrx_word' id='word_1_440' title='bbox 1314 3375 1420 3430; x_wconf 88' lang='lat' dir='ltr'>faidam</span> <span class='ocrx_word' id='word_1_441' title='bbox 1433 3377 1548 3446; x_wconf 87' lang='lat' dir='ltr'>portare</span> <span class='ocrx_word' id='word_1_442' title='bbox 1558 3371 1820 3446; x_wconf 83' lang='lat' dir='ltr'>voluerit,potcsta·</span> 
     </span>
     <span class='ocr_line' id='line_1_36' title="bbox 116 3457 1820 3535; baseline 0.002 -25"><span class='ocrx_word' id='word_1_443' title='bbox 116 3471 183 3511; x_wconf 90' lang='lat' dir='ltr'>rum</span> <span class='ocrx_word' id='word_1_444' title='bbox 212 3457 473 3515; x_wconf 88' lang='lat' dir='ltr'>excommunicatio</span> <span class='ocrx_word' id='word_1_445' title='bbox 501 3458 609 3514; x_wconf 86' lang='lat' dir='ltr'>seniori</span> <span class='ocrx_word' id='word_1_446' title='bbox 638 3458 755 3515; x_wconf 90' lang='lat' dir='ltr'>illorum</span> <span class='ocrx_word' id='word_1_447' title='bbox 776 3463 804 3516; x_wconf 87' lang='lat' dir='ltr'>et</span> <span class='ocrx_word' id='word_1_448' title='bbox 823 3461 941 3533; x_wconf 92' lang='lat' dir='ltr'>proprio</span> <span class='ocrx_word' id='word_1_449' title='bbox 995 3464 1130 3520; x_wconf 88' lang='lat' dir='ltr'>tiveeam</span> <span class='ocrx_word' id='word_1_450' title='bbox 1152 3463 1255 3535; x_wconf 85' lang='lat' dir='ltr'>jurare</span> <span class='ocrx_word' id='word_1_451' title='bbox 1283 3457 1820 3533; x_wconf 81' lang='lat' dir='ltr'>faciemus,etlldelesnostrosregis</span> 
     </span>
     <span class='ocr_line' id='line_1_37' title="bbox 116 3547 1518 3624; baseline 0.004 -25"><span class='ocrx_word' id='word_1_452' title='bbox 116 3560 217 3600; x_wconf 91' lang='lat' dir='ltr'>eorum</span> <span class='ocrx_word' id='word_1_453' title='bbox 232 3547 368 3620; x_wconf 91' lang='lat' dir='ltr'>episcopo</span> <span class='ocrx_word' id='word_1_454' title='bbox 392 3547 584 3621; x_wconf 78' lang='lat' dir='ltr'>significanda</span> <span class='ocrx_word' id='word_1_455' title='bbox 611 3554 665 3615; x_wconf 86' lang='lat' dir='ltr'>est,</span> <span class='ocrx_word' id='word_1_456' title='bbox 682 3565 717 3604; x_wconf 91' lang='lat' dir='ltr'>nc</span> <span class='ocrx_word' id='word_1_457' title='bbox 733 3565 783 3605; x_wconf 89' lang='lat' dir='ltr'>eos</span> <span class='ocrx_word' id='word_1_458' title='bbox 798 3548 941 3622; x_wconf 87' lang='lat' dir='ltr'>recipiant</span> <span class='ocrx_word' id='word_1_459' title='bbox 995 3552 1167 3608; x_wconf 88' lang='lat' dir='ltr'>auctoritate</span> <span class='ocrx_word' id='word_1_460' title='bbox 1183 3552 1286 3608; x_wconf 87' lang='lat' dir='ltr'>exinde</span> <span class='ocrx_word' id='word_1_461' title='bbox 1301 3551 1518 3624; x_wconf 76' lang='lat' dir='ltr'>adiuvabimus.</span> 
     </span>
     <span class='ocr_line' id='line_1_38' title="bbox 116 3634 1818 3714; baseline 0.003 -26"><span class='ocrx_word' id='word_1_462' title='bbox 116 3638 273 3707; x_wconf 88' lang='lat' dir='ltr'>antequam</span> <span class='ocrx_word' id='word_1_463' title='bbox 288 3634 358 3692; x_wconf 90' lang='lat' dir='ltr'>illuc</span> <span class='ocrx_word' id='word_1_464' title='bbox 373 3638 493 3694; x_wconf 86' lang='lat' dir='ltr'>redeant</span> <span class='ocrx_word' id='word_1_465' title='bbox 509 3638 558 3694; x_wconf 93' lang='lat' dir='ltr'>uhi</span> <span class='ocrx_word' id='word_1_466' title='bbox 573 3637 706 3712; x_wconf 89' lang='lat' dir='ltr'>rapinam</span> <span class='ocrx_word' id='word_1_467' title='bbox 726 3638 867 3706; x_wconf 90' lang='lat' dir='ltr'>fecerunt,</span> <span class='ocrx_word' id='word_1_468' title='bbox 885 3636 939 3694; x_wconf 92' lang='lat' dir='ltr'>ibi·</span> <span class='ocrx_word' id='word_1_469' title='bbox 1031 3638 1818 3714; x_wconf 83' lang='lat' dir='ltr'>ll.Denostrisquoquodominicisvassallisjubemus.</span> 
     </span>
     <span class='ocr_line' id='line_1_39' title="bbox 116 3723 1820 3805; baseline 0.004 -26"><span class='ocrx_word' id='word_1_470' title='bbox 116 3739 172 3795; x_wconf 89' lang='lat' dir='ltr'>que</span> <span class='ocrx_word' id='word_1_471' title='bbox 187 3723 311 3797; x_wconf 89' lang='lat' dir='ltr'>pleniter</span> <span class='ocrx_word' id='word_1_472' title='bbox 327 3727 529 3784; x_wconf 88' lang='lat' dir='ltr'>emendentur.</span> <span class='ocrx_word' id='word_1_473' title='bbox 995 3735 1026 3786; x_wconf 91' lang='lat' dir='ltr'>ut</span> <span class='ocrx_word' id='word_1_474' title='bbox 1035 3730 1059 3788; x_wconf 94' lang='lat' dir='ltr'>si</span> <span class='ocrx_word' id='word_1_475' title='bbox 1068 3730 1175 3805; x_wconf 91' lang='lat' dir='ltr'>aliquis</span> <span class='ocrx_word' id='word_1_476' title='bbox 1190 3731 1303 3804; x_wconf 77' lang='lat' dir='ltr'>praedas</span> <span class='ocrx_word' id='word_1_477' title='bbox 1319 3729 1525 3803; x_wconf 71' lang='lat' dir='ltr'>egeritcomes</span> <span class='ocrx_word' id='word_1_478' title='bbox 1540 3728 1570 3784; x_wconf 93' lang='lat' dir='ltr'>in</span> <span class='ocrx_word' id='word_1_479' title='bbox 1583 3729 1671 3800; x_wconf 91' lang='lat' dir='ltr'>cujus</span> <span class='ocrx_word' id='word_1_480' title='bbox 1683 3729 1820 3803; x_wconf 70' lang='lat' dir='ltr'>potestate</span> 
     </span>
     <span class='ocr_line' id='line_1_40' title="bbox 149 3813 1817 3891; baseline 0.002 -24"><span class='ocrx_word' id='word_1_481' title='bbox 149 3815 176 3866; x_wconf 88' lang='grc'>7.</span> <span class='ocrx_word' id='word_1_482' title='bbox 192 3813 227 3868; x_wconf 81' lang='lat' dir='ltr'>lit</span> <span class='ocrx_word' id='word_1_483' title='bbox 251 3815 391 3888; x_wconf 90' lang='lat' dir='ltr'>quoniam</span> <span class='ocrx_word' id='word_1_484' title='bbox 415 3816 555 3890; x_wconf 87' lang='lat' dir='ltr'>episcopi,</span> <span class='ocrx_word' id='word_1_485' title='bbox 576 3818 627 3890; x_wconf 91' lang='lat' dir='ltr'>qui</span> <span class='ocrx_word' id='word_1_486' title='bbox 652 3817 760 3873; x_wconf 89' lang='lat' dir='ltr'>nostris</span> <span class='ocrx_word' id='word_1_487' title='bbox 784 3822 812 3874; x_wconf 86' lang='lat' dir='ltr'>et</span> <span class='ocrx_word' id='word_1_488' title='bbox 836 3818 939 3874; x_wconf 91' lang='lat' dir='ltr'>suiset</span> <span class='ocrx_word' id='word_1_489' title='bbox 993 3820 1090 3890; x_wconf 87' lang='lat' dir='ltr'>fuerit,</span> <span class='ocrx_word' id='word_1_490' title='bbox 1107 3820 1142 3877; x_wconf 90' lang='lat' dir='ltr'>ad</span> <span class='ocrx_word' id='word_1_491' title='bbox 1156 3820 1390 3877; x_wconf 90' lang='lat' dir='ltr'>emendationem</span> <span class='ocrx_word' id='word_1_492' title='bbox 1406 3835 1474 3875; x_wconf 91' lang='lat' dir='ltr'>eum</span> <span class='ocrx_word' id='word_1_493' title='bbox 1490 3817 1609 3891; x_wconf 88' lang='lat' dir='ltr'>[venire]</span> <span class='ocrx_word' id='word_1_494' title='bbox 1626 3822 1720 3875; x_wconf 87' lang='lat' dir='ltr'>vocet.</span> <span class='ocrx_word' id='word_1_495' title='bbox 1733 3815 1784 3884; x_wconf 79' lang='lat' dir='ltr'>out</span> <span class='ocrx_word' id='word_1_496' title='bbox 1794 3814 1817 3871; x_wconf 89' lang='lat' dir='ltr'>si</span> 
     </span>
     <span class='ocr_line' id='line_1_41' title="bbox 114 3903 1825 3980; baseline 0.003 -25"><span class='ocrx_word' id='word_1_497' title='bbox 114 3903 322 3960; x_wconf 91' lang='lat' dir='ltr'>communibus</span> <span class='ocrx_word' id='word_1_498' title='bbox 331 3904 457 3961; x_wconf 84' lang='lat' dir='ltr'>ecclesie</span> <span class='ocrx_word' id='word_1_499' title='bbox 469 3906 655 3979; x_wconf 88' lang='lat' dir='ltr'>atquetotius</span> <span class='ocrx_word' id='word_1_500' title='bbox 666 3907 746 3980; x_wconf 86' lang='lat' dir='ltr'>regni</span> <span class='ocrx_word' id='word_1_501' title='bbox 757 3906 938 3965; x_wconf 88' lang='lat' dir='ltr'>necessitati·</span> <span class='ocrx_word' id='word_1_502' title='bbox 992 3911 1126 3967; x_wconf 88' lang='lat' dir='ltr'>comitem</span> <span class='ocrx_word' id='word_1_503' title='bbox 1144 3914 1194 3966; x_wconf 92' lang='lat' dir='ltr'>aut</span> <span class='ocrx_word' id='word_1_504' title='bbox 1209 3909 1334 3965; x_wconf 91' lang='lat' dir='ltr'>missum</span> <span class='ocrx_word' id='word_1_505' title='bbox 1350 3907 1429 3964; x_wconf 91' lang='lat' dir='ltr'>illius</span> <span class='ocrx_word' id='word_1_506' title='bbox 1440 3907 1541 3964; x_wconf 90' lang='lat' dir='ltr'>audire</span> <span class='ocrx_word' id='word_1_507' title='bbox 1552 3905 1691 3975; x_wconf 87' lang='lat' dir='ltr'>nolucrit,</span> <span class='ocrx_word' id='word_1_508' title='bbox 1703 3923 1756 3980; x_wconf 90' lang='lat' dir='ltr'>per</span> <span class='ocrx_word' id='word_1_509' title='bbox 1769 3906 1825 3961; x_wconf 81' lang='lat' dir='ltr'>for-</span> 
     </span>
     <span class='ocr_line' id='line_1_42' title="bbox 115 3987 1828 4070; baseline 0.004 -27"><span class='ocrx_word' id='word_1_510' title='bbox 115 3987 170 4043; x_wconf 90' lang='lat' dir='ltr'>hus</span> <span class='ocrx_word' id='word_1_511' title='bbox 185 3990 318 4062; x_wconf 87' lang='lat' dir='ltr'>occupati</span> <span class='ocrx_word' id='word_1_512' title='bbox 342 3995 420 4058; x_wconf 92' lang='lat' dir='ltr'>sunt,</span> <span class='ocrx_word' id='word_1_513' title='bbox 436 4010 495 4048; x_wconf 92' lang='lat' dir='ltr'>uon</span> <span class='ocrx_word' id='word_1_514' title='bbox 507 3992 604 4049; x_wconf 90' lang='lat' dir='ltr'>valent</span> <span class='ocrx_word' id='word_1_515' title='bbox 618 3998 723 4050; x_wconf 92' lang='lat' dir='ltr'>cuncta</span> <span class='ocrx_word' id='word_1_516' title='bbox 738 3995 792 4050; x_wconf 92' lang='lat' dir='ltr'>soli</span> <span class='ocrx_word' id='word_1_517' title='bbox 809 3996 854 4031; x_wconf 71' lang='lat'>¹⁸⁹⁸</span> <span class='ocrx_word' id='word_1_518' title='bbox 868 4012 937 4068; x_wconf 88' lang='lat' dir='ltr'>pro·</span> <span class='ocrx_word' id='word_1_519' title='bbox 992 3999 1067 4055; x_wconf 90' lang='lat' dir='ltr'>ciam</span> <span class='ocrx_word' id='word_1_520' title='bbox 1077 3995 1828 4070; x_wconf 80' lang='lat' dir='ltr'>illudemendarecogatur,proutlextlocetetquem·</span> 
     </span>
     <span class='ocr_line' id='line_1_43' title="bbox 114 4076 1858 4161; baseline 0.004 -29"><span class='ocrx_word' id='word_1_521' title='bbox 114 4076 225 4148; x_wconf 89' lang='lat' dir='ltr'>spicere</span> <span class='ocrx_word' id='word_1_522' title='bbox 239 4094 304 4150; x_wconf 81' lang='lat' dir='ltr'>que</span> <span class='ocrx_word' id='word_1_523' title='bbox 318 4079 394 4136; x_wconf 88' lang='lat' dir='ltr'>infra</span> <span class='ocrx_word' id='word_1_524' title='bbox 418 4082 491 4138; x_wconf 86' lang='lat' dir='ltr'>lines</span> <span class='ocrx_word' id='word_1_525' title='bbox 516 4082 674 4154; x_wconf 81' lang='lat' dir='ltr'>parrochie</span> <span class='ocrx_word' id='word_1_526' title='bbox 698 4083 814 4140; x_wconf 89' lang='lat' dir='ltr'>illorum</span> <span class='ocrx_word' id='word_1_527' title='bbox 835 4101 937 4157; x_wconf 90' lang='lat' dir='ltr'>perpe·</span> <span class='ocrx_word' id='word_1_528' title='bbox 992 4090 1151 4146; x_wconf 90' lang='lat' dir='ltr'>admodum</span> <span class='ocrx_word' id='word_1_529' title='bbox 1176 4089 1204 4144; x_wconf 94' lang='lat' dir='ltr'>in</span> <span class='ocrx_word' id='word_1_530' title='bbox 1229 4087 1441 4161; x_wconf 90' lang='lat' dir='ltr'>capitularibus</span> <span class='ocrx_word' id='word_1_531' title='bbox 1465 4103 1567 4160; x_wconf 82' lang='lat' dir='ltr'>regum</span> <span class='ocrx_word' id='word_1_532' title='bbox 1588 4090 1858 4155; x_wconf 68' lang='lat' dir='ltr'>[autecessorum</span> 
     </span>
     <span class='ocr_line' id='line_1_44' title="bbox 112 4168 1861 4247; baseline 0.005 -28"><span class='ocrx_word' id='word_1_533' title='bbox 112 4168 240 4234; x_wconf 90' lang='lat' dir='ltr'>trantur,</span> <span class='ocrx_word' id='word_1_534' title='bbox 259 4168 430 4237; x_wconf 87' lang='lat' dir='ltr'>statuimus,</span> <span class='ocrx_word' id='word_1_535' title='bbox 456 4175 488 4225; x_wconf 93' lang='lat' dir='ltr'>ut</span> <span class='ocrx_word' id='word_1_536' title='bbox 510 4171 754 4244; x_wconf 87' lang='lat' dir='ltr'>quotiescumque</span> <span class='ocrx_word' id='word_1_537' title='bbox 777 4173 938 4247; x_wconf 87' lang='lat' dir='ltr'>episcopia</span> <span class='ocrx_word' id='word_1_538' title='bbox 992 4175 1514 4244; x_wconf 86' lang='lat' dir='ltr'>nostrorum]teneturinsertum,iu</span> <span class='ocrx_word' id='word_1_539' title='bbox 1544 4175 1647 4231; x_wconf 90' lang='lat' dir='ltr'>eodem</span> <span class='ocrx_word' id='word_1_540' title='bbox 1679 4174 1744 4231; x_wconf 84' lang='lat' dir='ltr'>loro</span> <span class='ocrx_word' id='word_1_541' title='bbox 1771 4172 1861 4229; x_wconf 69' lang='lat' dir='ltr'>uli-3</span> 
     </span>
     <span class='ocr_line' id='line_1_45' title="bbox 112 4254 1861 4340; baseline 0.005 -31"><span class='ocrx_word' id='word_1_542' title='bbox 112 4254 229 4328; x_wconf 91' lang='lat' dir='ltr'>propria</span> <span class='ocrx_word' id='word_1_543' title='bbox 244 4255 359 4314; x_wconf 87' lang='lat' dir='ltr'>civitate</span> <span class='ocrx_word' id='word_1_544' title='bbox 373 4257 588 4332; x_wconf 83' lang='lat' dir='ltr'>digrediuntur,</span> <span class='ocrx_word' id='word_1_545' title='bbox 595 4259 669 4317; x_wconf 90' lang='lat' dir='ltr'>tales</span> <span class='ocrx_word' id='word_1_546' title='bbox 684 4262 834 4333; x_wconf 90' lang='lat' dir='ltr'>adjutores</span> <span class='ocrx_word' id='word_1_547' title='bbox 849 4279 939 4319; x_wconf 89' lang='lat' dir='ltr'>unus·</span> <span class='ocrx_word' id='word_1_548' title='bbox 992 4269 1091 4340; x_wconf 77' lang='lat' dir='ltr'>pracda</span> <span class='ocrx_word' id='word_1_549' title='bbox 1105 4265 1265 4324; x_wconf 89' lang='lat' dir='ltr'>commissa</span> <span class='ocrx_word' id='word_1_550' title='bbox 1279 4267 1376 4322; x_wconf 90' lang='lat' dir='ltr'>fuerit.</span> <span class='ocrx_word' id='word_1_551' title='bbox 1393 4266 1475 4332; x_wconf 79' lang='lat' dir='ltr'>Quod</span> <span class='ocrx_word' id='word_1_552' title='bbox 1495 4265 1518 4320; x_wconf 84' lang='lat' dir='ltr'>si</span> <span class='ocrx_word' id='word_1_553' title='bbox 1540 4263 1775 4337; x_wconf 79' lang='lat' dir='ltr'>proclamaverit,</span> <span class='ocrx_word' id='word_1_554' title='bbox 1791 4278 1861 4319; x_wconf 81' lang='lat' dir='ltr'>s-</span> 
     </span>
     <span class='ocr_line' id='line_1_46' title="bbox 111 4344 1860 4430; baseline 0.005 -32"><span class='ocrx_word' id='word_1_555' title='bbox 111 4344 236 4419; x_wconf 90' lang='lat' dir='ltr'>quisque</span> <span class='ocrx_word' id='word_1_556' title='bbox 251 4347 280 4402; x_wconf 90' lang='lat' dir='ltr'>in</span> <span class='ocrx_word' id='word_1_557' title='bbox 295 4365 350 4405; x_wconf 88' lang='lat' dir='ltr'>sua</span> <span class='ocrx_word' id='word_1_558' title='bbox 364 4347 479 4405; x_wconf 86' lang='lat' dir='ltr'>civitate</span> <span class='ocrx_word' id='word_1_559' title='bbox 494 4349 641 4423; x_wconf 91' lang='lat' dir='ltr'>relinquat</span> <span class='ocrx_word' id='word_1_560' title='bbox 655 4351 705 4423; x_wconf 91' lang='lat' dir='ltr'>qui</span> <span class='ocrx_word' id='word_1_561' title='bbox 721 4350 782 4408; x_wconf 81' lang='lat' dir='ltr'>bec</span> <span class='ocrx_word' id='word_1_562' title='bbox 797 4351 936 4409; x_wconf 90' lang='lat' dir='ltr'>omuiaio</span> <span class='ocrx_word' id='word_1_563' title='bbox 992 4355 1250 4430; x_wconf 86' lang='lat' dir='ltr'>antepresentiam</span> <span class='ocrx_word' id='word_1_564' title='bbox 1259 4359 1390 4412; x_wconf 87' lang='lat' dir='ltr'>nostram</span> <span class='ocrx_word' id='word_1_565' title='bbox 1397 4353 1470 4411; x_wconf 90' lang='lat' dir='ltr'>velle</span> <span class='ocrx_word' id='word_1_566' title='bbox 1478 4352 1614 4427; x_wconf 84' lang='lat' dir='ltr'>distringi</span> <span class='ocrx_word' id='word_1_567' title='bbox 1624 4352 1860 4426; x_wconf 71' lang='lat' dir='ltr'>potiusqua-</span> 
     </span>
     <span class='ocr_line' id='line_1_47' title="bbox 111 4435 1858 4518; baseline 0.005 -28"><span class='ocrx_word' id='word_1_568' title='bbox 111 4451 166 4492; x_wconf 87' lang='lat' dir='ltr'>sua</span> <span class='ocrx_word' id='word_1_569' title='bbox 187 4435 303 4493; x_wconf 90' lang='lat' dir='ltr'>civitate</span> <span class='ocrx_word' id='word_1_570' title='bbox 327 4437 558 4511; x_wconf 89' lang='lat' dir='ltr'>prudentissima</span> <span class='ocrx_word' id='word_1_571' title='bbox 582 4444 734 4513; x_wconf 83' lang='lat' dir='ltr'>peragant,</span> <span class='ocrx_word' id='word_1_572' title='bbox 749 4445 778 4497; x_wconf 91' lang='lat' dir='ltr'>et</span> <span class='ocrx_word' id='word_1_573' title='bbox 793 4458 937 4515; x_wconf 88' lang='lat' dir='ltr'>pauperos</span> <span class='ocrx_word' id='word_1_574' title='bbox 991 4450 1059 4502; x_wconf 87' lang='lat' dir='ltr'>ante</span> <span class='ocrx_word' id='word_1_575' title='bbox 1073 4445 1219 4514; x_wconf 92' lang='lat' dir='ltr'>comitem,</span> <span class='ocrx_word' id='word_1_576' title='bbox 1237 4460 1289 4518; x_wconf 91' lang='lat' dir='ltr'>per</span> <span class='ocrx_word' id='word_1_577' title='bbox 1302 4442 1457 4501; x_wconf 90' lang='lat' dir='ltr'>credibiles</span> <span class='ocrx_word' id='word_1_578' title='bbox 1481 4443 1673 4515; x_wconf 84' lang='lat' dir='ltr'>fidejussores</span> <span class='ocrx_word' id='word_1_579' title='bbox 1695 4446 1749 4498; x_wconf 85' lang='lat' dir='ltr'>aut</span> <span class='ocrx_word' id='word_1_580' title='bbox 1772 4454 1858 4514; x_wconf 71' lang='lat' dir='ltr'>pfl·-</span> 
     </span>
     <span class='ocr_line' id='line_1_48' title="bbox 111 4525 1860 4613; baseline 0.003 -34"><span class='ocrx_word' id='word_1_581' title='bbox 111 4525 254 4598; x_wconf 86' lang='lat' dir='ltr'>songuins</span> <span class='ocrx_word' id='word_1_582' title='bbox 269 4526 377 4584; x_wconf 87' lang='lat' dir='ltr'>Christi</span> <span class='ocrx_word' id='word_1_583' title='bbox 397 4529 541 4602; x_wconf 89' lang='lat' dir='ltr'>redempti</span> <span class='ocrx_word' id='word_1_584' title='bbox 558 4544 674 4602; x_wconf 88' lang='lat' dir='ltr'>semper</span> <span class='ocrx_word' id='word_1_585' title='bbox 689 4529 718 4585; x_wconf 91' lang='lat' dir='ltr'>in</span> <span class='ocrx_word' id='word_1_586' title='bbox 733 4530 849 4588; x_wconf 89' lang='lat' dir='ltr'>civitate</span> <span class='ocrx_word' id='word_1_587' title='bbox 864 4548 922 4605; x_wconf 80' lang='lat' dir='ltr'>pre</span> <span class='ocrx_word' id='word_1_588' title='bbox 951 4548 975 4613; x_wconf 73' lang='grc' dir='ltr'>Ι)</span> <span class='ocrx_word' id='word_1_589' title='bbox 993 4539 1210 4591; x_wconf 89' lang='lat' dir='ltr'>sacramentum</span> <span class='ocrx_word' id='word_1_590' title='bbox 1221 4531 1352 4590; x_wconf 87' lang='lat' dir='ltr'>melioris</span> <span class='ocrx_word' id='word_1_591' title='bbox 1362 4531 1492 4589; x_wconf 91' lang='lat' dir='ltr'>hominis</span> <span class='ocrx_word' id='word_1_592' title='bbox 1502 4536 1570 4588; x_wconf 89' lang='lat' dir='ltr'>aute</span> <span class='ocrx_word' id='word_1_593' title='bbox 1581 4548 1636 4588; x_wconf 89' lang='lat' dir='ltr'>nos</span> <span class='ocrx_word' id='word_1_594' title='bbox 1647 4530 1747 4587; x_wconf 82' lang='lat' dir='ltr'>venire</span> <span class='ocrx_word' id='word_1_595' title='bbox 1757 4544 1860 4604; x_wconf 63' lang='lat' dir='ltr'>por</span> 
     </span>
     <span class='ocr_line' id='line_1_49' title="bbox 110 4613 1860 4695; baseline 0.003 -26"><span class='ocrx_word' id='word_1_596' title='bbox 110 4618 222 4670; x_wconf 88' lang='lat' dir='ltr'>sentem</span> <span class='ocrx_word' id='word_1_597' title='bbox 233 4613 408 4673; x_wconf 88' lang='lat' dir='ltr'>inveniaota</span> <span class='ocrx_word' id='word_1_598' title='bbox 419 4634 476 4691; x_wconf 91' lang='lat' dir='ltr'>quo</span> <span class='ocrx_word' id='word_1_599' title='bbox 487 4633 662 4692; x_wconf 87' lang='lat' dir='ltr'>responsum</span> <span class='ocrx_word' id='word_1_600' title='bbox 670 4622 699 4676; x_wconf 90' lang='lat' dir='ltr'>et</span> <span class='ocrx_word' id='word_1_601' title='bbox 706 4618 935 4678; x_wconf 88' lang='lat' dir='ltr'>consolationem</span> <span class='ocrx_word' id='word_1_602' title='bbox 992 4624 1136 4690; x_wconf 86' lang='lat' dir='ltr'>mittatur,</span> <span class='ocrx_word' id='word_1_603' title='bbox 1149 4627 1181 4678; x_wconf 93' lang='lat' dir='ltr'>ut</span> <span class='ocrx_word' id='word_1_604' title='bbox 1193 4621 1233 4678; x_wconf 91' lang='lat' dir='ltr'>ibi</span> <span class='ocrx_word' id='word_1_605' title='bbox 1248 4621 1317 4679; x_wconf 91' lang='lat' dir='ltr'>talis</span> <span class='ocrx_word' id='word_1_606' title='bbox 1333 4622 1406 4678; x_wconf 88' lang='lat' dir='ltr'>ratio</span> <span class='ocrx_word' id='word_1_607' title='bbox 1422 4622 1509 4677; x_wconf 89' lang='lat' dir='ltr'>lloem</span> <span class='ocrx_word' id='word_1_608' title='bbox 1526 4620 1664 4695; x_wconf 86' lang='lat' dir='ltr'>accipiat.</span> <span class='ocrx_word' id='word_1_609' title='bbox 1675 4620 1860 4676; x_wconf 71' lang='lat' dir='ltr'>Houorcct</span> 
     </span>
     <span class='ocr_line' id='line_1_50' title="bbox 110 4701 1855 4782; baseline 0.005 -26"><span class='ocrx_word' id='word_1_610' title='bbox 110 4701 263 4774; x_wconf 87' lang='lat' dir='ltr'>accipiant.</span> <span class='ocrx_word' id='word_1_611' title='bbox 280 4704 312 4760; x_wconf 93' lang='lat' dir='ltr'>ln</span> <span class='ocrx_word' id='word_1_612' title='bbox 327 4704 400 4761; x_wconf 91' lang='lat' dir='ltr'>vicis</span> <span class='ocrx_word' id='word_1_613' title='bbox 426 4712 523 4763; x_wconf 89' lang='lat' dir='ltr'>autem</span> <span class='ocrx_word' id='word_1_614' title='bbox 546 4712 574 4764; x_wconf 90' lang='lat' dir='ltr'>et</span> <span class='ocrx_word' id='word_1_615' title='bbox 597 4706 674 4765; x_wconf 88' lang='lat' dir='ltr'>villis</span> <span class='ocrx_word' id='word_1_616' title='bbox 688 4706 773 4782; x_wconf 80' lang='lat' dir='ltr'>longe</span> <span class='ocrx_word' id='word_1_617' title='bbox 788 4727 805 4765; x_wconf 93' lang='lat' dir='ltr'>a</span> <span class='ocrx_word' id='word_1_618' title='bbox 820 4708 936 4767; x_wconf 89' lang='lat' dir='ltr'>civitate</span> <span class='ocrx_word' id='word_1_619' title='bbox 991 4711 1069 4768; x_wconf 91' lang='lat' dir='ltr'>enim</span> <span class='ocrx_word' id='word_1_620' title='bbox 1086 4711 1173 4767; x_wconf 90' lang='lat' dir='ltr'>talem</span> <span class='ocrx_word' id='word_1_621' title='bbox 1185 4711 1294 4769; x_wconf 89' lang='lat' dir='ltr'>nostris</span> <span class='ocrx_word' id='word_1_622' title='bbox 1304 4711 1400 4767; x_wconf 87' lang='lat' dir='ltr'>vassis</span> <span class='ocrx_word' id='word_1_623' title='bbox 1410 4709 1568 4767; x_wconf 89' lang='lat' dir='ltr'>dominicis</span> <span class='ocrx_word' id='word_1_624' title='bbox 1578 4704 1855 4774; x_wconf 75' lang='lat' dir='ltr'>concedimusuf</span> 
     </span>
     <span class='ocr_line' id='line_1_51' title="bbox 109 4792 1838 4874; baseline 0.002 -27"><span class='ocrx_word' id='word_1_625' title='bbox 109 4792 239 4859; x_wconf 90' lang='lat' dir='ltr'>remotis,</span> <span class='ocrx_word' id='word_1_626' title='bbox 252 4793 410 4850; x_wconf 88' lang='lat' dir='ltr'>constituat</span> <span class='ocrx_word' id='word_1_627' title='bbox 420 4796 625 4870; x_wconf 88' lang='lat' dir='ltr'>unusquisque</span> <span class='ocrx_word' id='word_1_628' title='bbox 635 4798 790 4871; x_wconf 89' lang='lat' dir='ltr'>episcopus</span> <span class='ocrx_word' id='word_1_629' title='bbox 801 4815 935 4857; x_wconf 90' lang='lat' dir='ltr'>reveren·</span> <span class='ocrx_word' id='word_1_630' title='bbox 990 4801 1046 4874; x_wconf 90' lang='lat' dir='ltr'>ipsi</span> <span class='ocrx_word' id='word_1_631' title='bbox 1064 4819 1121 4858; x_wconf 91' lang='lat' dir='ltr'>non</span> <span class='ocrx_word' id='word_1_632' title='bbox 1133 4801 1211 4858; x_wconf 91' lang='lat' dir='ltr'>sicut</span> <span class='ocrx_word' id='word_1_633' title='bbox 1226 4799 1331 4873; x_wconf 87' lang='lat' dir='ltr'>reliqui</span> <span class='ocrx_word' id='word_1_634' title='bbox 1347 4817 1435 4856; x_wconf 88' lang='lat' dir='ltr'>manu</span> <span class='ocrx_word' id='word_1_635' title='bbox 1459 4798 1578 4873; x_wconf 88' lang='lat' dir='ltr'>propria</span> <span class='ocrx_word' id='word_1_636' title='bbox 1599 4802 1838 4855; x_wconf 84' lang='lat' dir='ltr'>sacramentum</span> 
     </span>
     <span class='ocr_line' id='line_1_52' title="bbox 108 4878 1829 4963; baseline 0.003 -26"><span class='ocrx_word' id='word_1_637' title='bbox 108 4881 162 4938; x_wconf 91' lang='lat' dir='ltr'>dos</span> <span class='ocrx_word' id='word_1_638' title='bbox 172 4884 201 4938; x_wconf 93' lang='lat' dir='ltr'>et</span> <span class='ocrx_word' id='word_1_639' title='bbox 211 4886 313 4940; x_wconf 88' lang='lat' dir='ltr'>cautos</span> <span class='ocrx_word' id='word_1_640' title='bbox 323 4885 575 4958; x_wconf 86' lang='lat' dir='ltr'>atqueprudeutia</span> <span class='ocrx_word' id='word_1_641' title='bbox 590 4885 781 4963; x_wconf 78' lang='lat' dir='ltr'>[morum¹⁸⁰⁸]</span> <span class='ocrx_word' id='word_1_642' title='bbox 793 4892 936 4963; x_wconf 89' lang='lat' dir='ltr'>tempera·</span> <span class='ocrx_word' id='word_1_643' title='bbox 986 4891 1155 4962; x_wconf 89' lang='lat' dir='ltr'>jurent,sed</span> <span class='ocrx_word' id='word_1_644' title='bbox 1172 4889 1276 4946; x_wconf 90' lang='lat' dir='ltr'>melior</span> <span class='ocrx_word' id='word_1_645' title='bbox 1289 4889 1377 4947; x_wconf 91' lang='lat' dir='ltr'>homo</span> <span class='ocrx_word' id='word_1_646' title='bbox 1392 4888 1510 4946; x_wconf 92' lang='lat' dir='ltr'>illorum</span> <span class='ocrx_word' id='word_1_647' title='bbox 1525 4892 1554 4945; x_wconf 90' lang='lat' dir='ltr'>et</span> <span class='ocrx_word' id='word_1_648' title='bbox 1568 4886 1739 4946; x_wconf 85' lang='lat' dir='ltr'>credibilior</span> <span class='ocrx_word' id='word_1_649' title='bbox 1749 4878 1829 4943; x_wconf 74' lang='lat' dir='ltr'>illuct</span> 
     </span>
    </p>
   </div>
   <div class='ocr_carea' id='block_1_3' title="bbox 789 5040 1139 5098">
    <p class='ocr_par' dir='ltr' id='par_1_3' title="bbox 789 5040 1139 5098">
     <span class='ocr_line' id='line_1_53' title="bbox 789 5040 1139 5098; baseline 0.006 -4"><span class='ocrx_word' id='word_1_650' title='bbox 789 5040 912 5098; x_wconf 83' lang='lat' dir='ltr'>VARIAE</span> <span class='ocrx_word' id='word_1_651' title='bbox 931 5041 1139 5098; x_wconf 73' lang='lat' dir='ltr'>trachones</span> 
     </span>
    </p>
   </div>
   <div class='ocr_carea' id='block_1_4' title="bbox 105 5152 1807 5440">
    <p class='ocr_par' dir='ltr' id='par_1_4' title="bbox 144 5152 1807 5286">
     <span class='ocr_line' id='line_1_54' title="bbox 144 5152 1807 5286; baseline 0.006 -78"><span class='ocrx_word' id='word_1_652' title='bbox 144 5154 226 5236; x_wconf 38' lang='lat' dir='ltr'>¹⁸⁸⁰·s.</span> <span class='ocrx_word' id='word_1_653' title='bbox 244 5170 270 5209; x_wconf 88' lang='lat' dir='ltr'>a.</span> <span class='ocrx_word' id='word_1_654' title='bbox 287 5152 432 5209; x_wconf 68' lang='lat' dir='ltr'>catalect</span> <span class='ocrx_word' id='word_1_655' title='bbox 453 5154 499 5209; x_wconf 89' lang='lat' dir='ltr'>3c.</span> <span class='ocrx_word' id='word_1_656' title='bbox 523 5162 605 5238; x_wconf 69' lang='lat' dir='ltr'>elprae</span> <span class='ocrx_word' id='word_1_657' title='bbox 632 5155 736 5226; x_wconf 71' lang='lat' dir='ltr'>depicto</span> <span class='ocrx_word' id='word_1_658' title='bbox 764 5157 1128 5286; x_wconf 59' lang='lat' dir='ltr'>herebardusgucadeseet</span> <span class='ocrx_word' id='word_1_659' title='bbox 1141 5158 1181 5239; x_wconf 36' lang='lat' dir='ltr'>‚in</span> <span class='ocrx_word' id='word_1_660' title='bbox 1199 5159 1226 5213; x_wconf 85' lang='lat'>3.</span> <span class='ocrx_word' id='word_1_661' title='bbox 1241 5158 1287 5213; x_wconf 87' lang='lat' dir='ltr'>3b.</span> <span class='ocrx_word' id='word_1_662' title='bbox 1327 5158 1372 5193; x_wconf 76' lang='lat'>¹⁸⁹⁰</span> <span class='ocrx_word' id='word_1_663' title='bbox 1383 5157 1493 5214; x_wconf 76' lang='lat' dir='ltr'>deeat3.</span> <span class='ocrx_word' id='word_1_664' title='bbox 1533 5154 1807 5240; x_wconf 68' lang='lat' dir='ltr'>¹⁸⁹¹‹adducitit&#39;tleutt</span> 
     </span>
    </p>

    <p class='ocr_par' dir='ltr' id='par_1_5' title="bbox 105 5223 1807 5440">
     <span class='ocr_line' id='line_1_55' title="bbox 106 5223 1807 5298; baseline 0 -17"><span class='ocrx_word' id='word_1_665' title='bbox 106 5224 178 5281; x_wconf 81' lang='lat' dir='ltr'>deest</span> <span class='ocrx_word' id='word_1_666' title='bbox 193 5241 224 5279; x_wconf 87' lang='lat' dir='ltr'>m</span> <span class='ocrx_word' id='word_1_667' title='bbox 237 5226 264 5280; x_wconf 88' lang='grc'>3.</span> <span class='ocrx_word' id='word_1_668' title='bbox 280 5224 327 5281; x_wconf 80' lang='lat' dir='ltr'>ab.</span> <span class='ocrx_word' id='word_1_669' title='bbox 374 5225 421 5262; x_wconf 74' lang='lat'>¹⁴⁹²</span> <span class='ocrx_word' id='word_1_670' title='bbox 448 5224 553 5280; x_wconf 70' lang='lat' dir='ltr'>mdical</span> <span class='ocrx_word' id='word_1_671' title='bbox 582 5225 691 5292; x_wconf 68' lang='lat' dir='ltr'>aeden:</span> <span class='ocrx_word' id='word_1_672' title='bbox 718 5226 790 5282; x_wconf 80' lang='lat' dir='ltr'>deest</span> <span class='ocrx_word' id='word_1_673' title='bbox 817 5244 849 5282; x_wconf 82' lang='lat' dir='ltr'>m</span> <span class='ocrx_word' id='word_1_674' title='bbox 878 5230 905 5284; x_wconf 87' lang='lat'>3.</span> <span class='ocrx_word' id='word_1_675' title='bbox 954 5228 982 5285; x_wconf 91' lang='lat' dir='ltr'>b.</span> <span class='ocrx_word' id='word_1_676' title='bbox 1032 5229 1147 5286; x_wconf 74' lang='lat' dir='ltr'>¹⁴⁹³srbr</span> <span class='ocrx_word' id='word_1_677' title='bbox 1163 5230 1256 5287; x_wconf 86' lang='lat' dir='ltr'>3b.S.</span> <span class='ocrx_word' id='word_1_678' title='bbox 1296 5230 1341 5265; x_wconf 61' lang='lat' dir='ltr'>“fi</span> <span class='ocrx_word' id='word_1_679' title='bbox 1355 5227 1589 5286; x_wconf 65' lang='lat' dir='ltr'>mecoenate.</span> <span class='ocrx_word' id='word_1_680' title='bbox 1605 5235 1634 5284; x_wconf 83' lang='lat' dir='ltr'>ct</span> <span class='ocrx_word' id='word_1_681' title='bbox 1650 5223 1807 5298; x_wconf 71' lang='lat' dir='ltr'>hemeah·</span> 
     </span>
     <span class='ocr_line' id='line_1_56' title="bbox 105 5295 1805 5378; baseline 0.004 -27"><span class='ocrx_word' id='word_1_682' title='bbox 105 5304 171 5352; x_wconf 81' lang='lat' dir='ltr'>sunt</span> <span class='ocrx_word' id='word_1_683' title='bbox 185 5297 213 5351; x_wconf 83' lang='lat' dir='ltr'>in</span> <span class='ocrx_word' id='word_1_684' title='bbox 229 5298 256 5352; x_wconf 86' lang='lat'>3.</span> <span class='ocrx_word' id='word_1_685' title='bbox 271 5298 318 5354; x_wconf 82' lang='lat' dir='ltr'>3b.</span> <span class='ocrx_word' id='word_1_686' title='bbox 358 5297 402 5332; x_wconf 72' lang='lat'>¹⁸⁹¹</span> <span class='ocrx_word' id='word_1_687' title='bbox 416 5295 454 5352; x_wconf 91' lang='lat' dir='ltr'>cl.</span> <span class='ocrx_word' id='word_1_688' title='bbox 469 5296 488 5352; x_wconf 90' lang='lat' dir='ltr'>f.</span> <span class='ocrx_word' id='word_1_689' title='bbox 505 5314 535 5378; x_wconf 84' lang='lat' dir='ltr'>n.</span> <span class='ocrx_word' id='word_1_690' title='bbox 551 5295 727 5353; x_wconf 81' lang='lat' dir='ltr'>oddant3c.</span> <span class='ocrx_word' id='word_1_691' title='bbox 742 5306 768 5354; x_wconf 86' lang='lat' dir='ltr'>ct</span> <span class='ocrx_word' id='word_1_692' title='bbox 784 5299 995 5371; x_wconf 53' lang='lat' dir='ltr'>desinentem</span> <span class='ocrx_word' id='word_1_693' title='bbox 1008 5302 1036 5357; x_wconf 89' lang='grc'>3.</span> <span class='ocrx_word' id='word_1_694' title='bbox 1052 5302 1099 5357; x_wconf 88' lang='lat' dir='ltr'>3b.</span> <span class='ocrx_word' id='word_1_695' title='bbox 1139 5301 1184 5337; x_wconf 71' lang='lat'>¹⁸⁹⁶</span> <span class='ocrx_word' id='word_1_696' title='bbox 1201 5302 1280 5357; x_wconf 70' lang='lat' dir='ltr'>uach</span> <span class='ocrx_word' id='word_1_697' title='bbox 1307 5302 1415 5358; x_wconf 84' lang='lat' dir='ltr'>incluso</span> <span class='ocrx_word' id='word_1_698' title='bbox 1438 5317 1511 5357; x_wconf 84' lang='lat' dir='ltr'>unua</span> <span class='ocrx_word' id='word_1_699' title='bbox 1533 5300 1578 5357; x_wconf 83' lang='lat' dir='ltr'>3c.</span> <span class='ocrx_word' id='word_1_700' title='bbox 1602 5300 1697 5357; x_wconf 75' lang='lat' dir='ltr'>lobea</span> <span class='ocrx_word' id='word_1_701' title='bbox 1735 5298 1805 5351; x_wconf 61' lang='lat' dir='ltr'>“fle</span> 
     </span>
     <span class='ocr_line' id='line_1_57' title="bbox 107 5367 723 5440; baseline 0 -16"><span class='ocrx_word' id='word_1_702' title='bbox 107 5368 236 5424; x_wconf 87' lang='lat' dir='ltr'>etiamr.</span> <span class='ocrx_word' id='word_1_703' title='bbox 252 5385 280 5425; x_wconf 85' lang='lat' dir='ltr'>a.</span> <span class='ocrx_word' id='word_1_704' title='bbox 296 5370 339 5425; x_wconf 78' lang='lat'>30.</span> <span class='ocrx_word' id='word_1_705' title='bbox 379 5368 424 5405; x_wconf 73' lang='lat'>¹⁸⁹⁸</span> <span class='ocrx_word' id='word_1_706' title='bbox 437 5367 457 5424; x_wconf 87' lang='lat' dir='ltr'>l.</span> <span class='ocrx_word' id='word_1_707' title='bbox 474 5384 503 5440; x_wconf 94' lang='lat' dir='ltr'>q.</span> <span class='ocrx_word' id='word_1_708' title='bbox 518 5384 538 5423; x_wconf 91' lang='lat'>1.</span> <span class='ocrx_word' id='word_1_709' title='bbox 554 5384 581 5424; x_wconf 89' lang='lat' dir='ltr'>a.</span> <span class='ocrx_word' id='word_1_710' title='bbox 597 5383 623 5424; x_wconf 88' lang='lat' dir='ltr'>e.</span> <span class='ocrx_word' id='word_1_711' title='bbox 638 5383 663 5424; x_wconf 89' lang='lat' dir='ltr'>c.</span> <span class='ocrx_word' id='word_1_712' title='bbox 680 5369 723 5425; x_wconf 88' lang='lat' dir='ltr'>3c.</span> 
     </span>
    </p>
   </div>
   <div class='ocr_carea' id='block_1_5' title="bbox 143 5495 1017 5693">
    <p class='ocr_par' dir='ltr' id='par_1_6' title="bbox 143 5495 1017 5693">
     <span class='ocr_line' id='line_1_58' title="bbox 900 5495 1017 5555; baseline 0.026 -3"><span class='ocrx_word' id='word_1_713' title='bbox 900 5495 1017 5555; x_wconf 82' lang='lat' dir='ltr'>NO&#39;l&#39;AE.</span> 
     </span>
     <span class='ocr_line' id='line_1_59' title="bbox 143 5597 920 5693; baseline 0.008 -39"><span class='ocrx_word' id='word_1_714' title='bbox 143 5597 217 5671; x_wconf 76' lang='lat'>(165)</span> <span class='ocrx_word' id='word_1_715' title='bbox 232 5598 284 5655; x_wconf 89' lang='lat' dir='ltr'>Hic</span> <span class='ocrx_word' id='word_1_716' title='bbox 299 5603 329 5656; x_wconf 89' lang='lat' dir='ltr'>st</span> <span class='ocrx_word' id='word_1_717' title='bbox 340 5598 418 5658; x_wconf 84' lang='lat' dir='ltr'>iufra</span> <span class='ocrx_word' id='word_1_718' title='bbox 430 5600 515 5660; x_wconf 85' lang='lat' dir='ltr'>uncia</span> <span class='ocrx_word' id='word_1_719' title='bbox 530 5599 644 5659; x_wconf 88' lang='lat' dir='ltr'>inclusa</span> <span class='ocrx_word' id='word_1_720' title='bbox 659 5617 736 5659; x_wconf 90' lang='lat' dir='ltr'>unus</span> <span class='ocrx_word' id='word_1_721' title='bbox 751 5601 806 5659; x_wconf 88' lang='lat' dir='ltr'>3c.</span> <span class='ocrx_word' id='word_1_722' title='bbox 823 5600 920 5693; x_wconf 80' lang='lat' dir='ltr'>habet.</span> 
     </span>
    </p>
   </div>
   <div class='ocr_carea' id='block_1_6' title="bbox 0 0 1944 6098">
    <p class='ocr_par' dir='ltr' id='par_1_7' title="bbox 0 0 1944 6098">
     <span class='ocr_line' id='line_1_60' title="bbox 0 0 1944 6098; baseline 0 2"><span class='ocrx_word' id='word_1_723' title='bbox 0 0 1944 6098; x_wconf 95' lang='lat' dir='ltr'> </span> 
     </span>
    </p>
   </div>
  </div>
 </body>
</html>
