3878 6098
56 305 139 368 {085
430 303 585 369 VDNSUS
606 304 657 366 ET
679 299 904 365 Olld'llONNS
927 301 965 362 IN
990 300 1111 362 efflat
1136 300 1287 371 DONllNL
1311 301 1398 366 ETC.
1689 311 1768 374 {eso

54 440 78 497 Α
94 442 183 514 geute
203 453 317 513 pagana
341 443 374 495 ut
397 439 474 496 Deus
489 437 626 498 defendat
650 454 703 494 rios
727 435 774 494 lric
800 440 829 494 el
857 434 886 492 in
901 433 930 503 A
943 436 985 492 Dr
1000 438 1060 492 teto
1076 435 1162 492 corda
1178 439 1206 491 et
1219 452 1254 492 cx
1268 438 1330 493 tota
1344 442 1441 496 mente
1456 450 1575 498 eramus
1591 445 1618 499 te
1633 442 1705 502 Dne.

747 529 850 600 [arum
942 526 995 582 Pro
1012 530 1113 583 sancta
1132 525 1259 583 Ecclesia
1281 526 1421 584 catholiea
1435 545 1499 601 qua
1520 535 1566 586 est
1579 530 1610 587 iu
1623 535 1683 591 toto
1699 537 1769 594 orbe

55 619 102 676 Ab
118 617 199 675 omui
215 617 343 691 periculo
367 623 399 674 ut
422 622 498 677 Deus
513 617 650 675 daiendat
674 633 727 673 nos
751 616 842 672 hicet
857 615 887 672 in
978 616 1086 673 diffusa
1100 616 1302 691 supplicamus
1317 616 1368 672 tibi
1385 617 1458 673 Due.

748 707 852 778 [avum
942 706 996 762 Pro
1011 708 1128 779 pastore
1143 712 1243 762 nestro
1262 706 1296 762 N.
1312 709 1340 762 et
1355 705 1434 762 omni
1450 704 1527 764 clere
1543 708 1607 781 ejus
1632 709 1770 785 implora·

55 799 104 856 Ab
119 797 200 854 omni
223 802 333 853 terrore
349 801 380 853 ut
396 797 473 854 Deus
498 797 634 854 defendat
656 812 710 852 nes
733 794 781 851 hic
804 797 833 851 et
857 794 887 850 iu
978 813 1045 852 mus
1060 800 1088 851 te
1103 795 1174 851 Dne.

747 886 852 957 [aevrrm
943 886 997 941 Pro
1012 885 1118 941 abbate
1132 890 1231 942 nostre
1247 885 1281 941 N.
1298 888 1327 941 et
1340 902 1428 959 grege
1442 885 1498 942 sibi
1515 887 1673 946 commisso
1688 890 1770 948 obse-

55 979 104 1035 ab
119 978 200 1034 omni
216 974 344 1049 periculo
367 979 400 1032 ut
419 976 497 1033 Deus
512 975 649 1033 defendat
665 992 718 1032 nos
732 974 781 1031 hie
804 978 834 1031 et
858 975 888 1030 in
979 991 1096 1031 eramus
1111 978 1149 1030 te.
1166 974 1237 1030 Dnc.

748 1067 852 1137 [avum
943 1064 997 1121 Pro
1013 1064 1089 1120 ueris
1105 1061 1242 1135 temperie
1257 1066 1285 1120 et
1299 1063 1488 1120 foecunditate
1510 1067 1593 1122 terrae
1615 1082 1771 1140 precamur

56 1158 98 1215 Ut
112 1174 190 1215 aura
206 1155 376 1228 temperiem
391 1156 546 1213 benarnae
562 1155 730 1229 frugiferam
742 1155 791 1211 det
803 1153 888 1212 nobis
978 1159 1016 1221 te,
1034 1154 1104 1209 Due.

710 1242 854 1315 [Salvator
943 1243 997 1299 Pro
1012 1243 1059 1299 his
1072 1242 1121 1315 qui
1136 1242 1325 1298 infirmantur
1340 1245 1369 1298 et
1383 1243 1506 1299 diuersis
1521 1243 1712 1318 languoribus
1722 1247 1770 1303 de·

57 1337 99 1393 Ut
113 1334 349 1391 commoditatem
367 1332 452 1401 ueris,
470 1331 543 1389 reris
559 1333 608 1388 det
624 1333 709 1388 nobis
723 1332 855 1388 Salvator
978 1334 1110 1389 tinentur
1124 1348 1279 1388 exeramus
1294 1335 1332 1387 tc.
1349 1332 1420 1388 Dne.

58 1426 99 1482 Ut
113 1425 237 1481 imbrem
255 1423 391 1492 fetosum,
408 1423 485 1479 bena
506 1422 721 1495 germinantem
737 1422 786 1477 det
804 1421 890 1477 nobis
944 1423 998 1479 Pro
1010 1420 1182 1478 remissione
1192 1420 1429 1493 peccatorumvel
1439 1422 1641 1479 emendatione
1653 1441 1768 1481 morum

712 1509 855 1583 [Salvator
980 1527 1118 1583 rogamus
1135 1513 1172 1566 te.
1188 1509 1260 1565 Dnc.

58 1605 98 1661 Ut
114 1601 302 1676 tranquillam
313 1601 401 1658 vitam
416 1617 518 1674 paoem
534 1604 561 1657 ct
574 1615 733 1674 perennem
743 1600 793 1656 det
806 1598 890 1657 nobis
944 1600 1055 1657 Exaudi
1071 1616 1124 1656 uos
1138 1599 1216 1656 Deus
1231 1597 1261 1653 in
1277 1597 1356 1655 omui
1368 1599 1499 1656 eratione
1511 1603 1612 1657 uestra
1624 1601 1694 1674 quia
1704 1601 1770 1674 pius

711 1689 855 1764 [Salvator
979 1707 1021 1746 es.
1040 1689 1112 1745 Due.

60 1782 99 1839 Ut
118 1780 333 1854 indulgentiam
357 1778 515 1837 criminum
541 1783 708 1835 nostrorum
733 1781 783 1835 del
805 1778 890 1836 nobis
906 1786 937 1874 B·
1226 1795 1345 1834 arrasia
1363 1794 1491 1834 emuna.

712 1868 856 1941 [Salvator
945 1869 1030 1925 Pater
1042 1870 1078 1924 dc
1092 1866 1173 1926 coelis
1187 1868 1264 1924 Deus
1280 1867 1418 1925 miserere
1431 1869 1526 1926 nobis.

60 1961 98 2018 Ut
113 1976 265 2017 summum
281 1962 428 2031 pastorem
449 1957 643 2031 apostolicum
662 1957 805 2015 Dominus
821 1975 890 2015 con·
945 1958 1035 2016 Filius
1051 1959 1197 2015 redemtor
1210 1957 1287 2013 Deus
1303 1955 1441 2014 miserare
1456 1956 1552 2014 nobis.

749 2047 856 2121 [servet
945 2049 1073 2123 Spiritus
1088 2053 1208 2104 sauctus
1222 2048 1300 2103 Deus
1315 2046 1454 2103 miserere
1468 2047 1563 2104 nobis.

61 2139 98 2195 Ut
113 2137 237 2211 dignum
253 2135 420 2210 pontificem
439 2136 474 2191 N.
490 2134 644 2192 dominum
664 2135 806 2193 Dominus
822 2154 890 2193 con·
945 2139 1053 2196 Sancta
1066 2137 1195 2194 Trinitas
1210 2135 1347 2192 miserere
1360 2134 1455 2192 nobis.

750 2227 856 2298 [servet
945 2228 998 2295 Qui
1015 2244 1046 2284 es
1061 2226 1158 2282 trinus
1173 2228 1202 2281 et
1217 2241 1294 2281 unus
1309 2224 1387 2280 Dcus
1401 2223 1539 2280 miserere
1554 2213 1650 2282 nobis.

61 2316 99 2373 Ut
112 2317 247 2372 Ottenem
264 2331 361 2388 regem
377 2317 406 2370 et
420 2314 485 2386 ejus
500 2313 658 2370 exercitum
669 2314 811 2371 Dominus
824 2332 891 2371 eon·
945 2318 1053 2374 Sancta
1067 2315 1155 2388 Virgo
1170 2314 1317 2387 virginum
1333 2329 1385 2369 ora
1399 2330 1451 2387 pro
1467 2312 1561 2370 nobis.

751 2406 856 2476 [servet
945 2408 975 2463 S.
992 2403 1136 2463 lllicbahel
1152 2421 1203 2460 ora
1218 2419 1269 2476 pre
1284 2402 1379 2459 nobis.

62 2494 100 2550 Ut
114 2512 166 2567 per
183 2496 275 2550 totum
292 2493 391 2549 orbem
418 2491 575 2550 aeclesiam
600 2497 732 2549 sanctam
751 2494 891 2551 Dominus
945 2498 976 2553 S.
993 2493 1141 2553 Gabrilrel.
1157 2493 1224 2550 Ora.

695 2585 856 2654 [correervet
945 2587 975 2642 S.
993 2582 1154 2658 Napbahel.
1171 2582 1237 2639 Ora.

247 2673 342 2728 Preces
356 2680 420 2728 orate
433 2671 530 2728 ultore.
547 2673 642 2728 Primo
658 2672 711 2728 die.
945 2676 974 2732 S.
991 2674 1129 2730 loannes.
1147 2671 1212 2728 Ora.

63 2762 233 2818 Clamcmus
249 2777 350 2816 omnes
366 2778 425 2816 una
438 2777 506 2817 uoce
521 2759 643 2817 Domine
658 2759 805 2817 miserere.
946 2765 976 2820 S.
993 2763 1086 2820 Petro.
1103 2762 1168 2818 Ora.

62 2853 189 2925 Deipara
204 2850 288 2907 nobis
304 2853 349 2906 est
363 2851 421 2906 vita
437 2853 535 2906 nostra
550 2849 671 2906 Domine
689 2849 836 2907 miserere.
945 2855 974 2911 S.
993 2851 1090 2909 Paule.
1107 2851 1173 2908 Ora.

61 2943 223 3000 Precamur
237 2938 349 2995 excelse
364 2939 452 2994 ssdem
468 2939 574 3013 largire
590 2937 709 2994 Domine
724 2939 872 2996 miserere.
946 2944 976 3000 S.
993 2943 1117 2998 Andron.
1135 2940 1200 2997 Ora.

62 3033 226 3088 curvamur
240 3028 366 3102 peccatis
382 3029 577 3101 opprimimur
599 3028 686 3086 malis
701 3029 821 3087 Domine
836 3028 890 3086 mi·
946 3032 976 3088 S.
992 3031 1151 3088 lohannes.
1168 3029 1234 3085 Ora.

99 3135 207 3177 serere.
946 3122 976 3178 S.
992 3120 1107 3176 Jacobs.
1123 3119 1189 3175 Ora.
1441 3171 1443 3174 .

62 3209 175 3267 Delicta
189 3205 253 3264 dclc
269 3223 371 3281 pacem
387 3209 513 3264 concode
528 3207 646 3264 Domine
662 3206 810 3265 miserere.
906 3178 928 3246 C
947 3212 1055 3268 Omnes
1071 3207 1165 3264 suncti
1180 3206 1321 3280 Apostoli.
1338 3206 1433 3264 Orate.

63 3297 203 3354 Dscclsus
219 3296 330 3370 respice
345 3296 412 3369 pius
428 3295 547 3369 indulge
561 3296 682 3352 Domine
698 3297 845 3355 miserere.
947 3301 1055 3356 Omnes
1070 3297 1163 3354 saneti
1179 3294 1379 3370 Evangelistae.
1391 3295 1486 3352 Orate.

62 3385 194 3462 Flagella
209 3402 321 3442 remove
336 3384 451 3442 reniam
468 3385 563 3442 tribue
577 3386 638 3442 Due
654 3386 801 3443 miserere.
947 3389 1056 3446 Omnes
1128 3386 1166 3442 cti
1182 3384 1329 3458 discipuli.
1346 3385 1442 3440 Orate.

62 3475 175 3533 Exaudi
191 3493 244 3531 uos
260 3475 344 3531 Pater
359 3475 405 3547 pie
421 3475 543 3530 Domine
560 3475 709 3531 miserere.
947 3479 976 3535 S.
992 3405 1146 3553 δῶκε.
1164 3476 1221 3531 Ora
1235 3490 1287 3546 pro
1302 3472 1396 3529 nobis.

61 3567 147 3622 Nunc
163 3569 193 3620 et
206 3564 235 3620 in
252 3581 344 3621 avum
361 3562 440 3620 salva
455 3564 598 3620 mundum
615 3569 675 3621 Dne
690 3565 836 3622 miserere.
946 3569 976 3624 S.
994 3565 1141 3623 Laurenti.
1159 3564 1225 3620 Ora.

63 3656 212 3728 llymnum
228 3653 361 3709 dicamus
375 3651 428 3709 tibi
444 3653 504 3725 Xpe
519 3652 581 3709 Due
597 3653 744 3710 miserere.
946 3657 976 3713 S.
994 3654 1137 3711 Vincenti.
1155 3654 1222 3710 Ora.

62 3743 163 3802 Gloria
178 3741 230 3799 tibi
243 3745 350 3798 aterne
366 3741 442 3798 Patri
468 3742 529 3798 Due
551 3741 699 3798 miserere.
714 3742 891 3801 Clamemus.
947 3746 977 3802 S.
994 3743 1107 3817 Georgi.
1123 3744 1190 3798 Ora.

363 3832 395 3887 la
409 3831 596 3888 dioscuriade.
947 3834 977 3890 S.
997 3834 1067 3889 vite.
1083 3832 1149 3888 Ora.

62 3920 128 3980 Tibi
142 3920 209 3977 laus
223 3918 276 3975 tibi
294 3918 386 3993 gloria
401 3918 453 3976 tibi
468 3919 630 3993 gratiarum
652 3920 727 3978 actio
741 3920 771 3977 in
787 3920 894 3978 sucula
913 3918 919 3927 ‘
947 3924 977 3979 S.
993 3920 1137 3978 Pancrati.
1154 3920 1219 3977 Ora.

100 4009 291 4083 sempiterna.
308 4008 330 4065 O
346 4009 430 4066 beuta
445 4009 582 4066 Trinitas.
947 4011 976 4067 S.
992 4010 1112 4067 Albane.
1129 4010 1196 4066 Ora.

64 4100 103 4157 Te
120 4099 301 4167 invocamus,
314 4103 341 4154 te
357 4100 527 4168 adoramus,
538 4102 566 4155 te
586 4099 754 4156 laudamus.
771 4099 793 4156 O
808 4102 894 4157 beata
947 4101 1055 4157 Omnes
1070 4096 1164 4155 saneti
1180 4098 1331 4171 Martyres.
1349 4096 1444 4153 Orate.

98 4186 237 4244 Trinitas.
947 4190 977 4246 S.
994 4188 1140 4245 Silvester.
1157 4186 1214 4244 Ora
1228 4204 1279 4260 pre
1296 4186 1389 4243 nobis.

64 4276 177 4334 llxaudi
191 4276 301 4334 Exaudi
318 4275 428 4332 Exaudi
445 4277 467 4332 O
483 4277 568 4332 beata
583 4276 722 4334 Trinitas.
947 4279 977 4334 S.
994 4277 1126 4333 Martiae.
1143 4278 1210 4332 Ora.

66 4365 169 4423 Libera
190 4382 254 4433 nes,
271 4364 350 4421 salva
376 4383 439 4435 nos,
453 4362 586 4438 justifica
609 4382 673 4422 nos.
690 4367 811 4424 Oheata
827 4366 891 4423 Tri·
946 4367 976 4423 S.
994 4366 1124 4440 Gregori.
1142 4367 1208 4422 Ora.

101 4454 188 4511 uitas.
947 4457 977 4513 S.
993 4455 1156 4513 Benedicta.
1172 4455 1238 4512 Ora.

66 4546 144 4618 Auge
159 4543 190 4600 in
206 4542 291 4600 nobis
308 4543 406 4613 fidem,
419 4560 493 4618 auge
513 4561 606 4617 spem,
621 4561 694 4618 auge
709 4544 891 4603 charitatem.
910 4553 934 4618 Β
950 4547 1058 4602 Omnes
1073 4544 1166 4602 sancti
1181 4544 1375 4601 consessores.
1392 4540 1487 4597 Orate.

98 4633 122 4690 O
137 4633 224 4690 beata
237 4632 376 4691 Trinitas.
948 4635 1057 4690 Omnes
1071 4633 1164 4690 saneti
1180 4631 1324 4689 Monaebi.
1338 4629 1432 4686 Orate.

385 4725 416 4779 la
431 4721 578 4780 distortio.
947 4723 976 4780 S.
995 4722 1138 4780 Felicitas.
1155 4721 1221 4778 Ora.

64 4811 155 4871 Aufer
168 4828 186 4867 a
198 4810 282 4868 nobis
293 4811 464 4885 iniquitates
480 4816 607 4883 nostras,
619 4817 651 4869 ut
664 4830 829 4869 mercamur
843 4830 894 4885 pu·
947 4813 977 4868 S.
993 4812 1145 4884 Perpetua.
1160 4810 1227 4866 Ora.

97 4899 140 4956 ris
155 4898 305 4956 mentibus
321 4899 441 4957 introire
456 4901 492 4956 ad
508 4905 610 4957 sancta
625 4905 802 4957 sanctorum.
948 4900 977 4957 S.
994 4899 1117 4973 Agatha.
1132 4898 1198 4955 Ore.

63 4987 176 5045 Exaudi
191 4989 296 5046 exaudi
312 4989 416 5045 exaudi
433 5005 532 5062 preces
549 4993 674 5058 nostras,
688 4993 789 5046 saneta
803 4988 894 5046 llaria
948 4989 978 5046 S.
995 4987 1189 5062 llargaretha.
1208 4986 1275 5043 Ora.

99 5094 153 5134 ora
167 5094 220 5151 pro
235 5077 331 5134 uobis.
948 5078 1056 5135 Omnes
1071 5081 1178 5133 sunctae
1193 5075 1338 5150 Virgines,
1355 5074 1452 5132 Orate.

61 5166 216 5234 Miserere,
231 5165 381 5238 miserere,
395 5167 534 5225 miserere
554 5166 663 5241 popule
679 5172 729 5225 tuo
745 5185 832 5241 quem
849 5184 893 5224 rc·
947 5170 1056 5226 Omnes
1070 5165 1179 5223 Sancti.
1196 5168 1292 5222 Orate.

100 5254 229 5312 d‘emisti.
949 5256 1078 5314 Gratiam
1094 5263 1176 5312 tuam
1192 5255 1315 5312 concede
1331 5253 1415 5311 nobis
1429 5253 1489 5309 Dne
1504 5256 1590 5307 Deus.

60 5343 180 5401 Christe
196 5344 340 5418 sanguine
355 5350 416 5414 tuo,
432 5362 468 5402 ne
487 5345 516 5401 in
533 5350 675 5403 aternum
691 5345 827 5402 irascaris
842 5361 894 5401 no·
948 5346 1080 5403 Salutem
1096 5349 1125 5403 et
1139 5345 1294 5402 sanitatem
1309 5343 1387 5399 dona
1401 5340 1496 5397 nobis.

101 5432 160 5489 bis·
948 5433 1031 5492 beris
1046 5433 1216 5507 temperiem
1232 5432 1338 5489 bouum
1354 5430 1479 5487 cencede
1492 5427 1587 5486 uobis.

420 5541 546 5580 amarus.
948 5524 991 5579 Ab
1007 5523 1136 5580 inimicis
1151 5522 1212 5579 nris
1227 5524 1308 5578 tuere
1324 5537 1378 5577 uos
1393 5522 1463 5576 Dus.

66 5610 206 5669 Dicamus
221 5628 323 5671 omnes
338 5612 461 5672 Domine
479 5611 626 5672 miserere.
949 5613 1097 5671 Gaudium
1111 5617 1139 5671 et
1153 5628 1254 5686 pacem
1270 5612 1347 5668 dena
1361 5608 1447 5668 uobis
1460 5607 1532 5669 une.
