3878 6098
104 304 181 366 l25³

698 302 977 369 MARTYROLOG.
1001 306 1219 370 ANTISSIOD.

1730 313 1808 375 titt
1821 303 1823 306 ⁴

179 437 257 495 Otirt
282 436 351 492 Milo
382 437 544 510 latensque·
572 437 645 493 clerlit
672 437 931 510 [rolrihnsnloclarn
947 410 979 503 Α·
1024 439 1185 494 comediam
1201 438 1297 495 annale
1309 439 1463 495 SNululin
1477 440 1573 496 uxoris
1587 445 1677 498 sancti
1690 446 1808 504 Adriani

139 543 230 593 saorra,
246 529 295 599 orti
314 527 433 598 conjacet
447 529 477 583 in
490 527 557 583 oilla
573 529 712 584 Colonicos
725 544 807 599 snper
815 529 932 598 daritiam

140 615 288 672 senodum.
316 616 416 672 Eochm
443 616 487 673 die
517 616 671 674 Goscelinns
703 617 784 688 lrojns
811 617 932 675 ecclesia:

138 705 286 760 cononicis
300 712 326 760 ct
340 704 458 761 dnonas
472 706 549 771 ohiit,
565 706 615 778 qai
626 720 677 777 pro
691 704 809 761 remedio
828 707 932 763 animae

137 809 198 851 sace
211 792 322 849 domam
336 810 415 849 snam
429 811 491 849 cnm
506 795 593 849 rvirreis
606 795 664 850 sais
682 795 821 850 cononicis
844 794 929 862 dedit,

138 891 169 938 at
183 884 212 938 in
228 882 272 939 die
286 885 473 939 anniversarii
494 883 553 955 eins
576 885 606 939 in
629 884 772 955 refectorio
788 883 826 955 (5)
839 885 930 955 refice·

139 980 243 1028 rentur.
260 973 318 1044 lpse
333 988 395 1027 nero
409 971 444 1026 od
458 973 556 1028 musas
570 971 745 1028 celebrandos
766 988 816 1045 pro
830 972 931 1044 defun

1021 528 1170 601 nrsrtyris

1058 616 1130 673 Obiit
1155 618 1312 688 tentans-ins
1335 617 1477 685 diaconas,
1502 621 1551 691 qui
1574 620 1647 677 dedit
1669 624 1746 679 nohis
1770 628 1809 682 ri·

1020 719 1102 760 neom
1116 707 1145 760 in
1162 706 1230 774 nilla
1243 705 1404 777 Siplinioco.
1422 706 1521 763 Eodem
1535 709 1580 766 die
1589 712 1727 770 ordinatio
1740 714 1813 770 dom·

1021 794 1053 848 ni
1067 792 1198 865 (lanfredi
1216 797 1347 867 episcopi.
1365 795 1464 852 Eodem
1486 797 1530 854 dte
1555 800 1652 856 l'ilotis
1676 804 1813 861 Autissio-

1020 880 1142 938 dorensis
1156 884 1281 941 ecclesiae
1296 883 1414 941 meantes
1428 889 1468 941 esl-
1482 888 1557 943 niam
1570 891 1709 948 nniocrsae
1722 895 1815 949 cornis

1020 986 1169 1041 oppressas.

137 1062 189 1116 ctis
201 1059 275 1133 opad
288 1069 415 1117 sanctam
431 1059 593 1117 Clementem
604 1062 749 1134 propriam
767 1061 932 1119 sacerdotem
986 1057 1024 1113 lV
1038 1058 1136 1116 Nonas
1152 1061 1397 1118 Decemb.Netale
1409 1068 1508 1121 sanate
1523 1066 1649 1123 Viviann
1665 1071 1813 1144 martyris,

1020 1151 1050 1205 et
1064 1149 1114 1205 SS.
1130 1154 1293 1224 martyram
1320 1152 1420 1208 Fausti
1447 1159 1476 1210 et
1499 1155 1626 1212 Dalrosre
1651 1158 1716 1214 utin
1739 1162 1814 1232 ejus.

140 1167 204 1204 cnm
217 1149 321 1207 dnobus
334 1152 464 1222 arpennis
479 1151 622 1205 vinearum
636 1152 786 1218 constitnit,
802 1158 828 1207 et
842 1152 873 1206 in
887 1167 930 1208 re·

138 1240 316 1310 protensione
329 1247 356 1294 et
371 1239 399 1294 in
426 1238 548 1294 custodia
570 1239 688 1311 capitoli
709 1256 771 1296 enm
786 1240 929 1296 stabilivit.

143 1326 225 1384 Dedit
237 1329 320 1384 etiarn
334 1328 462 1400 preterca
471 1329 593 1385 ecclcsioe
608 1331 794 1384 uestimentum
809 1331 932 1386 sacerdo-

1022 1238 1087 1310 lpso
1103 1239 1149 1296 die
1165 1240 1262 1312 passio
1277 1241 1328 1297 SS.
1344 1241 1411 1297 Veri
1427 1245 1455 1298 et
1470 1243 1581 1313 Securi,
1593 1246 1643 1318 qui
1654 1250 1731 1320 apud
1742 1250 1817 1305 Asri·

1022 1343 1085 1382 cam
1102 1328 1241 1401 martyrio
1257 1330 1385 1386 coronati
1403 1336 1483 1387 sunt.

141 1418 205 1483 tole,
221 1418 331 1472 nrissale
347 1417 480 1489 optimam
494 1433 556 1472 cum
569 1416 692 1488 predata,
709 1419 821 1474 cetram
836 1435 932 1490 arpen·
987 1414 1024 1469 Ill
1040 1417 1138 1473 Nonas
1154 1418 1376 1491 Decemb.Tingi
1394 1420 1545 1493 metropoli
1559 1423 1739 1482 Mauritaniae
1751 1427 1818 1485 Tin-

140 1511 213 1560 tenm
226 1521 288 1561 earn
302 1504 411 1560 canales
423 1506 568 1575 arpenna,
584 1508 611 1558 et
626 1506 665 1560 ita
680 1513 804 1561 ornatam
819 1507 932 1579 reliquit

138 1593 289 1650 ecclesiam.

103 1682 143 1740 Vl
158 1682 278 1740 Kalend.
295 1682 430 1739 Decemh.
447 1682 549 1738 Natale
561 1683 590 1737 S.
608 1682 670 1737 Lini
686 1699 767 1755 papa
780 1687 809 1739 et
825 1690 932 1759 marty-

142 1772 193 1840 ris,
211 1771 261 1844 qui
275 1776 341 1844 post
355 1771 473 1827 beatum
494 1770 610 1826 Petrum
633 1771 747 1843 primus
772 1773 933 1830 Romanam

144 1857 295 1916 ecclesiam
316 1859 409 1915 tenuit
433 1876 526 1916 annos
550 1876 734 1926 x11,·menses
748 1878 790 1930 ιιι,
807 1862 869 1919 dies
884 1880 935 1930 ιιι,

145 1952 173 2004 et
187 1948 326 2022 martyrio
342 1952 498 2005 coronatus
513 1947 648 2020 sepultus
661 1952 707 2005 est
731 1949 760 2005 in
784 1949 934 2007 Vaticano.

1023 1503 1128 1578 &tana
1153 1505 1249 1562 natale
1271 1507 1300 1562 S.
1317 1506 1448 1563 Cassiani
1474 1512 1621 1583 martyris.
1638 1515 1745 1572 Eodem
1771 1517 1818 1573 die

1024 1593 1074 1649 SS.
1092 1599 1255 1668 martyrum
1271 1595 1383 1651 Claudii
1400 1596 1558 1663 tribuni,et
1573 1601 1673 1656 uxoris
1688 1604 1754 1675 eJus
1771 1606 1817 1661 lli-

1022 1679 1113 1750 lnrin,
1130 1698 1163 1737 ac
1178 1680 1306 1738 filiorum
1322 1683 1456 1741 lassonis
1470 1687 1498 1740 et
1513 1686 1606 1742 Mauri
1630 1692 1659 1743 et
1672 1707 1725 1746 anx
1741 1693 1819 1747 naiti-

1026 1773 1100 1837 tum,
1113 1771 1162 1843 qai
1178 1787 1281 1828 omnes
1304 1772 1340 1827 ad
1367 1773 1604 1844 pradicationem
1619 1778 1648 1832 S.
1666 1774 1821 1852 chrysanti

1028 1858 1218 1915 crediderunt
1232 1859 1356 1916 Christo.

1063 1945 1136 2003 Obiit
1149 1946 1224 2004 aeos
1238 1950 1388 2021 episcopas.

144 2039 228 2112 Apud
243 2037 449 2095 Alexandriam
473 2038 569 2095 natale
584 2039 634 2095 SS.
650 2042 812 2112 martyrum
838 2041 937 2097 Fausti
994 2035 1017 2092 ll
1033 2036 1130 2092 Nonas
1159 2037 1295 2094 Decemh.
1324 2038 1419 2094 Reme
1448 2038 1554 2095 natalis
1582 2042 1632 2099 SS.
1660 2050 1821 2120 martyrum

151 2128 321 2201 presbyteri,
337 2130 365 2184 et
379 2127 436 2195 Dii,
453 2131 481 2184 et
495 2126 653 2183 Ammonii.
669 2127 774 2185 nedem
798 2129 845 2185 dio
860 2130 938 2186 beati

150 2215 305 2273 Alexandri
322 2216 459 2290 martyris
474 2221 502 2272 et
516 2216 655 2289 episcopi.
668 2216 698 2272 ln
715 2232 789 2290 pago
804 2216 937 2274 Avolensi

147 2304 245 2360 natale
256 2304 463 2378 S.Magnentiae
479 2303 609 2378 virginis.
623 2305 829 2377 augustiduno
844 2306 940 2364 natale

146 2394 176 2450 S.
192 2393 338 2450 Amatoris
352 2393 479 2467 episcopi
496 2397 524 2449 ct
539 2393 724 2450 contessoris.

111 2484 148 2539 V.
166 2483 228 2538 Kal.
244 2483 378 2540 Decemb.
390 2483 472 2555 Apud
489 2482 648 2538 Bononiam
665 2482 753 2539 ltalia
769 2485 871 2541 urbem
889 2503 940 2542 na·

151 2571 208 2628 tale
223 2571 274 2628 SS.
292 2576 453 2643 martyrum
469 2569 573 2627 Vitalis
597 2575 626 2626 et
648 2570 798 2644 Agricolae,
814 2578 880 2644 post
893 2591 941 2630 va·

153 2662 197 2716 ria
211 2665 355 2717 tormenta
370 2659 622 2721 crucifixorumln
640 2658 743 2716 Galliis
758 2661 872 2719 civitate
887 2663 943 2719 lle-

151 2750 233 2824 gensi
249 2749 346 2806 natale
361 2750 390 2806 S.
408 2747 558 2805 Maximini
575 2748 703 2820 episcopi
715 2753 744 2804 et
755 2750 942 2808 confessoris.

190 2838 286 2895 Eodem
299 2839 344 2895 die
358 2840 427 2895 ohiit
445 2838 581 2896 lohannes
602 2837 725 2894 sacerdos
748 2843 775 2894 et
797 2843 944 2898 canonicas

153 2929 235 2998 trojus
247 2928 369 2985 ecclesiae
389 2931 485 2983 cantor
508 2927 639 2992 ceincias,
656 2927 705 2998 qni
727 2926 802 2983 dedit
824 2930 946 2988 ecclesiae

153 3021 256 3074 nostroe
278 3032 313 3072 ee
337 3017 417 3072 litoris
440 3018 499 3073 sais
523 3016 754 3083 misericornia,
778 3019 944 3091 antiphona·

1027 2125 1260 2199 symphroniiet
1274 2125 1400 2200 Olympii
1427 2129 1609 2200 temporibus
1632 2132 1779 2191 Valeriani
1794 2153 1823 2209 et

1029 2213 1152 2271 Gallieni
1169 2215 1393 2286 imperatorum.
1413 2216 1444 2271 ln
1460 2218 1556 2275 Africa
1579 2221 1629 2276 SS.
1645 2223 1821 2297 Armagasti‚

1029 2307 1057 2358 cl
1072 2303 1275 2371 Archinimi,et
1286 2305 1444 2378 Satyri‚qui
1455 2322 1520 2361 cum
1533 2314 1630 2364 essent
1640 2309 1823 2370 lucidissima

1031 2394 1163 2449 rnenrhra
1178 2392 1306 2450 ccclesiae
1322 2393 1437 2463 Christi,
1454 2411 1506 2466 pro
1521 2398 1702 2456 consessione
1716 2401 1823 2459 venta·

1031 2481 1069 2538 tis
1085 2482 1223 2539 molinet
1238 2483 1338 2556 gravia
1353 2484 1483 2557 perpessi
1506 2486 1651 2559 supplicia
1673 2494 1760 2562 atque
1772 2507 1823 2564 op·

1031 2572 1149 2642 probriu
1165 2572 1202 2627 nh
1217 2570 1360 2639 Arrianis,
1380 2589 1502 2628 cursum
1518 2573 1636 2646 gloriosi
1656 2579 1825 2636 certaminis

1037 2659 1276 2733 impleveruntilt
1288 2660 1316 2715 in
1330 2661 1464 2717 Lauditia
1479 2667 1646 2720 sanctorum
1664 2665 1825 2740 Metropoli,

1034 2749 1146 2806 Felicis.
1694 2789 1701 2798 .
1731 2773 1739 2779 ·

1069 2840 1129 2910 ipso
1144 2838 1189 2894 dic
1203 2838 1273 2894 obiit
1286 2839 1441 2910 Stephanus
1453 2843 1542 2896 sancti
1564 2842 1696 2915 Stephani
1715 2859 1825 2917 pra’po·

1033 2929 1101 2983 situs
1125 2935 1150 2982 et
1176 2927 1299 2984 socer-clos
1327 2930 1462 2999 egregins,
1479 2945 1583 2987 menon
1613 2940 1639 2988 et
1665 2930 1826 2991 divinornm

1034 3017 1241 3088 Scriptnrornm
1255 3015 1346 3072 doctor
1357 3018 1486 3073 erimine.

155 3107 240 3172 rinna
257 3104 379 3177 prodole,
395 3106 585 3178 hymnarium,
600 3106 755 3176 prosarium
769 3109 946 3179 optimumst
999 3105 1096 3160 Nonas
1118 3104 1303 3161 Decemb.·1u
1318 3104 1416 3161 Airica
1439 3106 1516 3178 apud
1540 3106 1689 3165 Coloniam
1714 3111 1826 3168 Theba-

154 3197 184 3250 in
201 3195 312 3252 Aroloco
335 3195 403 3251 cilia
417 3193 490 3250 dedit
503 3193 638 3266 [ratribus
652 3194 744 3251 domos
758 3203 859 3257 snoset
871 3176 984 3270 pote-C
1039 3194 1148 3250 stiuam
1178 3193 1315 3250 natales.
1332 3193 1472 3267 Crispina
1487 3200 1633 3269 martyris.
1649 3200 1756 3256 Eodem
1780 3200 1828 3258 die

155 3283 223 3355 qaid
246 3285 329 3340 etiam
353 3284 530 3355 proprietatis
553 3283 653 3340 habere
676 3284 829 3354 ridebatur,
845 3286 880 3343 od
902 3291 948 3346 sni

152 3374 314 3429 maneriam
327 3372 512 3429 recolendam.

117 3463 155 3519 lv
171 3461 232 3517 Kal.
249 3461 384 3518 Decemh.
400 3461 500 3519 Natale
515 3461 545 3518 S.
561 3461 700 3518 Susianos
724 3462 860 3536 discipuli
878 3482 947 3538 apo·

154 3549 307 3607 stolorum.
324 3551 436 3608 Eodem
461 3552 508 3607 die
524 3551 553 3608 S.
573 3551 637 3615 [lull
661 3553 806 3625 martyris.
821 3553 887 3626 Ipso
901 3554 948 3610 die

1036 3283 1066 3338 in
1084 3282 1167 3339 ltalia
1181 3282 1278 3339 natale
1294 3283 1428 3340 Dalmatii
1446 3286 1728 3358 martyris'lreriris
1741 3288 1825 3344 arli-

1037 3372 1102 3428 cetii
1117 3372 1245 3444 episcopi
1259 3376 1289 3428 et
1302 3372 1487 3429 contessoris.

1074 3462 1205 3519 Ohicrnnt
1228 3462 1419 3517 lirrrtenlrertas
1445 3469 1609 3533 prepositos
1635 3469 1662 3521 et
1688 3464 1779 3533 heito,
1800 3469 1827 3522 et

1036 3549 1172 3606 Arnotdns
1185 3551 1337 3606 vicecomes.

154 3637 257 3711 Papini
274 3642 302 3694 et
317 3638 462 3695 Mansueti
477 3639 682 3712 episcoporum
699 3655 766 3695 cum
789 3640 855 3698 aliis
871 3641 947 3697 mul·
1002 3639 1065 3695 vllt
1078 3639 1147 3695 ldus
1164 3637 1402 3695 liccemhMolnle
1417 3637 1492 3694 beati
1507 3639 1627 3696 Nicolnii
1638 3641 1766 3715 episcopi
1777 3642 1828 3700 Mi·

155 3727 203 3795 tis,
220 3727 269 3800 qni
286 3743 319 3783 eo
335 3731 464 3800 tempore
480 3728 559 3800 passi
576 3728 762 3784 sunt.anae
773 3729 802 3784 S.
818 3729 949 3803 Gregorii

155 3833 236 3890 papre
253 3817 356 3890 lll‚qui
369 3817 441 3872 rexit
451 3815 603 3873 ecclesiam
619 3816 705 3871 annis
717 3817 949 3877 x.Autissiodero

155 3904 308 3962 translatio
323 3904 418 3961 sancti
434 3904 532 3978 Vigilii
547 3904 675 3978 episcopi
691 3911 719 3960 et
734 3907 880 3981 martyris.

120 3995 168 4052 lll.
185 3993 306 4057 Kalend.
330 3993 466 4050 Decemb.
493 3993 600 4066 vigilia
623 3994 652 4049 S.
668 3994 788 4050 Andreae
814 3997 947 4069 apostoli.

157 4084 253 4140 llomae
270 4082 365 4139 natale
380 4083 409 4139 S.
427 4081 578 4138 Saturnini
595 4083 743 4155 martyria,
758 4087 787 4140 et
799 4084 905 4142 Sennis
921 4091 950 4143 et

156 4172 276 4229 sisinnii
306 4172 497 4229 diaconorum
522 4176 551 4227 et
576 4176 748 4244 martyrum.
771 4173 880 4231 Eodem
903 4175 950 4232 die

1039 3745 1137 3784 rorum
1164 3725 1258 3783 Licin.
1284 3727 1367 3800 Apud
1392 3727 1517 3783 Alricnm
1542 3732 1588 3784 SS.
1606 3730 1828 3803 Dionysianlta-

1038 3818 1113 3884 vita,
1134 3816 1251 3873 Leontis
1278 3820 1306 3871 ct
1334 3816 1469 3873 llmiliaui
1497 3817 1614 3888 medici,
1644 3822 1672 3874 et
1700 3818 1827 3892 religiosi

1038 3906 1091 3961 siri
1108 3905 1260 3970 Noelercii‚
1276 3910 1304 3961 et
1319 3904 1469 3972 Bonilucii,
1486 3909 1515 3961 et
1534 3906 1622 3975 Servi,
1640 3911 1668 3963 et
1682 3906 1828 3975 viatricis,

1039 3999 1067 4052 et
1082 3995 1213 4068 Majorici
1238 3993 1442 4063 adolescentis,
1464 3994 1515 4068 qui
1539 4011 1641 4052 omnes
1666 3996 1830 4054 innumeris

1040 4083 1192 4158 suppliciis
1207 4082 1362 4140 excruciati
1368 4084 1578 4151 ,conlesscrum
1590 4084 1697 4141 Christi
1707 4102 1829 4142 numera

1039 4172 1143 4229 sociari
1158 4174 1339 4227 meruerunt.

156 4261 235 4334 apud
259 4259 396 4317 Tolosam
421 4260 518 4316 natale
541 4259 571 4316 S.
595 4259 746 4316 Saturnini
770 4261 897 4334 episcopi
921 4268 950 4321 et
1004 4261 1055 4316 vu
1069 4261 1138 4317 ldus
1154 4260 1378 4332 DecembApud
1393 4260 1597 4319 Alexandriam
1614 4261 1690 4317 beati
1704 4261 1829 4334 Agatho·

157 4367 186 4405 m
207 4354 233 4405 rt
255 4348 279 4405 ri
300 4393 307 4406 .

124 4367 224 4495 Pridie
235 4366 537 4496 haiendltecembdn
548 4437 664 4495 civitate
679 4439 780 4497 Patras
794 4441 949 4512 provincie

156 4526 273 4584 Achate
289 4527 384 4584 natale
401 4527 432 4584 B.
440 4527 559 4583 Andron
574 4527 762 4602 apostoli‚qui
773 4530 860 4589 etiam
873 4531 949 4604 apud
965 4549 989 4615 D

157 4615 308 4690 Scythiam
322 4615 498 4689 predicavit.
515 4617 599 4688 Apud
612 4616 774 4674 sanctonas
789 4619 819 4675 S.
831 4620 949 4690 'l'rcjani

157 4704 416 4779 episcopimagna
429 4702 548 4759 virtutis
562 4709 591 4760 et
606 4705 772 4763 sanctitatis
785 4708 950 4765 viriltomn

158 4792 188 4847 in
204 4791 351 4851 cimiterio
367 4793 443 4867 apud
459 4794 577 4851 Guttam
592 4793 622 4849 S.
639 4793 759 4849 Gaetuli.

434 4887 638 4947 amaneus.

121 4967 243 5028 Kalend.
268 4970 404 5027 Decemb.
428 4971 524 5027 Rome
549 4969 646 5043 passio
669 4969 721 5027 SS.
743 4971 898 5044 chrysanti
924 4977 953 5029 et

158 5058 250 5115 Dariae
273 5058 407 5133 virginis.
426 5059 458 5116 la
482 5058 580 5115 Africa
602 5059 699 5116 natale
722 5059 772 5116 SS.
789 5065 951 5135 martyrum

159 5145 262 5218 Papini
276 5151 305 5203 et
318 5147 464 5204 Mansueti
480 5147 694 5221 episcoporum.
706 5149 788 5221 Apud
804 5149 950 5207 civitatem

159 5234 343 5308 Maguutiam
357 5236 436 5293 beati
450 5235 556 5293 Albani
572 5237 717 5310 martyris.
736 5237 842 5295 Eodem
858 5238 904 5294 die
919 5238 949 5295 S.

158 5321 242 5396 arigii
257 5322 461 5382 Naviomeneis
474 5323 616 5398 episcopi.
632 5326 712 5398 Apud
729 5325 882 5383 Bizantum
901 5327 949 5383 Ni·

1040 4350 1087 4405 nis
1102 4347 1240 4423 martyris
1254 4349 1309 4405 sub
1330 4349 1414 4405 Decio
1438 4350 1621 4422 imperatore.
1637 4349 1718 4420 Apud
1743 4352 1830 4404 Sanc·

1040 4444 1126 4495 tonas
1142 4438 1218 4496 beati
1234 4436 1352 4494 Martini
1368 4436 1493 4505 abbatis,
1509 4436 1646 4509 discipuli
1662 4435 1738 4492 henli
1753 4435 1830 4492 Mar·

1041 4527 1094 4585 tini
1109 4528 1260 4584 'laconica
1276 4525 1358 4581 urbis
1373 4523 1512 4596 episcopi,
1529 4523 1577 4597 qui
1597 4523 1628 4579 in
1653 4524 1830 4582 monasterio

1041 4618 1118 4690 quod
1133 4617 1195 4687 ipse
1211 4612 1362 4673 cdisscavit
1376 4612 1404 4667 ia
1421 4628 1492 4684 paee
1511 4611 1644 4685 quiescit.
1662 4612 1768 4669 Eodem
1784 4612 1831 4669 die

1041 4706 1071 4761 in
1087 4704 1236 4776 spolitana
1250 4701 1322 4758 urhe
1336 4705 1363 4755 S.
1381 4699 1480 4755 Sabini
1496 4699 1624 4773 episcopi
1640 4706 1669 4757 et
1682 4700 1828 4775 martyris.

1042 4793 1073 4849 ln
1089 4809 1163 4865 pago
1177 4788 1334 4847 Mellieensi
1351 4791 1458 4844 sancta
1473 4788 1551 4844 Fara
1567 4789 1697 4862 virginis.

1005 4882 1042 4936 Vl
1059 4881 1128 4937 ldus
1144 4879 1277 4935 Dacfflnb.
1292 4878 1390 4933 Romen
1415 4876 1512 4934 natale
1525 4880 1553 4932 S.
1570 4877 1733 4933 Eutichiani
1749 4891 1830 4949 pape

1042 4973 1069 5027 el
1085 4968 1232 5042 martyris,
1246 4966 1295 5040 qui
1309 4965 1411 5038 etipse
1425 4982 1477 5039 per
1498 4966 1612 5021 diversa
1634 4965 1697 5020 loca
1722 4979 1831 5021 ccexmr

1041 5063 1185 5132 martyres
1199 5073 1288 5111 manu
1304 5071 1360 5112 sun
1373 5054 1515 5129 sepelivit.
1525 5052 1608 5125 Apud
1624 5051 1829 5108 Alexandriam

1042 5147 1180 5203 Macharii
1200 5144 1348 5218 martyris.
1364 5143 1395 5201 la
1419 5142 1563 5205 territoria
1588 5140 1718 5197 Dunensi
1742 5139 1831 5213 depo·

1040 5236 1107 5293 silio
1122 5240 1150 5291 S.
1165 5232 1305 5290 Leonardi
1322 5232 1420 5289 eximii
1433 5229 1618 5288 contessoris.

1004 5326 1029 5379 V
1044 5324 1113 5380 Idus
1129 5322 1263 5381 Decemb.
1279 5320 1380 5377 Natale
1394 5324 1422 5376 S.
1438 5317 1608 5376 Leuchadie
1621 5316 1830 5392 virginisque

158 5519 198 5594 (5)
213 5519 387 5581 Gonoelinus
402 5523 541 5592 decanus,
557 5524 643 5580 cu‘us
658 5522 712 5579 hac
738 5523 784 5581 die
799 5523 951 5598 consigna-
1005 5524 1101 5581 adhuc
1116 5521 1174 5579 vita
1188 5519 1354 5578 communis
1369 5518 1447 5574 inter
1466 5517 1624 5576 canonicos
1647 5516 1830 5578 Autissiodo-

121 5593 174 5660 tur
187 5592 298 5667 obitus,
313 5594 428 5658 vivebat
442 5612 519 5657 anno
535 5541 605 5658 troi
619 5603 648 5656 et
662 5594 742 5668 tter,
758 5613 817 5676 quo
834 5596 951 5674 rigebat
1004 5612 1115 5666 rennes,
1132 5599 1164 5654 ut
1178 5598 1258 5671 patet
1271 5608 1306 5651 ex
1320 5590 1374 5653 hcc
1389 5589 1462 5651 loco.
