3878 6098
108 292 167 351 osv
440 274 683 375 carnunto
706 285 799 346 sAEe.
823 284 859 342 x.
877 312 915 325 -
929 276 1180 342 manuninum
1202 281 1479 344 ntrnonlmm.
1757 283 1821 353 cau

109 430 175 489 otus
191 425 292 485 Petrus
313 423 393 491 dicit,
406 422 484 480 sicut
509 437 617 496 porcus
642 419 693 492 qni
716 435 747 474 se
772 416 848 473 lavat
858 416 891 450 ⁹⁶⁰
906 413 935 468 iu
949 414 978 481 A
993 418 1159 470 mentorum
1179 416 1388 488 experimenta,
1405 434 1516 473 morem
1538 421 1695 490 sequentes
1710 418 1819 489 prede

108 515 181 584 luto,
194 519 223 572 et
233 513 311 570 sicut
321 512 402 569 canis
414 512 465 585 qui
476 510 666 568 remanducat
675 507 818 564 vomitum
833 520 936 572 suum;
993 518 1142 560 sessorum
1159 506 1438 574 nostrorumsmeti
1454 505 1580 580 Spiritus
1590 505 1822 581 gratiuillustrus

109 584 137 667 et
149 604 252 665 timere
269 603 365 670 debet,
375 618 411 657 ne
425 600 504 674 ipsas
518 599 662 672 lacrymas
672 596 704 653 in
713 599 871 669 conspeetu
887 593 938 651 Dei
992 592 1026 660 ti,
1037 597 1137 650 contra
1151 612 1262 651 venena
1274 594 1384 652 diaboli
1398 594 1565 652 ministrare
1578 595 1750 655 curabimus
1760 613 1821 655 mo·

110 695 215 753 reddat
230 693 473 762 immundas,per
484 706 557 762 quus
575 686 711 743 mundari
731 685 855 759 potuita
871 700 937 757 pec·
993 681 1131 739 dieinaiia
1146 684 1279 741 antidota
1292 684 1412 740 Christi.

109 784 193 853 cutia:
206 785 274 852 Qun
289 779 493 846 condicimus,
505 782 538 834 ut
554 776 579 832 si
590 777 696 832 iterum
711 774 818 848 aliquis
830 774 938 830 cecide·
1028 773 1054 827 3.
1071 772 1225 829 Communi
1249 772 1356 846 placito
1380 774 1599 845 constituimus,
1616 779 1650 833 ut
1673 793 1767 849 usque
1782 777 1821 837 ud

112 851 151 930 rit
165 877 231 946 post
245 870 459 929 contessionem
485 869 513 923 iu
538 870 700 939 peecatum,
719 869 752 920 ut
767 865 795 919 in
811 862 938 936 pcccatis
993 861 1115 918 missam
1131 862 1224 918 saneti
1241 862 1376 937 Remigii,
1392 862 1422 918 id
1446 869 1490 920 est
1514 864 1658 923 Kalendas
1673 865 1818 938 Octobris,

111 961 197 1036 quusi
212 962 386 1034 desperatus
397 958 504 1029 iaceat.
518 956 567 1011 sed
579 959 639 1010 utu
653 956 780 1027 peccatis
793 956 937 1025 quantum
993 951 1121 1023 spatium
1139 951 1269 1025 habeant
1283 952 1325 1008 illi
1344 954 1394 1026 qui
1410 953 1440 1008 in
1456 954 1523 1010 istis
1550 954 1731 1027 temporibus
1745 956 1822 1015 istus

111 1053 252 1126 potestne
276 1052 386 1106 caveat.
403 1046 437 1102 Et
466 1045 489 1101 si
520 1044 677 1120 fragilitate
706 1042 851 1111 ceciderit,
869 1041 938 1114 quia
992 1041 1222 1113 depredationes
1237 1045 1266 1098 et
1280 1040 1339 1098 ulia
1352 1040 1506 1099 malesarta
1520 1042 1713 1101 crinrinuliter
1725 1049 1754 1102 et
1769 1062 1823 1119 pu·

110 1141 254 1213 scriptum
269 1141 314 1195 est
325 1154 331 1194 :
344 1135 483 1209 Numquid
506 1137 555 1208 qui
574 1134 648 1190 restit
663 1151 717 1189 aon
731 1134 842 1206 ortjiciet
856 1141 886 1189 ut
898 1147 939 1187 re·
993 1129 1066 1185 blico
1090 1131 1231 1199 lecerunt,
1248 1135 1281 1186 ut
1305 1130 1372 1187 inde
1387 1136 1416 1189 et
1430 1133 1463 1167 ⁹⁸²
1477 1133 1555 1206 apud
1571 1133 1662 1189 Deum
1688 1138 1716 1191 et
1739 1135 1825 1208 apud

109 1232 224 1300 turpat?
246 1226 333 1298 dicat,
359 1226 437 1281 dare
462 1227 540 1296 cepi,
566 1229 595 1280 et
620 1240 672 1297 por
700 1222 938 1279 immutationem
993 1234 1042 1276 uos
1058 1219 1166 1298 quibus
1179 1219 1255 1277 orale
1267 1222 1408 1290 iecerunt,
1419 1238 1449 1279 se
1460 1222 1623 1294 pacificent.
1636 1224 1671 1279 Et
1681 1223 1824 1296 quisquis

111 1321 235 1381 dexteru
251 1315 357 1376 excelsi
372 1331 490 1388 semper
510 1331 561 1387 per
576 1314 778 1386 paenitentiam
793 1314 936 1385 resurgat,
992 1308 1048 1365 hoe
1065 1325 1122 1363 non
1141 1309 1251 1379 iecerit,
1265 1311 1395 1366 bannum
1420 1316 1553 1369 nostrum
1569 1311 1725 1384 dupliciter
1739 1329 1821 1369 com·

111 1407 249 1475 ncillam
264 1405 386 1463 ultimus
401 1402 463 1461 dies
485 1403 515 1458 in
536 1402 663 1475 peccatis
678 1401 816 1472 inveniat,
832 1404 861 1456 et
875 1399 938 1456 sine
993 1402 1092 1470 ponat.
1104 1398 1222 1455 Scilicet
1236 1404 1269 1455 ut
1279 1401 1325 1436 ⁹⁸²²
1339 1399 1452 1472 quia⁰⁸³
1467 1405 1624 1474 postquam
1636 1400 1704 1459 illus
1713 1403 1760 1438 ω’·
1776 1419 1825 1460 ru·

111 1498 169 1557 dne
184 1494 317 1570 perditus
332 1493 394 1549 fiat.
993 1487 1079 1559 pinus
1094 1490 1122 1543 et
1137 1486 1194 1545 aliu
1209 1488 1364 1545 malefacta
1377 1489 1408 1545 in
1419 1489 1574 1559 Curisiaco,
1587 1494 1616 1546 et
1630 1496 1731 1564 postea
1742 1492 1827 1565 apud

146 1586 173 1651 2.
189 1584 273 1641 Unde
297 1583 368 1656 quia
392 1580 489 1637 solent
513 1579 630 1642 medici,
651 1580 768 1652 qnando
794 1576 939 1652 generalis
993 1575 1180 1633 Confluentes
1195 1595 1263 1633 cum
1278 1577 1384 1635 dilecto
1400 1579 1487 1634 tratre
1510 1583 1611 1636 nostro
1637 1579 1822 1653 illudowico,

110 1645 322 1735 infirmitas⁹⁸⁰'
333 1670 377 1727 vel
390 1670 511 1727 morbus
522 1668 551 1724 iu
563 1672 669 1724 terram
678 1667 765 1736 veuit,
772 1665 938 1740 generalem
950 1656 955 1665 ’
993 1665 1120 1738 glorioso
1136 1683 1213 1740 rege,
1225 1672 1253 1722 et
1263 1672 1366 1740 nepote
1383 1672 1482 1724 nostro
1495 1667 1658 1739 illothario,
1669 1669 1824 1736 forbanni-

112 1761 289 1827 medicinam
305 1760 457 1827 conficere,
474 1759 552 1813 unde
572 1773 674 1813 omnes
698 1755 812 1828 possint
826 1755 936 1820 sanari,
951 1783 977 1853 B
992 1753 1099 1822 vimus,
1114 1759 1142 1810 et
1157 1761 1224 1829 post
1239 1757 1329 1813 istum
1345 1757 1475 1814 bannum
1499 1774 1551 1830 per
1564 1774 1742 1815 eonsensum
1757 1775 1823 1817 om·

112 1852 154 1909 itu
168 1868 246 1910 nuuc
260 1846 457 1907 communiter
470 1847 546 1903 bauo
561 1846 748 1914 medicinam,
766 1847 938 1916 cooperante
993 1843 1075 1899 nium
1092 1844 1201 1902 iactum
1217 1844 1267 1901 itia
1282 1845 1448 1914 emendare,
1461 1845 1589 1903 sieuteis
1602 1847 1731 1920 spatium
1742 1847 1824 1905 dedi-

112 1945 140 1998 et
155 1941 303 1998 mediante
317 1936 451 2005 Domino,
464 1935 623 1993 statuimus
646 1935 682 1990 ad
708 1933 938 2004 recuperandam
993 1949 1070 2002 mus,
1082 1933 1250 2005 noluerunt,
1261 1938 1289 1991 et
1303 1935 1403 1992 omnia
1418 1951 1482 2008 qum
1496 1936 1709 1995 commiserunt
1722 1936 1825 2012 legali·

112 2035 142 2089 et
156 2027 386 2093 conservandum
405 2025 560 2084 sanitatem
584 2027 726 2092 nostram,
743 2038 779 2079 ns
794 2021 865 2078 etin
881 2020 939 2090 iste
992 2026 1038 2078 tcr
1051 2039 1225 2096 componere
1240 2023 1464 2097 compellantur,
1480 2029 1509 2080 et
1526 2036 1579 2097 per
1598 2025 1746 2098 publicum
1761 2041 1826 2100 pm<

112 2118 211 2185 seculo
221 2111 940 2192 graviusullligumur,etinluturaseculo‚quundo
993 2111 1146 2175 nitentium
1162 2114 1325 2170 secundum
1345 2130 1444 2170 sacros
1466 2130 1594 2171 canones
1609 2114 1667 2175 nco
1681 2119 1710 2173 ut
1729 2115 1825 2177 eadu-

112 2210 148 2271 ds
163 2208 229 2281 isto,
241 2223 363 2280 corpore
385 2204 552 2273 exierimus,
564 2200 679 2259 uternis
703 2196 857 2258 tormentis
873 2216 938 2256 cru·
967 2248 969 2253 ⁴
994 2200 1044 2258 siae
1067 2201 1097 2257 in
1120 2218 1210 2275 quam
1238 2208 1431 2275 peceaverunt
1456 2203 1650 2263 satisfaciunt.
1667 2205 1826 2274 Quibuuai

112 2297 235 2364 ciemur.
253 2296 286 2355 ld
310 2299 365 2362 est,
381 2298 414 2350 ut
432 2291 636 2364 uuusquisque
651 2291 806 2364 episeopus
831 2289 860 2346 in
886 2306 941 2348 suu
994 2290 1112 2347 obedire
1127 2290 1285 2358 noluerint,
1301 2296 1352 2350 aut
1372 2309 1424 2366 per
1440 2292 1627 2364 fidejussores
1641 2295 1678 2353 ud
1694 2311 1822 2368 prusen-

113 2383 262 2460 puroobia,
278 2386 307 2439 ut
322 2381 405 2437 missi
421 2380 450 2436 in
466 2378 584 2435 illorum
600 2378 769 2447 missaticis,
781 2378 941 2443 eteomites
995 2378 1066 2436 tium
1078 2384 1208 2437 nostram
1218 2381 1430 2453 perducuntur,
1440 2386 1491 2439 aut
1501 2382 1601 2440 omniu
1616 2384 1723 2455 quein
1734 2401 1829 2459 regau

114 2474 145 2536 ia
168 2471 286 2531 iliorum
312 2468 511 2537 comitatibus,
532 2466 757 2524 cummaxime
786 2467 884 2523 studio
913 2469 942 2524 et
996 2468 1230 2538 nostrohabent,
1246 2469 1275 2526 in
1295 2471 1427 2529 bannum
1451 2476 1585 2529 nostrum
1611 2473 1778 2542 mittuntur,
1795 2478 1827 2535 et

115 2577 234 2619 summa
248 2558 399 2633 diligentia
412 2574 513 2616 curum
529 2557 656 2613 babeant
671 2560 704 2612 ut
718 2556 882 2629 cuicunque
898 2573 941 2617 ru·
996 2557 1153 2630 episcopali
1169 2559 1343 2616 auctoritate
1367 2578 1384 2616 a
1406 2561 1558 2619 communi
1582 2561 1824 2625 emisissemus

115 2653 258 2725 ploraret
280 2648 494 2721 depredatores
519 2645 560 2701 ibi
584 2649 663 2712 suat,
675 2646 876 2718 cujuscunque
892 2645 942 2701 bo·
997 2647 1131 2703 omnium
1146 2648 1278 2704 fidelium
1293 2650 1433 2707 societate
1447 2651 1649 2710 excludantur.

116 2740 211 2806 mines
226 2738 295 2807 sint,
312 2739 349 2801 ad
364 2737 507 2797 rationem
522 2735 714 2804 deducuntur,
730 2739 763 2791 ut
778 2735 941 2792 seeundum
1033 2739 1059 2793 l.
1077 2737 1116 2793 De
1136 2738 1246 2794 bonore
1270 2742 1368 2796 antem
1393 2739 1584 2799 eeclesiarum
1610 2758 1646 2800 uc
1672 2758 1823 2815 servorum

115 2829 210 2904 legem
222 2845 287 2902 que
303 2827 344 2894 ibi
359 2824 435 2885 male
447 2826 524 2883 luctu
537 2824 656 2893 habent,
669 2824 836 2894 emendent,
848 2825 942 2883 uut⁹⁸¹
997 2826 1094 2895 Dei,et
1104 2827 1140 2882 de
1151 2826 1261 2901 rupinis
1276 2828 1439 2902 atquealiis
1454 2829 1541 2889 mulis
1556 2847 1608 2887 sen
1623 2831 1824 2907 presumptis

59 2960 63 2966 -
121 2906 412 2983 solvautsecnndum
426 2914 521 2988 legale
535 2912 749 2986 placitum,aut
771 2930 822 2986 per
846 2912 942 2969 indul·
998 2917 1133 2973 nibusab
1147 2917 1203 2972 ista
1213 2917 1259 2973 die
1269 2921 1298 2974 et
1307 2918 1337 2973 in
1348 2913 1494 2991 reliquum
1504 2919 1738 2993 compescendis,
1749 2921 1824 2994 cupi·

120 3006 251 3085 gentium
266 3005 322 3065 sibi
336 3005 495 3088 impetrent
509 3002 674 3075 perdonari.
690 3003 725 3058 ut
739 3003 878 3076 episcopi,
895 3018 943 3060 se·
999 3005 1060 3062 talu
1074 3006 1118 3063 uvi
1133 3011 1163 3062 et
1178 3007 1269 3079 putris
1289 3006 1381 3064 nostri
1396 3008 1579 3081 temporibus
1602 3010 1765 3068 constituta
1778 3010 1823 3068 bie

120 3096 252 3164 cundum
272 3092 442 3167 qualitatem
466 3095 496 3149 et
523 3091 715 3164 quantitatem
745 3096 942 3163 peccatorum,
999 3096 1221 3169 subjungereet
1237 3099 1269 3151 ut
1284 3095 1462 3155 omnimodis
1472 3099 1664 3156 observentur
1678 3116 1714 3156 ex
1728 3099 1824 3157 bunna

119 3186 231 3269 ubsque
255 3181 422 3255 aceeptipne
445 3196 648 3253 personarum,
666 3180 820 3252 rapacibus
844 3185 874 3238 et
896 3181 943 3239 his
958 3153 982 3228 α
999 3189 1098 3242 nostro
1114 3185 1270 3257 praecipere
1280 3185 1404 3258 dignum
1418 3190 1447 3243 et
1460 3187 1660 3245 necessarium
1674 3188 1823 3247 duximus.

119 3274 267 3333 similibus
281 3272 361 3329 vitiis
380 3270 540 3331 nominatis
554 3273 584 3326 et
604 3268 743 3325 convictis
766 3270 943 3343 punitentia
998 3273 1148 3345 Scriptum
1162 3278 1207 3330 est
1220 3273 1299 3332 enim
1314 3275 1344 3332 in
1358 3273 1422 3331 illis
1436 3275 1573 3349 capitulis
1588 3276 1701 3346 (bened.
1716 3293 1747 3349 n,
1758 3279 1823 3351 bil:

117 3363 201 3439 luges
220 3362 387 3437 injungant,
403 3359 535 3433 inspecta
558 3358 732 3416 discretione
748 3359 942 3431 etqualitate,
998 3387 1012 3414 a
1023 3363 1053 3420 Si
1063 3350 1130 3436 quis
1139 3362 1216 3420 inira
1226 3380 1349 3437 regnum
1362 3363 1494 3436 rapinam
1505 3364 1616 3432 lecerit,
1624 3371 1677 3424 aut
1685 3367 1824 3440 cuiquam

117 3457 205 3528 prout
218 3452 326 3524 cuique
340 3451 376 3507 ud
392 3447 518 3507 salutem
532 3446 658 3505 viderint
670 3447 815 3520 expedire.
826 3449 868 3504 Ad
879 3466 944 3522 quu
998 3457 1098 3510 nostro
1114 3451 1192 3509 fideli
1207 3454 1332 3527 ejusque
1349 3452 1463 3510 homini
1487 3453 1598 3526 aliquid
1614 3456 1642 3511 vi
1658 3456 1824 3526 abstulmit,

117 3541 282 3616 specialiter
291 3538 462 3612 exequenda
471 3537 648 3610 qaudamde
660 3534 795 3609 pluribus
807 3537 943 3610 capitulis
997 3542 1027 3600 in
1043 3541 1131 3615 triplo
1147 3541 1194 3599 oui
1208 3541 1319 3615 aliquid
1339 3541 1470 3613 abstulit,
1482 3543 1597 3617 legibus
1613 3551 1782 3618 componat,
1796 3549 1825 3603 d

117 3633 365 3707 predecessorum
381 3644 515 3702 regnum,
528 3629 558 3685 et
573 3625 758 3699 synodalium
773 3625 820 3682 hic
836 3644 944 3700 ponere
997 3632 1119 3703 insuper
1134 3632 1266 3689 bannum
1283 3637 1429 3700 nostrum,
1442 3632 1470 3688 id
1482 3637 1527 3690 est
1536 3634 1691 3707 sexaginta
1704 3633 1824 3702 solidas,

115 3714 643 3797 dignumetuecessariumduximus;
653 3721 874 3775 commonentes
884 3716 943 3790 epi·
997 3721 1082 3777 nobis
1098 3720 1254 3794 persolvat.
1266 3723 1457 3779 Postmodum
1467 3740 1534 3780 vero
1549 3728 1618 3778 unte
1628 3723 1825 3783 nasucomits

116 3827 233 3885 Ιθῠρῦῦ,
242 3808 389 3869 Πὶῑθθῦὃθῑ
403 3804 534 3874 milles,
544 3809 577 3861 ut
592 3803 642 3861 illu
655 3803 859 3878 capitulaque
874 3806 943 3863 indu
997 3811 1172 3880 adducatur,
1181 3810 1251 3867 utin
1266 3812 1417 3869 bastonico
1428 3811 1472 3868 vel
1481 3811 1512 3867 in
1523 3811 1579 3869 alio
1592 3829 1710 3870 carcere
1724 3818 1825 3871 trusus

116 3904 185 3958 unte
194 3900 249 3957 bos
258 3915 352 3955 annos
361 3896 392 3953 in
403 3912 495 3953 unum
506 3893 627 3951 collecta
638 3894 767 3963 luerunt,
778 3899 807 3950 et
820 3894 851 3950 in
865 3895 943 3953 Curi·
997 3916 1092 3972 usque
1106 3901 1177 3957 dum
1192 3900 1276 3957 nobis
1291 3900 1435 3973 placuerit
1443 3918 1544 3974 paunus
1559 3900 1630 3957 luat
1643 3901 1720 3958 Num
1735 3902 1763 3959 si
1776 3918 1867 3976 pu·-

117 3988 196 4047 sinno
206 3988 251 4025 ⁸⁸¹*
268 3984 413 4059 episcopis
423 3988 451 4041 et
464 3982 565 4042 missis
581 3983 689 4039 nostris
705 3999 756 4056 per
771 3982 942 4043 universnm
996 3988 1179 4046 bliceactum
1190 3988 1867 4064 suerit,publicamindeugatpoenitentiam=

117 4091 243 4150 regnum
253 4077 387 4131 nastrum
397 4073 434 4129 ad
445 4071 648 4144 exequendum
657 4070 842 4138 donavimus,
852 4072 903 4129 sed
913 4077 943 4131 et
996 4078 1136 4150 quoniam
1149 4082 1290 4151 raptores,
1299 4083 1331 4135 ut
1346 4079 1387 4135 nit
1396 4077 1564 4151 Apostolus,
1574 4079 1631 4135 nisi
1640 4096 1744 4136 verum
1758 4095 1867 4154 spe—

116 4163 167 4225 illa
177 4178 395 4239 queoonseusu
404 4158 536 4217 fidelium
548 4163 714 4216 nostrorum
725 4158 942 4231 fierijussimus
996 4166 1056 4223 rint
1064 4166 1273 4239 paenitentiam,
1287 4185 1410 4241 regnum
1422 4168 1473 4225 Dei
1484 4185 1541 4224 nou
1552 4167 1760 4240 possidebunt.
1771 4168 1867 4237 Qu?

116 4254 235 4328 quando
248 4269 317 4313 eum
329 4250 420 4307 fruito
430 4252 532 4305 110⁸t1'0
543 4246 836 4321 HlOlharnglOPiOSO
848 4250 940 4323 impe·
996 4272 1062 4312 vero
1078 4257 1112 4312 de
1128 4257 1215 4312 rebus
1228 4255 1418 4313 ecelesiarum
1434 4256 1545 4331 aliquid
1561 4257 1752 4325 abstulerint,
1763 4274 1867 4333 gru-

115 4336 941 4417 rutore,apudl'ulentianasloquatilinimuaetfidelibus
994 4345 1060 4403 vius
1075 4344 1143 4402 iude
1163 4345 1349 4417 judicentur;
1366 4347 1436 4419 quia
1458 4363 1575 4404 sacrum
1599 4364 1701 4404 rurum
1716 4347 1867 4406 abluti-

114 4433 224 4493 nostris
250 4429 418 4491 denuntiari
445 4432 474 4486 et
495 4428 649 4484 observare
675 4427 877 4500 praecepimus,
902 4429 939 4487 ad
995 4432 1283 4508 sacrilegiumest,et
1298 4434 1458 4508 sacrilegus
1473 4435 1867 4507 vocaturquieneinii—

113 4523 300 4596 presentiam
315 4521 502 4584 redamabat
520 4517 573 4573 illu
593 4515 733 4590 relegunt.
746 4517 782 4573 Et
796 4517 867 4590 quiu
879 4517 940 4575 haec
955 4521 978 4589 Ι)
994 4522 1065 4595 quid
1080 4523 1235 4580 abstulerit
1257 4528 1308 4580 aut
1332 4523 1494 4596 rapuernit.
1509 4525 1645 4582 Exterrea
1663 4542 1797 4599 namque
1809 4539 1867 4579 ι

113 4629 207 4685 pauca
218 4611 264 4667 hic
275 4609 426 4667 brevitatis
435 4624 523 4665 causa
534 4605 778 4678 subscripsimus,
789 4606 820 4663 in
830 4606 939 4665 talibus
993 4611 1149 4669 liminibus
1164 4618 1271 4669 sanctu
1287 4613 1391 4670 matris
1401 4613 1531 4671 ecclesia
1541 4612 1615 4671 tales
1628 4630 1867 4687 personatus*

113 4701 202 4761 rebus
217 4717 281 4773 que
296 4699 338 4756 eis
353 4697 523 4756 advenerint
542 4696 578 4753 ud
603 4695 831 4760 emendandum,
848 4700 877 4753 et
891 4695 939 4754 hic
994 4718 1049 4775 que
1060 4702 1096 4758 ud
1109 4701 1585 4774 satisfactionemecclesiae,quam
1596 4702 1867 4772 luserunbsuut

112 4791 181 4849 inde
195 4786 325 4863 capitula
347 4805 405 4845 aon
428 4787 601 4853 invenerint,
618 4802 670 4858 por
692 4784 743 4842 illu
765 4789 794 4842 et
816 4803 868 4858 por
882 4784 940 4843 alis
993 4789 1133 4849 habende
1149 4795 1238 4863 utque
1252 4790 1375 4847 firmiter
1389 4791 1572 4848 denotando.
1585 4814 1599 4843 a
1615 4792 1652 4849 nt
1666 4792 1744 4851 item
1755 4811 1858 4851 sun·-

112 4878 242 4953 cupitulu
256 4877 335 4949 regia
349 4882 379 4933 et
392 4875 624 4951 synodaliaquae
637 4875 821 4932 emendanda
831 4879 901 4932 sunt
910 4880 940 4934 et
993 4883 1058 4936 ctus
1072 4878 1192 4952 Paulus,
1204 4897 1255 4952 per
1270 4897 1359 4952 quem
1375 4879 1518 4954 loquutus
1535 4884 1581 4937 eat
1593 4879 1745 4951 Christus,
1758 4879 1845 4940 dicit

112 4969 298 5029 emendanda
326 4965 513 5040 perviderint,
534 4965 691 5022 emendare
719 4970 885 5037 procurent.
908 4964 938 5023 Si
993 4970 1062 5041 quin
1072 4985 1167 5040 neque
1178 4986 1410 5043 rapaces,ueque
1421 4966 1831 5044 homicidumeqneudultsd

110 5075 177 5119 voro
188 5063 217 5116 st
228 5060 313 5133 juxta
325 5055 499 5114 diabolicam
520 5053 720 5126 calliditatem,
731 5058 760 5111 et
774 5055 938 5113 secundnm
992 5072 1115 5130 regnum
1130 5056 1181 5114 Dei
1196 5057 1402 5130 possidebunt.
1412 5057 1446 5114 tlt
1460 5055 1653 5130 item,si.qnis
1665 5056 1820 5117 toruieubr

110 5147 271 5224 humanum
280 5146 481 5220 fragilitatem,
492 5160 565 5199 nova
574 5158 756 5216 quacunque
766 5144 937 5213 acciderint,
992 5151 1046 5214 est,
1058 5149 1110 5203 aut
1124 5146 1248 5216 adulter,
1265 5151 1317 5203 aut
1330 5163 1431 5220 rapax,
1445 5151 1498 5204 aut
1511 5145 1755 5216 homicidarum
1769 5147 1816 5207 bur

110 5238 180 5313 quia
194 5254 269 5297 nova
281 5236 451 5294 morborum
463 5249 570 5306 genera
580 5248 654 5288 aava
664 5237 800 5303 querunt
812 5233 938 5291 medicu-
989 5235 1121 5308 jusmodi
1135 5251 1188 5294 neo
1201 5236 1300 5294 eibum
1315 5253 1432 5294 sumere
1443 5236 1551 5295 Christi
1565 5235 1727 5310 discipulo,
1739 5236 1769 5296 id
1779 5243 1813 5300 1

785 5393 909 5452 VARIAE
932 5395 1139 5456 anemonas.

144 5517 178 5554 ⁹⁸⁰
191 5517 324 5588 juctutss.
362 5517 408 5553 ⁹⁰⁰*
423 5529 532 5588 genera
555 5512 762 5569 infirmitatum
777 5511 803 5567 3.
821 5511 841 5566 i.
858 5529 882 5569 v.
899 5511 998 5572 derum
1011 5516 1039 5570 4.
1077 5516 1209 5575 ⁹⁸¹manu
1235 5516 1548 5576 Siramadietsolvnnt
1571 5516 1639 5574 Bar..
1678 5517 1728 5554 Μ’
1744 5515 1812 5593 puri·

108 5585 187 5650 uiuco
202 5587 229 5646 3.
267 5586 386 5646 mareu
401 5587 427 5646 3.
466 5586 512 5622 ⁹⁸²*
528 5584 596 5641 et3.
614 5585 641 5641 t.
679 5583 797 5641 ⁰¹³³cient
812 5583 838 5638 i.
877 5583 924 5624 ⁹⁸³·
939 5583 999 5655 illis
1013 5587 1040 5646 3.
