3878 6098
699 303 981 389 uasrxnoeoe.
1003 327 1225 390 surrssrou.
1725 306 1815 394 'isso

948 460 977 527 A
1026 477 1094 514 cum
1110 458 1172 515 aliis
1188 460 1482 518 axquutissiodero
1496 461 1639 532 depositIo
1653 463 1816 523 ssA'alerfi

1027 554 1055 602 et
1066 547 1212 604 Valeriani
1229 548 1432 621 episcoporum
1448 555 1477 606 et
1492 550 1703 608 confessorum.

106 325 186 389 {295

106 546 249 605 Kalendas
275 547 355 604 ltlaii.
376 459 744 621 Natalplgtslhaposmlofflm
767 547 938 621 Philippici

142 636 447 710 taenbiuerosotymis
460 638 555 694 natale
565 639 657 694 saneti
669 638 795 702 Quiriaei
807 637 935 710 episcopi

140 731 170 783 et
186 725 390 799 martyris,qui
405 729 434 781 et
447 726 538 783 ludas
553 731 671 783 vocatus
687 731 741 782 est.
758 727 792 781 st
807 725 876 781 alibi
889 727 936 782 le·

139 815 236 872 remia
261 815 419 888 propheta.
436 815 640 873 Autissiodero
662 815 777 871 civitate
792 815 935 888 depositio

140 904 320 960 sanctissmi
332 903 478 960 Amatoris
493 904 620 978 episcopi
629 910 657 960 et
669 904 806 977 praecipui
820 905 936 960 contes-

140 993 218 1048 soris
234 992 393 1048 Christi.ln
411 992 512 1049 Galliis
527 994 676 1050 territurio
691 993 851 1049 vivariensi
867 1010 933 1066 pas·

141 1084 185 1138 sio
213 1087 245 1138 s.
276 1080 392 1138 Andioli
417 1081 599 1138 subdiaconi.
630 1082 750 1138 Ciuitate
773 1083 935 1138 sedunensi

140 1172 205 1228 leco
220 1173 340 1244 Agauno
356 1171 453 1244 passio
474 1175 502 1226 8.
519 1171 700 1245 sigismundi
724 1172 810 1244 regis.
831 1173 935 1228 Tolosa
951 1242 957 1251 Ι

141 1261 258 1317 civitate
273 1260 417 1332 depositio
432 1264 463 1318 S.
483 1260 610 1317 Orientis
634 1261 763 1334 episcopi
778 1265 806 1317 et
821 1262 932 1318 contes-

142 1365 227 1406 sons.

103 1438 141 1495 Vt
158 1438 256 1494 Nonas
270 1437 525 1495 MaiiAlexsndria
539 1438 731 1496 natalcsancti
740 1440 831 1512 patris
841 1440 933 1496 nostri

108 1537 113 1544 '
140 1525 292 1583 Athanasii
308 1527 437 1599 episcopi
450 1527 748 1596 confessoris,ltemin
759 1528 935 1584 Alexandria

140 1615 238 1672 natale
253 1620 300 1672 ss,
317 1617 466 1672 saturnini
483 1621 511 1672 et
529 1617 664 1690 Neapolis
691 1617 741 1689 qui
764 1617 794 1672 in
819 1635 934 1674 carcerc

141 1705 573 1779 requieverunt.Hierosolymis
587 1706 684 1763 iratale
699 1706 776 1763 locati
787 1707 933 1763 Simeonis

1062 637 1161 693 sociem
1187 638 1232 694 die
1263 638 1413 694 Mediolano
1443 639 1581 696 ordinatio
1608 639 1703 696 doruni
1730 642 1815 698 llum·

1027 728 1102 782 haldi
1115 730 1241 800 cpriscopi,
1258 733 1283 784 ei
1297 729 1386 784 obitus
1400 731 1529 799 manistri
1543 728 1673 786 Gnidouis
1690 733 1816 788 canoat'ci

1025 819 1115 872 secreti
1138 817 1271 890 Stephani
1296 823 1323 874 et
1345 819 1504 884 archiclavi,
1530 821 1579 890 qui
1600 818 1674 875 dedit
1695 821 1817 877 ecclesie

1026 911 1124 962 nostre
1139 924 1174 962 ec
1197 908 1276 963 libris
1298 911 1355 965 suis
1377 909 1544 980 passionales
1557 908 1633 975 daos,
1650 909 1815 981 antiphona-

1025 997 1107 1060 rium,
1124 997 1245 1065 pradale,
1262 998 1440 1071 lryrnnarium
1454 1002 1481 1053 ct
1492 999 1655 1070 psalterium
1666 1000 1811 1070 optimum.

989 1083 1087 1140 Nonas
1110 1085 1190 1141 Maii.
1210 1088 1296 1159 Apud
1321 1087 1507 1143 Terracinam
1532 1085 1695 1158 Campaniae
1711 1087 1814 1143 urbem

1023 1173 1121 1230 natale
1136 1174 1226 1230 beata
1242 1175 1395 1232 Domitillae
1410 1174 1531 1249 virginis
1546 1179 1574 1230 et
1588 1175 1726 1248 martyris
1747 1192 1814 1232 cum

1024 1261 1091 1318 aliis
1106 1263 1266 1336 virginibus
1281 1264 1419 1338 martyrio
1433 1264 1687 1321 coronatillodem
1701 1264 1747 1321 die
1762 1282 1814 1322 na·

1023 1350 1080 1407 tale
1104 1357 1272 1410 sanctorum
1298 1353 1381 1410 Nerei
1405 1358 1433 1410 et
1454 1352 1576 1409 Achillei
1591 1353 1809 1411 eunuchorum.

1023 1440 1129 1495 'Procas
1152 1446 1257 1497 sancta
1282 1442 1423 1498 Mastidiru
1443 1440 1576 1514 uirginis.
1591 1446 1657 1514 Ipso
1673 1442 1720 1498 die
1734 1442 1813 1516 apud

1023 1525 1224 1582 Nicomediam
1239 1529 1337 1600 passio
1351 1533 1520 1585 sauctorum
1536 1529 1633 1596 Flavii,
1646 1529 1770 1603 Augusti
1785 1534 1814 1586 et

1022 1615 1180 1688 Augustini
1197 1617 1335 1674 iratrum.

1058 1705 1118 1776 lpse
1132 1704 1176 1760 dic
1191 1707 1305 1775 licerius
1321 1706 1401 1780 liujus
1415 1708 1536 1764 ecclesie
1557 1707 1722 1763 veinatriu
1740 1723 1813 1779 pra·

141 1794 272 1868 episcopi
287 1799 315 1850 et
331 1795 477 1868 martyris,
494 1794 543 1868 qui
569 1795 752 1868 propinquus
776 1797 971 1895 saluatorisB
1021 1795 1280 1865 positasspccutum
1303 1805 1329 1852 et
1351 1799 1441 1868 torena
1452 1798 1624 1862 clericorum,
1638 1794 1747 1854 tandem
1760 1814 1816 1853 nto·

143 1884 199 1940 luit
212 1883 374 1940 secundum
391 1901 520 1940 carnem.
548 1884 746 1941 Autissiodero
761 1885 857 1958 Optati
872 1902 932 1959 epr-

142 1973 234 2044 scopi,
251 1973 382 2029 ltlemorii
398 1974 557 2046 presbyteri
572 1978 599 2030 et
611 1974 741 2029 sanctini
760 1974 932 2048 presbytcri.

179 2061 252 2118 Obiit
280 2063 416 2132 Remigius
452 2064 600 2118 mormchus
627 2071 653 2119 ct
679 2065 803 2135 eprepius
831 2063 932 2120 doctor.

141 2152 240 2207 Eodem
267 2152 311 2207 die
335 2152 404 2207 cliiii
427 2152 589 2223 A'orpaudus
620 2152 751 2209 Edrunsis
785 2155 932 2225 episcopus,

141 2241 224 2313 hujm
242 2242 363 2297 ecclcsiae
385 2242 541 2305 carronirus,
567 2244 616 2312 pai
638 2258 687 2314 per
709 2259 823 2297 naariam
847 2245 934 2298 Huni-

143 2330 218 2386 haldi
224 2332 341 2402 episcopi
350 2331 470 2386 ecclesie
480 2338 580 2386 nostra
589 2330 663 2386 dedit
671 2334 757 2402 pretii
766 2333 901 2387 tihraram
911 2337 935 2386 X

142 2435 178 2474 ee
190 2419 278 2490 pallio
292 2435 406 2492 cappam
420 2421 550 2491 optiruam
572 2427 599 2475 ct
621 2422 740 2494 quinique
760 2437 866 2476 marcas
888 2439 934 2477 nr-

140 2511 214 2579 penti
225 2510 370 2580 parissimi
382 2508 417 2563 ml
430 2526 553 2564 <ascusam
573 2509 672 2565 attaris
693 2511 893 2576 exornandam,
909 2520 935 2567 ct

140 2595 194 2651 due
209 2612 290 2668 super
304 2597 393 2652 altore
404 2597 571 2669 operimento
590 2597 756 2652 mirabiliter
777 2604 804 2652 et
828 2613 935 2669 operose

142 2689 265 2757 operata.

105 2773 131 2828 V
147 2773 244 2830 Nonas
259 2774 337 2829 Maii.
352 2773 559 2848 Hierosolymis
575 2775 702 2830 inventio
716 2779 821 2831 sancta
833 2775 935 2832 Crucis

144 2863 181 2918 alr
195 2863 305 2927 Helena
328 2864 430 2936 regina
453 2864 483 2918 in
509 2871 607 2920 monte
631 2863 753 2937 Golgeta
777 2882 854 2920 anno
869 2869 936 2938 post

144 2953 312 3009 Passionem
323 2953 436 3008 Domini
447 2954 935 3027 ccaxxxnr,rognanteConstantino

143 3041 427 3114 imperatoreRomae
442 3041 488 3097 via
502 3043 684 3098 Nomentana
700 3042 795 3098 natale
811 3046 937 3098 ssmar-

144 3137 241 3204 tyrum
257 3130 407 3187 Alexandri
425 3148 515 3204 papae,
532 3131 643 3187 Eventii
669 3136 697 3188 et
717 3132 856 3188 Theodoli
872 3150 936 3205 pre·

88 3233 89 3236 ’
144 3219 333 3292 sbyteri.lpsa
348 3220 394 3275 die
409 3219 559 3276 luvenalis
570 3220 698 3292 episcopi
709 3225 738 3276 et
748 3222 932 3278 contessoris.
951 3202 972 3268 G

145 3308 345 3365 Autissiodero
362 3308 478 3364 Eusebii
495 3310 653 3382 presbyteri
667 3313 695 3365 et
710 3310 780 3366 Auili
803 3310 929 3369 diaconi.

108 3397 148 3454 tV
162 3397 261 3454 Nonas
277 3397 353 3453 liaii.
372 3402 401 3452 ln
419 3397 573 3453 Palestina
593 3396 707 3454 civitate
722 3399 818 3455 Gazan
840 3399 936 3457 natale

145 3486 237 3542 sancti
251 3485 359 3542 silvani
375 3485 504 3559 episcopi
517 3503 584 3542 curn
609 3486 745 3559 plurimis
764 3487 934 3545 clericorum

143 3591 267 3631 sacrum
283 3574 423 3632 coronati.
438 3576 473 3630 st
497 3574 566 3631 alibi
587 3580 756 3631 sanctorum
772 3581 934 3650 martyrum

1022 1883 1166 1938 mediatem
1185 1887 1337 1956 suscipiens
1361 1885 1494 1951 halitum,
1510 1893 1625 1941 wem
1645 1885 1767 1957 perdidit
1790 1896 1816 1943 et

1022 1974 1107 2027 uitam
1122 1974 1236 2029 inuenit.
1252 1975 1301 2029 llic
1314 1979 1406 2030 autem
1421 1983 1450 2030 ut
1465 1976 1495 2029 in
1512 1975 1704 2030 anniuersario
1727 1976 1813 2030 llum-

1024 2059 1108 2116 haudi
1120 2063 1238 2134 episcopi
1251 2064 1382 2118 acroama·
1390 2065 1435 2118 sai
1447 2063 1583 2134 fratribus
1602 2064 1712 2134 reiectio
1734 2064 1813 2118 echi·

1024 2149 1330 2215 heretur‚molcndiuum
1339 2151 1410 2223 puod
1423 2152 1495 2224 apud
1508 2152 1702 2223 Aptiprriacum
1716 2151 1749 2206 de
1764 2168 1813 2208 sao

1022 2241 1133 2311 proprio
1150 2241 1225 2310 (coit,
1251 2241 1315 2295 huic
1338 2242 1457 2298 ccclesiae
1479 2241 1599 2297 ilorrouit.
1623 2239 1716 2297 liuttis
1730 2241 1813 2297 etiam

1024 2331 1191 2384 ornamentis
1217 2331 1359 2385 ecelesiam
1387 2332 1469 2386 istam
1497 2331 1633 2386 decorauit
1659 2329 1811 2385 sacerdota-

1025 2417 1106 2484 libus,
1122 2420 1225 2473 seilicet
1240 2420 1428 2475 uestimentum
1443 2420 1619 2475 diaconorum
1633 2426 1659 2474 et
1671 2417 1812 2475 suddiaco-

1023 2523 1132 2562 norum.
1161 2508 1241 2563 Dedit
1264 2511 1349 2565 etiam
1371 2509 1484 2565 calicem
1507 2515 1676 2580 argenteum,
1701 2509 1815 2566 canulas

1024 2605 1166 2667 erpcnteus
1180 2605 1206 2653 et
1219 2615 1334 2670 cappam
1347 2599 1380 2653 de
1388 2599 1478 2670 pallio
1492 2600 1632 2670 optimam,
1656 2598 1767 2654 missale
1789 2606 1816 2654 et

1025 2685 1202 2753 hrtioiariam,
1232 2693 1257 2743 ci
1280 2688 1378 2743 mriltos
1411 2689 1480 2744 alios
1509 2688 1601 2744 lihros.
1631 2687 1706 2742 later
1732 2688 1816 2743 etiam

1023 2774 1111 2830 inulta
1125 2776 1256 2847 beneficia
1271 2791 1334 2847 puoe
1347 2777 1411 2832 truie
1424 2777 1545 2832 ecclesia
1557 2777 1631 2848 iecit,
1647 2775 1720 2832 dedit
1734 2792 1816 2848 snper

1024 2864 1114 2919 altare
1128 2866 1250 2937 quinque
1263 2867 1430 2936 operimenta
1446 2866 1521 2921 tinea
1537 2865 1729 2921 ucrurahitiier
1751 2880 1815 2937 ope·

1024 2961 1096 3008 ruta.
1112 2955 1209 3009 Portas
1223 2963 1314 3010 auem
1327 2956 1494 3027 principales
1508 2955 1587 3011 istius
1605 2955 1727 3012 ecclesiae
1739 2955 1815 3025 tecit,

1026 3044 1055 3097 iu
1071 3059 1189 3114 arrarum
1203 3046 1359 3116 operatione
1381 3060 1432 3100 ccc
1455 3044 1556 3100 solidos
1576 3043 1700 3111 donauit,
1713 3043 1818 3100 medie·

1025 3138 1107 3187 tatem
1125 3148 1230 3204 quoque
1253 3138 1337 3191 terroe
1357 3133 1390 3190 de
1412 3132 1513 3200 Albex,
1538 3150 1622 3206 paam
1644 3151 1662 3189 a
1685 3132 1817 3206 Gausrido

1026 3222 1095 3293 Nutu
1110 3224 1185 3288 emit,
1202 3227 1228 3278 et
1241 3223 1431 3295 molendinum
1445 3222 1515 3295 quod
1528 3222 1677 3295 melificavit
1703 3223 1733 3278 iu
1748 3221 1816 3277 uilla

1024 3312 1200 3385 praedicitur
1215 3310 1331 3379 Melius,
1348 3312 1383 3367 ad
1397 3314 1571 3384 resectionem
1585 3313 1615 3366 iu
1629 3311 1815 3366 dieanniuer-

1023 3403 1094 3456 sarii
1106 3402 1152 3455 sui
1164 3402 1282 3471 siapulis
1295 3403 1377 3455 annis
1389 3399 1522 3472 [cumides
1532 3398 1713 3454 exhihendam
1731 3397 1814 3453 dona-

1025 3488 1176 3544 uitJiodem
1190 3489 1235 3544 die
1246 3489 1314 3544 obiit
1325 3494 1404 3560 liupo
1417 3488 1595 3546 Niuerncnsis
1609 3485 1814 3559 episcopashu·

1020 3579 1067 3650 jus
1081 3578 1202 3634 ecclcsiae
1215 3578 1373 3634 canonicus.

144 3680 189 3720 xa.
206 3656 380 3721 Nicomediae
396 3663 492 3720 natale
506 3668 534 3720 S.
550 3665 682 3720 Antonia
705 3665 851 3737 martyris.
877 3667 935 3722 Au·
989 3665 1055 3721 v111
1075 3666 1145 3722 Idus
1168 3663 1235 3722 Maii
1262 3664 1426 3721 ltlcdiolano
1451 3664 1548 3721 natale
1572 3664 1666 3722 saneti
1689 3663 1815 3721 Victoris

147 3752 300 3810 tissiodero
324 3753 466 3827 depositio
491 3757 520 3809 et
543 3753 696 3810 translatio
715 3758 745 3810 s.
766 3753 935 3811 Corcorloini

146 3842 312 3899 diaconici
335 3842 525 3900 contessoris.
557 3842 697 3898 Lauriaco
724 3842 820 3900 natale
843 3845 936 3901 sancti

148 3930 273 3987 Floriani
284 3932 431 4005 martyris.

183 4019 258 4075 Odiit
275 4022 424 4077 Walterms
438 4023 521 4078 levita
544 4026 570 4078 ei
593 4023 739 4078 canorriras
753 4027 780 4078 et
799 4024 826 4079 S.
843 4025 939 4082 darie

144 4110 420 4183 prepositussodem
432 4111 476 4167 die
491 4111 631 4168 (liebertus
650 4113 732 4168 inrita
747 4117 774 4168 ct
788 4119 940 4187 praeceptor

147 4202 174 4255 et
188 4198 270 4254 ahhas
284 4200 313 4256 S.
328 4201 439 4257 Eusehii
451 4217 548 4274 corpus
563 4202 677 4268 tornulo,
693 4203 869 4275 amarumque
880 4203 939 4258 red-

149 4287 221 4345 didit
236 4288 354 4345 Christo.

1027 3753 1173 3827 martyris.
1198 3753 1398 3811 Autissiodero
1427 3753 1569 3827 depositio
1598 3753 1689 3810 sancti
1723 3751 1816 3809 Eladii

1026 3843 1154 3917 episcopi
1171 3849 1199 3899 ct
1213 3843 1400 3901 contessoris.
1417 3847 1451 3898 In
1475 3841 1632 3899 santonico
1647 3842 1682 3915 [s.
1701 3842 1816 3898 Nanne-

1027 3933 1095 4004 tico]
1110 3932 1284 3990 Vertavcnse
1301 3931 1478 3989 monasterio
1489 3931 1631 4005 depositio
1644 3930 1738 3988 sancti
1747 3933 1819 3987 llar-

1030 4021 1082 4078 tini
1099 4022 1259 4094 presbyteri
1285 4026 1313 4077 et
1336 4021 1525 4079 contessoris.
1546 4021 1644 4078 Nemee
1671 4019 1820 4077 Benedicti

1029 4129 1123 4184 papae.
1143 4115 1174 4166 ln
1191 4110 1338 4168 territurio
1354 4109 1486 4167 Biturica
1503 4110 1629 4168 civitatis
1643 4109 1820 4167 monasterie

1028 4199 1182 4256 silviniaco
1198 4200 1341 4273 depositio
1356 4204 1386 4257 s.
1407 4201 1568 4258 Desiderati
1579 4199 1767 4257 contessoris.

994 4294 1047 4345 vu
1058 4291 1127 4346 idus
1136 4289 1203 4346 ltlaii
1212 4294 1257 4346 ‚ln
1266 4290 1559 4347 Persidasanctorum
1567 4294 1729 4361 martyrum
1741 4303 1819 4342 cccx.

113 4376 357 4434 lllNonasltlaii.
385 4380 524 4436 Ascensio
549 4379 661 4435 Domini
688 4382 723 4436 ad
744 4378 840 4437 eoelos.
858 4383 938 4455 Apud
1030 4381 1130 4437 Castro
1145 4378 1305 4435 vindocino
1333 4379 1428 4436 natale
1451 4377 1530 4434 Beati
1545 4373 1719 4433 contessoris
1734 4373 1820 4445 eujus

151 4464 354 4522 Alexandriam
372 4469 511 4524 natales.
527 4468 656 4524 Euthimi
672 4468 940 4527 diaconi.Thessa·
1031 4474 1115 4542 gesta
1128 4464 1542 4540 habentur.Constantinopoli
1559 4462 1654 4520 natale
1668 4463 1761 4519 saneti
1775 4462 1822 4519 Ti·
1869 4486 1875 4493 -
1908 4498 1911 4505 ι

151 4552 252 4609 lonieae
269 4553 363 4611 natale
378 4557 554 4613 sslierenei
570 4561 599 4612 et
614 4557 762 4631 Peregrini
778 4563 807 4614 et
822 4559 942 4616 Hirenes
959 4572 981 4637 [)
1034 4557 1156 4614 mothel.

151 4642 270 4716 ignibus
285 4645 516 4702 combustorum.
524 4645 639 4702 Arelate
655 4647 798 4719 depositio
808 4648 942 4705 s.Hilarii
998 4651 1036 4702 Vl
1053 4649 1121 4704 ldus
1135 4645 1324 4702 Maii.0hitus
1337 4644 1390 4700 lob
1407 4642 1568 4721 prophetie.
1588 4643 1687 4699 Roma
1699 4641 1754 4699 Via
1768 4642 1822 4699 La·

1033 4736 1096 4790 tina
1111 4734 1141 4787 in
1154 4732 1296 4788 cimiterio
1312 4732 1443 4804 ejusdem
1460 4732 1556 4789 natale
1568 4735 1736 4790 sanctorum
1749 4747 1824 4786 mar-

1034 4826 1130 4894 tyrum
1140 4820 1275 4878 Gordiani
1288 4825 1316 4877 et
1326 4819 1823 4893 Epimachicumaliismultis.1tom

1033 4911 1130 4966 Roma
1145 4909 1291 4982 Calepodii
1313 4909 1441 4982 episcopi
1452 4914 1480 4965 et
1489 4911 1636 4984 martyris.
1645 4913 1716 4965 Item
1727 4909 1825 4964 Roma

152 4731 281 4804 episcopi
296 4737 325 4789 et
340 4734 730 4791 contessorisAutissiodero
746 4737 844 4808 passio
860 4738 942 4795 slu-

149 4820 259 4878 riniani
274 4821 399 4881 lectoris.
416 4824 529 4880 Vienna
544 4825 577 4881 B.
595 4824 697 4880 Nicetii
714 4825 843 4899 episcopi
860 4844 941 4884 vene·

158 4910 259 4967 rabilis
272 4912 438 4968 sanctitatis
453 4912 516 4969 viri.

189 4999 263 5056 Odiit
286 5000 372 5077 Frodo
396 5001 613 5075 archipresbyter
635 5009 661 5057 ct
682 5004 829 5058 cunorricas
844 5003 944 5060 titteris
1034 5000 1071 5056 ad
1095 5000 1216 5055 Centum
1242 4998 1326 5055 aulas
1352 5002 1382 5071 [t.
1410 4998 1641 5056 Centumcellas!
1669 4996 1769 5063 Quarti
1798 4998 1827 5051 et

153 5088 221 5144 hene
234 5089 368 5145 eruditus.
1038 5088 1148 5156 Quinti.

117 5176 216 5233 Pridie
230 5176 330 5234 Nonas
345 5179 427 5236 Maii.
457 5181 554 5237 Nomos
569 5185 597 5235 s.
618 5180 761 5237 lohannis
777 5181 900 5254 apostoli
918 5186 947 5238 et
1001 5179 1025 5234 V
1040 5178 1109 5233 Idus
1124 5175 1310 5234 Maiillomae
1326 5177 1506 5249 Viasalaria
1521 5174 1617 5232 natale
1632 5174 1709 5231 beati
1719 5173 1828 5230 Antimi

154 5264 474 5340 evangelista‚quando
494 5274 562 5326 ante
579 5274 692 5342 portam
709 5269 841 5326 Latinam
854 5270 883 5325 in
896 5271 948 5326 ter·
1038 5266 1197 5339 presbiteri
1214 5271 1243 5322 et
1258 5269 1394 5342 martyris
1410 5272 1439 5324 et
1453 5272 1481 5323 s.
1496 5263 1719 5322 Pontii.Vioana
1733 5261 1829 5322 natale

154 5354 249 5409 ventis
262 5353 318 5410 olei
334 5355 412 5413 dolio
428 5356 538 5414 missus
553 5362 609 5413 est.
629 5357 781 5413 Antiochis
801 5358 896 5413 natale
911 5363 942 5413 s.
1038 5355 1132 5410 sancti
1143 5356 1445 5412 Mamertisilviuiaco
1456 5340 1693 5411 nataleslllaioli
1703 5350 1829 5409 abbatis.

155 5442 253 5498 Evodii
277 5444 406 5517 episcopi
422 5449 451 5502 et
467 5447 613 5519 martyris.
626 5447 733 5502 Eodem
756 5446 802 5500 die
818 5446 849 5501 B.
867 5447 947 5503 Lucii
1038 5445 1145 5500 Eodem
1162 5444 1208 5500 die
1224 5444 1322 5517 passio
1338 5449 1366 5500 s.
1381 5442 1517 5519 Gengullr
1534 5441 1685 5516 martyris.

155 5532 330 5604 Cyrenensis
345 5533 516 5606 episcopi,et
526 5535 595 5590 alibi
606 5538 773 5591 sanctorum
786 5538 948 5608 martyrum
1074 5535 1150 5591 Ohiit
1166 5536 1210 5588 W
1209 5534 1309 5590 ibertus
1324 5535 1410 5589 laicru
1434 5541 1459 5591 et
1481 5533 1600 5590 dutinus
1623 5548 1703 5604 puer,
1719 5530 1767 5605 pai
1784 5529 1831 5587 de·

156 5618 325 5692 Helyedori,
351 5621 473 5680 Venusti
499 5622 666 5691 Postumili,
692 5622 822 5695 Maximi,
845 5623 947 5701 Niceti,
1038 5624 1137 5683 derunt
1160 5621 1239 5682 notis
1263 5622 1422 5681 mansimite
1444 5637 1507 5682 eum
1528 5623 1608 5681 vinea
1624 5618 1833 5696 invallejaeto

283 5746 420 5815 turam.
445 5749 629 5819 cxxxvlii.
1634 5747 1676 5838 hh,
