3878 6098
128 275 204 339 lost
519 275 686 338 APPFND.
710 272 760 336 AD
783 273 877 336 SAEC.
901 273 937 335 X.
955 308 991 318 -
1008 271 1256 336 MthUMllN'l'A
1279 272 1437 340 Ltuutto.
1754 276 1832 339 {088

124 408 215 466 Filius
230 407 280 466 Dei
295 407 433 466 miserere
448 407 543 465 nobis.
960 407 989 474 Α
1351 412 1386 465 ln
1400 408 1481 466 atrio.

121 499 209 556 Mane
222 502 252 556 ct
265 498 295 554 in
311 503 483 572 perpetuum
499 497 638 553 miserere
652 495 747 552 nobis.
1037 496 1144 552 Adesto
1157 496 1219 552 Dne
1228 491 1492 568 supplicationibus
1505 496 1625 566 nostris,
1636 501 1665 554 et
1678 501 1830 572 sperantes

124 590 224 663 Agnus
239 587 290 644 Dei
306 588 355 661 qui
375 587 454 644 tollis
476 589 595 660 peccata
610 584 723 650 mundi,
740 582 878 640 miserere
893 598 948 640 no·
1003 583 1032 641 in
1049 587 1101 640 tua
1114 582 1316 643 misericordia
1338 582 1537 643 intercedente
1560 584 1645 643 bento
1661 585 1747 642 Petro
1762 603 1828 658 apo·

152 676 215 734 bis.
230 683 258 744 rt.
274 678 384 750 Agnus.
1002 672 1077 729 stolo
1093 677 1153 742 tuo,
1167 672 1274 730 coelesti
1291 676 1408 746 protege
1423 672 1569 745 benignus
1584 666 1702 730 anulio.
1720 673 1783 732 Per.

123 764 245 837 Suscipe
259 765 492 837 deprecationem
508 767 650 834 nostram,
666 760 716 835 qai
732 760 816 818 sedes
830 762 865 817 ad
883 761 949 816 dex·
1351 764 1383 818 ln
1397 764 1479 818 ebio.

158 857 252 910 teram
267 853 371 909 Patris.
388 854 414 913 rt.
431 857 542 925 Agnus.
1038 851 1145 909 Praesta
1159 869 1194 925 qs
1208 851 1394 924 omnipotens
1411 852 1496 917 Deus,
1512 855 1546 907 ut
1566 851 1602 908 ed
1622 854 1651 908 te
1665 855 1727 908 toto
1743 853 1826 910 corde

122 942 219 998 Gloria
234 959 328 1014 nsque
343 941 515 997 seculorum
531 958 626 997 amen.
643 941 669 1002 rt.
687 941 798 1012 Agnus.
1001 939 1173 1007 clamantes,
1189 940 1385 997 intercedente
1407 940 1491 996 beato
1510 938 1544 998 N.
1562 944 1690 1014 martyre
1703 945 1756 997 tuo
1772 945 1824 998 tue

120 1033 227 1088 Sancte
241 1032 414 1089 Sanctorum
431 1031 507 1086 Deus
524 1029 661 1086 miserere
675 1028 770 1084 notris.
1001 1029 1119 1102 pietatis
1133 1029 1347 1103 indulgentiam
1363 1045 1588 1102 consequamur.
1605 1030 1668 1086 Per.

120 1121 226 1177 Sancta
240 1119 290 1175 Dei
307 1120 433 1191 genitrix
449 1119 594 1175 intercede
609 1136 660 1191 pro
677 1117 772 1173 nobis.
1037 1119 1106 1175 Alia.
1124 1119 1254 1176 Concede
1268 1136 1322 1181 nos
1344 1117 1470 1174 famulos
1493 1122 1561 1175 tuos
1584 1135 1758 1195 quesumus
1771 1119 1825 1176 Do·

120 1210 151 1266 S.
166 1208 309 1264 Michahel
324 1208 468 1265 intercede
486 1227 536 1281 pro
552 1208 646 1264 nobis.
1001 1206 1080 1263 mino
1095 1207 1172 1279 Dens
1192 1212 1333 1280 perpetua
1356 1206 1464 1263 mentis
1490 1211 1520 1263 ot
1545 1205 1675 1279 corporis
1703 1207 1827 1263 sanitate

120 1299 148 1355 S.
166 1297 303 1354 Gabrihel
319 1298 465 1354 intercede
482 1315 533 1369 pro
547 1296 641 1353 nobis.
999 1296 1136 1368 gaudere,
1152 1300 1181 1353 et
1195 1295 1323 1369 gloriosa
1337 1295 1427 1351 beate
1444 1293 1541 1351 Marirc
1552 1294 1682 1368 Virginis
1693 1295 1827 1372 interces-

118 1391 146 1441 S.
164 1385 313 1458 Raphnhel
332 1386 476 1442 intercede
491 1404 542 1458 pro
560 1384 654 1440 nobis.
999 1384 1081 1441 sione
1096 1402 1113 1441 a
1128 1385 1262 1458 presenti
1277 1383 1395 1442 liberari
1410 1383 1540 1452 tristitia,
1557 1385 1703 1441 otiatura
1716 1386 1826 1459 pertrui

118 1476 147 1530 S.
165 1475 246 1531 Petro
263 1475 407 1530 intercede
422 1492 474 1547 pro
488 1475 582 1530 nobis.
998 1473 1113 1531 leticie.
1131 1474 1192 1532 Per.

117 1565 146 1620 S.
164 1562 252 1619 Paule
265 1563 412 1619 intercede
428 1581 479 1635 pro
495 1563 590 1619 nobis.
1033 1564 1106 1620 Alio.
1123 1563 1254 1621 Concede
1274 1561 1440 1629 misericors
1454 1561 1531 1618 Deus
1552 1561 1707 1636 fragilitati
1721 1566 1825 1620 nostre

117 1653 147 1708 S.
162 1652 278 1707 Andron
292 1652 437 1708 intercede
453 1668 503 1723 pro
520 1652 614 1707 nobis.
999 1652 1178 1724 presidium,
1191 1657 1223 1708 ut
1246 1651 1296 1725 qni
1321 1655 1428 1709 sancte
1444 1649 1495 1707 Dei
1521 1648 1673 1725 genitricis
1701 1650 1823 1725 gloriam

117 1742 146 1797 S.
164 1740 310 1813 Stephane
324 1741 470 1796 intercede
485 1758 537 1813 pro
553 1740 649 1798 nobis.
957 1741 1191 1850 Bcelebramue,
1218 1739 1436 1809 intercessionis
1462 1740 1527 1814 ejus
1553 1739 1662 1796 auxilio
1678 1757 1697 1797 a
1716 1741 1824 1799 nostris

115 1830 145 1886 S.
162 1830 227 1885 Vite
243 1830 388 1886 intercede
403 1846 455 1901 pro
470 1829 565 1886 nobis.
996 1831 1203 1904 iniquitatibus
1219 1847 1418 1903 resurgamus.
1434 1830 1496 1885 Per.

115 1921 143 1973 S.
159 1917 270 1973 Albane
285 1918 431 1975 intercede
443 1935 495 1990 pro
511 1917 605 1974 nobis.
1030 1922 1102 1978 Atia.
1120 1922 1161 1977 Da
1176 1919 1261 1986 nobis
1272 1936 1442 1993 quesumus
1455 1917 1578 1990 Domine
1588 1918 1625 1974 de
1635 1917 1823 1976 tribulatione

115 2007 145 2064 S.
162 2007 284 2064 Martiae
299 2007 446 2064 intercede
460 2025 512 2080 pro
526 2008 619 2065 nobie.
995 2010 1138 2080 letitiam,
1151 2009 1243 2082 utqui
1255 2009 1305 2065 diu
1322 2026 1373 2082 pro
1387 2007 1512 2080 peccatis
1527 2004 1636 2063 nostris
1651 2007 1821 2081 affligimur,

114 2096 143 2151 S.
161 2094 319 2152 Maximine
334 2095 479 2154 intercede
493 2113 545 2169 pro
559 2096 654 2153 nobis.
994 2100 1192 2157 intercedente
1207 2099 1290 2155 beato
1305 2097 1356 2154 illo
1381 2101 1507 2170 murtyre
1521 2100 1570 2153 tuo
1585 2094 1686 2153 intua
1710 2096 1822 2154 miseri-

113 2184 142 2241 S.
160 2183 314 2241 Benediete
329 2184 476 2242 intercede
491 2202 543 2258 pro
557 2185 653 2242 nobis.
995 2188 1095 2245 cordia
1109 2188 1300 2262 respiremus.
1316 2187 1378 2243 Per.

113 2273 142 2330 S.
160 2273 292 2330 Felicitas
307 2272 454 2330 intercede
469 2291 521 2347 pro
536 2273 631 2332 nobis.
1029 2277 1102 2334 Alio.
1118 2270 1196 2334 Deus
1209 2277 1260 2351 qni
1271 2278 1353 2349 juste
1367 2273 1512 2341 irasceris,
1523 2276 1553 2330 et
1566 2272 1727 2331 clementer
1742 2274 1821 2351 igno·

113 2363 142 2418 S.
160 2362 304 2435 Perpetua
319 2362 464 2419 intercede
480 2380 532 2435 pro
548 2361 642 2420 nobis.
907 2425 910 2428 ,
995 2366 1053 2423 scis
1067 2366 1167 2423 elllicti
1192 2365 1292 2439 populi
1317 2364 1454 2421 lacrimas
1478 2361 1643 2435 respirent
1666 2363 1742 2420 iram
1767 2369 1820 2420 tue

113 2451 142 2507 S.
158 2450 271 2524 Agatha
285 2450 431 2507 intercede
446 2468 497 2524 pro
513 2453 608 2508 nobis.
992 2456 1219 2530 indignationis,
1231 2514 1233 2519 ,
1244 2471 1334 2529 quam
1359 2454 1440 2526 juste
1467 2468 1617 2509 meremur
1645 2452 1820 2526 propitiatus

113 2539 142 2594 S.
159 2538 277 2611 Brigida
290 2538 437 2595 intercedo
453 2541 613 2612 pronubis.
994 2549 1101 2602 everte.
1118 2545 1179 2602 Per.

113 2628 142 2684 S.
159 2627 284 2684 Cristina
299 2627 444 2686 intercede
461 2646 513 2702 pro
528 2629 623 2685 nobis.
1028 2635 1099 2690 Alia.
1122 2633 1330 2702 Alllioticnem¹
1344 2629 1458 2703 lamiliae
1483 2632 1539 2685 tue
1565 2645 1738 2703 quesumus
1762 2631 1819 2686 Dne

113 2718 142 2774 S.
159 2716 343 2791 Margaretha
357 2717 504 2774 intercede
519 2735 571 2790 pro
586 2717 681 2774 nobis.
994 2722 1111 2778 intende
1132 2722 1267 2796 placitus,
1282 2726 1316 2778 ut
1339 2719 1453 2778 indulta
1475 2719 1560 2774 venia
1584 2723 1770 2793 peccatorum
1785 2721 1819 2777 de

113 2805 222 2863 Omnes
236 2807 334 2862 Sancti
352 2805 520 2864 intercedite
535 2824 586 2880 pro
602 2807 697 2863 nobis.
993 2812 1053 2876 tuis
1068 2828 1183 2885 semper
1197 2810 1346 2868 benefieiis
1360 2807 1529 2883 gloriemur.
1546 2808 1609 2865 Per.

383 2915 415 2969 ιη
429 2913 482 2980 dig,
498 2912 534 2968 aa
547 2915 671 2969 missam,
1027 2902 1100 2958 Alta.
1117 2901 1225 2957 Praete
1239 2915 1409 2973 quesumus
1424 2897 1609 2970 omnipotens
1626 2901 1757 2966 Deus,ut
1770 2899 1817 2972 qui

993 2990 1067 3055 irem
1090 2994 1148 3048 tue
1170 2987 1381 3063 indignationis
1404 2986 1590 3061 agnovimus,
1608 2986 1817 3064 ‚misericordie

991 3082 1048 3135 tue
1065 3078 1278 3152 indulgentiam
1295 3092 1520 3150 consequamur.
1538 3076 1600 3131 Per.

952 3156 973 3222 C
1027 3170 1099 3225 Alio.
1116 3167 1347 3225 Misericordiam
1361 3171 1443 3222 tuam
1463 3165 1587 3221 Domine
1602 3165 1689 3222 nobis
1705 3183 1817 3239 quesu-

992 3275 1058 3314 mus
1073 3257 1283 3316 interveniente
1297 3257 1381 3325 beato
1392 3255 1559 3313 confessore
1573 3258 1626 3311 tuo
1642 3253 1684 3310 ill.
1697 3253 1816 3311 clemen-

991 3351 1035 3404 ter
1050 3347 1196 3420 impende,
1206 3350 1235 3404 et
1245 3344 1331 3403 nobis
1341 3344 1543 3419 peccatoribus
1554 3342 1652 3417 ipsius
1662 3344 1813 3418 propitiare

992 3436 1151 3511 suffragiis.
1168 3441 1231 3492 Per.

1027 3527 1097 3582 Atio.
1119 3525 1160 3581 Nc
1189 3522 1333 3598 despicies
1356 3520 1543 3596 omnipotens
1569 3525 1650 3578 Deus
1678 3522 1811 3595 populum

991 3620 1077 3671 tuum
1092 3615 1122 3670 in
1133 3613 1288 3682 afflictione
1299 3611 1486 3678 clamantem,
1495 3609 1548 3665 sed
1556 3616 1685 3685 propter
1697 3611 1809 3684 gloriam

986 3704 1122 3770 ¹nominis
1137 3702 1179 3759 tui
1196 3700 1407 3759 tribulantibus
1421 3715 1560 3773 succurre
1576 3698 1725 3778 placatus.
1740 3699 1794 3755 Per.

1338 3805 1474 3848 manin.

111 3909 154 3964 Al.
170 3908 205 3963 cd
219 3910 315 3981 cmnpl.
334 3909 411 3965 Posti
428 3910 491 3966 cibo
512 3909 651 3982 spiritalis
666 3910 812 3969 alimoniae
826 3928 862 3983 qs
877 3911 939 3969 Dne
992 3882 1076 3983 ms,
1089 3880 1272 3980 supplicum?
1285 3895 1371 3936 mm
1388 3895 1476 3952 super
1490 3880 1571 3934 astra
1585 3877 1716 3977 seium

16 4020 20 4028 ,
112 3994 151 4050 Ds
161 4013 205 4063 nr,
215 4000 247 4051 ut
257 3998 335 4069 quod
348 3998 486 4070 mysterio
500 3999 730 4071 frequentamus,
742 4001 939 4058 intercedente
1028 3973 1136 4027 'smnus
1152 3976 1184 4026 “t
1199 3975 1228 4071 ef
1242 3969 1367 4070 ⁸¹m2¹⁰¹
1381 3984 1435 4040 ³¹⁰³
1452 3970 1535 4040 regat
1549 3970 1747 4066 qmmp⁰im

113 4083 196 4140 beato
213 4085 309 4141 Marco
326 4086 504 4159 evangelista
519 4092 548 4144 et
567 4089 704 4161 pontifice
719 4089 806 4163 plena
819 4091 938 4148 veritate
992 4061 1100 4119 Sancta
1114 4059 1217 4117 mun‘h
1241 4059 1367 4115 D⁰m¹⁰³²
1388 4055 1475 4113 stem
1496 4071 1589 4130 mans
1613 4054 1706 4112 Hm
1720 4059 1749 4112 ω
1762 4067 1801 4124 pm

112 4189 337 4246 consequamur.
358 4176 421 4231 Per.

406 4282 479 4340 Altae
493 4285 640 4340 oro-tiones.

147 3019 208 3074 Ant.
225 3017 376 3074 Fraudivit
401 3022 457 3075 etc.
483 3019 589 3075 l’rresta
613 3036 642 3091 q.
663 3036 689 3075 o.
713 3024 745 3074 D.
769 3024 802 3075 ut
830 3021 880 3093 qni
908 3021 937 3077 in

112 3106 270 3164 afflictione
285 3110 339 3163 etc.
356 3108 426 3164 Alio.
440 3107 518 3163 Dcus
533 3107 583 3180 qui
599 3107 718 3163 beatum
734 3108 865 3165 Marcum
880 3115 936 3166 etc.

110 3197 200 3252 Lectio
223 3197 342 3270 epistole
364 3197 442 3253 Beati
464 3195 557 3252 lucebi
580 3197 710 3267 Apostoli.
728 3197 793 3253 Kmi
810 3199 935 3255 Confite-

111 3284 183 3341 mini
199 3283 371 3341 alterutrum
386 3289 441 3340 etc.
453 3283 588 3341 Alleluia.
603 3285 787 3342 Confitemini
804 3291 865 3344 Dno
880 3292 935 3344 ete.

111 3372 244 3430 Alleluia.
261 3373 327 3430 Jam
354 3391 411 3430 non
438 3373 517 3431 estis.
533 3374 689 3431 Secundum
714 3376 733 3430 l.
840 3376 872 3432 ln
887 3375 937 3433 illo

111 3467 251 3538 tempore.
261 3462 337 3519 Dixit
347 3463 395 3520 lhs
406 3463 560 3536 discipulis
575 3392 865 3531 saisonist
881 3470 936 3522 etc.

112 3551 162 3625 Off.
176 3552 341 3609 Confitebor
365 3557 420 3609 etc.
440 3552 573 3610 Alleluia.
593 3553 791 3610 serretellae
815 3573 938 3612 munera

111 3644 165 3698 eto.
178 3641 240 3697 Alio
254 3642 371 3699 Secreta.
384 3643 463 3699 Hanc
475 3647 534 3698 Dne
552 3660 587 3715 qs
598 3643 774 3699 oblationem
789 3661 840 3716 pro
855 3660 937 3701 eom·

111 3731 323 3787 memoratione
341 3731 418 3789 beati
439 3731 527 3788 Marci
544 3735 599 3789 otc.
613 3733 685 3789 Com.
701 3732 791 3790 Petite
813 3737 841 3789 et
863 3732 937 3789 acci·

112 3819 209 3893 pietis,
230 3819 363 3876 Alleluia.
386 3822 426 3876 Ac
448 3821 645 3893 necopinantem.
659 3821 733 3878 Vota
757 3825 858 3879 nostra
881 3826 936 3879 etc.

1029 4149 1113 4206 nobis
1128 4149 1232 4204 Filium
1248 4164 1299 4204 ora
1314 4146 1462 4203 Christum
1474 4144 1646 4201 Dominum.

994 4240 1116 4296 Summo
1131 4237 1210 4305 sedis
1225 4237 1360 4306 minister
1372 4233 1438 4308 quie
1451 4237 1484 4290 ut
1497 4233 1577 4303 Deus
1589 4231 1734 4291 Miehnhel
1746 4244 1796 4287 cum

348 4381 352 4391 .
369 4380 374 4392 .
599 4383 604 4392 .
1030 4326 1167 4400 supernis
1180 4325 1294 4382 civibus
1308 4341 1362 4382 nos
1371 4325 1472 4397 juvato
1487 4321 1635 4397 precibus.

148 4380 272 4437 Mentem
285 4380 401 4437 sfflmhae
412 4385 467 4436 tum
479 4398 513 4454 ‘³³
524 4382 585 4437 Bne
597 4383 792 4484 ¹¹¹tf³r⁰f³d³¹¹t⁰
806 4386 890 4485 pem
904 4387 940 4456 N·
995 4419 1082 4474 Preco
1097 4415 1204 4472 Christi
1219 4414 1368 4471 lohannes
1382 4406 1456 4485 Agni
1477 4410 1528 4467 Dei
1552 4417 1688 4468 ostensor
1699 4408 1796 4465 rodem·
1859 4414 1862 4473 ζ

112 4473 238 4543 martyre
248 4473 298 4526 tuo
309 4474 338 4527 ct
348 4487 469 4528 munere
479 4475 714 4546 compunctionis
734 4480 865 4546 aper1,et
882 4477 939 4533 lar·
1029 4505 1100 4562 toris
1116 4503 1247 4578 Raptim
1261 4519 1315 4559 nos
1332 4503 1387 4558 Deo
1403 4499 1536 4558 eoncilia·

111 4555 937 4660 gitatenpietatuisexaudi.·rllio.Deusquiculpasdelin-
993 4596 1277 4653 Sanctepegoecum
1297 4589 1385 4647 paulo
1407 4589 1582 4664 cunctisque
1605 4585 1794 4662 apostolisim·
1860 4618 1862 4629 .

111 4647 265 4716 quentrum
281 4645 411 4702 districte
425 4647 553 4704 serrendo
568 4647 804 4720 percutislletus
820 4669 937 4726 quoque
1026 4685 1137 4758 plorate
1150 4700 1203 4755 pm
1218 4681 1303 4738 nobi„
1318 4679 1484 4756 majestatis
1497 4659 1669 4734 Dominum.

110 4732 275 4834 lugeptipm
287 4751 345 4791 ¹¹⁰⁰
359 4742 524 4838 refusam?
536 4738 585 4810 qui
601 4738 716 4839 2⁰⁰di¹⁸
731 4739 786 4794 tum
796 4740 935 4841 .⁸¹¹im⁸d'
979 4776 1100 4848 -Martyr
1114 4771 1228 4831 Christe
1242 4770 1389 4841 Theodoto
1407 4773 1588 4844 patremque
1602 4766 1712 4823 Albano
1723 4754 1790 4821 sind

109 4839 252 4879 versionis
267 4839 467 4897 cognovimus,
483 4830 570 4882 otram
593 4832 709 4901 pietatis
720 4834 852 4902 ,gratiam
868 4849 934 4889 seu·
1021 4864 1134 4937 junctis
1146 4860 1259 4928 merit-,3
1275 4877 1328 4917 „03
1343 4857 1445 4928 39va
1459 4855 1648 4933 minibus,
1669 4840 1672 4845 '

109 4913 228 5015 tiernus.
243 4912 305 4969 Per.
316 4912 388 5014 4¹1⁰?
399 4913 486 4971 Parce
502 4914 674 5016 Dneqparce
692 4918 805 5019 'populo
823 4923 885 4988 tuo,
904 4925 936 4977 nt
982 4948 1347 5025 :Pmmmagtygsgephgng
1368 4963 1470 5003 omne„
1495 4951 1584 5020 atqu„
1606 4948 1786 5025 mammos
1857 4971 1862 5015 t

108 5001 199 5058 nullis
205 5019 269 5074 Jnm
281 5007 402 5074 patrans
412 5003 637 5063 adversitatibus
648 5007 774 5081 tetigere,
788 5025 862 5080 quos
873 5026 935 5083 pre-
1024 5045 1104 5098 orate
1119 5057 1171 5114 pm
1186 5037 1301 5096 cunctis
1315 5035 1450 5111 plebibus
1463 5034 1627 5114 cathomis·
1660 5018 1664 5025 “

108 5090 184 5148 tioso
200 5090 264 5148 Filii
278 5091 321 5148 tui
337 5093 481 5166 sanguine
496 5095 657 5164 redemisti,
669 5096 721 5168 qui
736 5099 841 5154 tecum.
980 5121 1156 5191 ,Onssodagde
1169 5128 1320 5190 confessor
1339 5125 1523 5199 Marpqngqug
1546 5123 1658 5198 parite„
1670 5137 1720 5187 μοι
1732 5125 1782 5195 Δομιια
1854 5124 1862 5161 2

436 5202 478 5257 M
491 5218 608 5259 cmm·
1023 5218 1241 5279 confessoribus
1256 5216 1391 5288 adjuvate
1405 5197 1552 5289 precibus.
1852 5200 1862 5279 ἶ

144 5299 219 5351 Deus
235 5295 280 5352 cui
291 5297 393 5371 culpas
407 5302 524 5358 nostres
538 5299 595 5373 piis
609 5299 778 5358 verberibus
793 5304 932 5374 percutis,
988 5313 1065 5370 Osa
1075 5312 1186 5381 martyr
1203 5305 1337 5364 Felicitas
1355 5303 1459 5361 cohors
1477 5308 1568 5376 Quo
1588 5301 1727 5381 virgiuum
1736 5303 1781 5369 Mt·
1851 5337 1862 5373 .

108 5386 141 5438 ut
165 5399 218 5440 nos
233 5402 249 5440 n
264 5387 372 5444 nostris
397 5388 604 5461 iniquitatibus
627 5389 780 5459 emundes,
796 5392 834 5447 da
848 5394 933 5460 nobis
1024 5402 1107 5458 cibus
1121 5395 1268 5454 continuis
1282 5393 1428 5467 postulate
1443 5410 1495 5466 pro
1511 5391 1609 5450 nobis.
1852 5396 1861 5412 ·“

108 5475 137 5527 θῑ
152 5472 187 5528 ‘¹⁰
203 5474 320 5532 lelbsslss
334 5481 384 5534 l¹¹⁰
399 5480 550 5551 Ρΐῦῦὓθΐθ,
564 5482 595 5536 Ol
611 5479 646 5537 ὅθ
663 5481 714 5535 lut
727 5478 814 5538 <lilius
829 5499 933 5542 001100·
989 5481 1206 5548 Omnes'sancti
1220 5482 1337 5553 Domini
1352 5481 1455 5557 Angeli
1471 5486 1499 5538 et
1516 5481 1655 5540 homines
1668 5483 1778 5538 commen·
1851 5477 1862 5514 ²

109 5557 216 5616 latione
230 5564 445 5634 gandere.·Per.
1024 5580 1090 5635 date
1106 5575 1229 5650 populos
1244 5571 1561 5647 Dominossntholicos.
1850 5545 1862 5583 ¹
