3878 6098
56 300 118 384 soe
457 316 511 383 aa
530 312 845 385 suceessoavens
867 315 899 379 s.
922 310 1110 383 aaronem
1123 318 1171 383 *ru
1193 309 1360 384 rosseo.
1699 308 1761 381 ato

56 455 160 531 gentos
175 455 205 510 et
218 450 340 527 insuper
353 450 481 510 aadcctm
493 453 533 526 (8)
549 468 667 509 mensos
682 467 750 508 cnm
774 467 882 525 suppo·
896 448 925 519 Α
938 453 1176 527 comprobantur.
1193 452 1368 509 adalbertus
1384 451 1474 527 igitur
1494 449 1622 526 predicti
1647 449 1761 508 abbatis

57 544 123 602 aitis
139 544 178 617 (9)
200 542 331 600 ccelesiis
355 558 390 599 aa
410 542 476 617 ipsa
501 542 618 599 abbatia
645 542 798 614 usurpavit
826 541 883 598 sibi
938 544 984 599 sui
1000 543 1138 600 suffultus
1154 542 1468 610 subsidio,monastieae
1484 541 1761 614 professionisviros

57 632 182 689 ambitio
198 632 292 688 ducis.
938 633 1105 707 aggregavit
1115 632 1143 689 in
1157 634 1276 705 prelato
1289 630 1760 704 coenobio,interquosBlidulfum

91 721 166 778 Cum
182 726 282 778 antem
297 721 333 777 ab
347 720 498 779 incarnato
509 722 632 778 Domino
648 722 771 778 instaret
790 721 882 777 octin-
937 723 1007 780 olim
1024 723 1198 779 Metensium
1210 721 1452 795 primicerium,et
1462 720 1667 777 Gundelohum
1679 720 1762 777 nobi-

58 811 242 886 gantesimus
261 810 470 884 nonagesimus
494 816 594 868 sextus
620 829 726 879 annes,
741 812 883 868 Arnnlsus
937 811 1085 868 tissimum
1102 812 1152 867 Dei
1168 811 1419 868 famulumntmbo
1431 827 1536 883 nempe
1546 809 1594 866 isti
1607 811 1664 867 Deo
1680 808 1761 882 digni

60 901 156 956 Rome
171 899 269 956 Cesar
282 900 408 956 efficitur
419 916 426 957 :
438 901 584 974 evestigio
599 901 731 958 inaudita
746 901 793 957 lue
804 918 883 957 mor·
936 900 989 957 viri
1004 900 1063 955 vita
1077 906 1106 956 et
1121 900 1218 973 specie
1234 900 1439 972 monaehi‚pcr
1453 899 1552 955 omnia
1565 907 1690 971 parentes
1705 900 1761 971 (13)

59 988 181 1046 talitatis
197 989 403 1060 subsequente,
411 995 499 1062 atque
514 990 600 1047 samis
615 991 749 1047 homines
764 990 883 1047 bomine
936 992 1063 1062 paterna
1079 987 1233 1056 volantati,
1250 989 1286 1044 ab
1302 988 1406 1044 abbate
1421 985 1544 1043 amaldo
1564 985 1761 1043 commendati

59 1077 132 1134 vesci
147 1078 291 1150 cogentis.
305 1077 528 1136 zuendeboldus
551 1095 668 1153 quoqne
680 1084 822 1153 tyrannus
838 1079 881 1152 ip·
936 1077 1053 1134 inerant
1066 1077 1135 1134 hnic
1151 1078 1259 1134 abbati.

59 1167 120 1223 sias
134 1165 248 1222 Arnnlfi
264 1164 354 1232 filius,
366 1167 575 1242 lotharingam
591 1167 770 1242 provinciam
786 1168 883 1241 dispo·
1239 1219 1356 1277 CAPUT
1381 1220 1447 1274 vm

59 1268 125 1312 nore
140 1254 315 1328 permissus,
331 1256 469 1313 indebilis
484 1257 587 1332 tlagitii
607 1262 676 1314 nota
700 1257 883 1314 dedecoravit
1451 1263 1457 1275 “

59 1345 205 1419 primitias
234 1344 280 1401 sui
305 1345 505 1419 principatns;
531 1345 708 1420 pretitulato
735 1347 882 1420 siquidem
973 1347 1040 1401 Post
1055 1347 1114 1401 heae
1130 1345 1290 1402 oratorium
1312 1345 1444 1417 gloriose
1465 1344 1585 1418 virginis
1609 1348 1638 1401 et
1658 1345 1760 1401 matris

58 1441 134 1492 tuno
150 1434 234 1490 illam
249 1434 395 1491 tantulam
408 1435 622 1510 delegationem
648 1438 808 1510 prebenda
823 1456 883 1493 mo·
937 1434 1052 1491 Domini
1070 1434 1166 1490 illaria
1182 1434 1283 1490 erebro
1300 1433 1412 1506 fragore
1423 1435 1538 1489 ruinam
1550 1434 1594 1489 sui
1608 1434 1759 1501 minitans,

59 1523 220 1581 anchorum
237 1522 296 1579 illio
312 1523 408 1585 adbuc
423 1525 478 1580 sub
494 1524 615 1599 Pippino
627 1525 732 1582 abbate
741 1527 884 1582 excuban·
937 1526 1014 1581 idem
1031 1525 1123 1581 abbas
1137 1523 1273 1597 cupiebat
1286 1521 1599 1594 diruere,alternmque
1609 1521 1658 1578 illo
1669 1539 1761 1595 augu-

57 1618 130 1679 tam,
141 1614 213 1685 jure
227 1613 361 1669 beneficii
375 1615 522 1670 concessit
537 1615 644 1672 Hillino
659 1616 715 1688 (10)
730 1616 840 1684 comiti,
853 1616 882 1671 in
938 1616 1013 1671 suus
1029 1613 1270 1682 restaurarc;eed
1280 1612 1349 1684 qnia
1361 1612 1515 1667 conatibus
1525 1612 1588 1684 ejus
1600 1611 1761 1684 plurimum

58 1704 142 1775 cnjus
155 1701 294 1758 clientela
306 1701 355 1758 vix
369 1702 480 1775 aliquot
502 1703 633 1760 canonici
657 1705 793 1776 permissi
814 1709 884 1761 sunt
938 1704 1073 1760 obviabat
1087 1703 1164 1776 quod
1179 1700 1343 1758 venerabile
1358 1701 1525 1774 S.praesulis
1538 1690 1646 1757 Hidulli
1657 1717 1763 1773 cerpus

57 1790 228 1855 immorariz
244 1791 378 1864 stirpitus
394 1791 461 1848 bino
477 1792 577 1850 avulso
592 1793 694 1851 ordine
706 1793 882 1861 monachali,
900 1826 924 1891 B
939 1810 1032 1865 usque
1049 1793 1084 1848 ad
1101 1791 1173 1848 illud
1190 1795 1307 1863 tempus
1324 1791 1432 1847 ibidem
1444 1808 1511 1846 area
1522 1807 1608 1847 saxea
1618 1790 1762 1855 servabat,

57 1879 196 1937 uidelicet
212 1880 283 1952 quia
304 1885 383 1937 ess'et
406 1880 519 1940 clericis
542 1883 712 1939 indifferens
736 1884 840 1948 vietus,
856 1888 886 1939 et
940 1886 1038 1939 coacto
1054 1882 1194 1938 abbatum
1208 1897 1242 1935 ac
1257 1880 1419 1935 vicinorum
1434 1879 1604 1936 elericorum
1616 1879 1765 1953 religioso

57 1969 127 2042 quia
140 1968 240 2041 magis
255 1968 412 2040 penellaris
428 1986 518 2042 quam
533 1971 700 2028 communis
716 1972 756 2029 rei
780 1972 886 2028 innita·
940 1980 1065 2043 ruraque
1078 1968 1211 2034 concilio,
1228 1968 1300 2023 illud
1320 1969 1447 2024 decrevit
1470 1967 1563 2024 levare
1587 1968 1712 2035 tumulo,
1730 1985 1764 2025 ao

58 2060 160 2114 matur
174 2057 357 2130 sumptibus.
374 2057 446 2114 lluic
461 2060 604 2116 successit
619 2060 765 2132 ltiqninus
782 2076 886 2117 secun·
940 2063 1079 2132 apparato
1094 2058 1189 2114 locare
1205 2058 1235 2113 in
1248 2056 1451 2123 scrinio.Quod
1468 2073 1535 2112 cum
1551 2057 1690 2112 omnibns
1701 2055 1764 2129 pla·

58 2147 125 2213 dus,
139 2145 247 2202 tertiam
262 2144 339 2215 Otto,
356 2164 413 2219 quo
429 2149 586 2220 superstite
601 2148 702 2206 civitas
722 2149 835 2206 Basilea
850 2151 886 2206 ab
941 2149 1060 2216 auisset,
1077 2164 1109 2204 ao
1125 2151 1213 2203 tanta
1228 2147 1267 2203 rei
1286 2147 1468 2220 perficienda
1483 2146 1637 2211 instarent,
1649 2145 1764 2201 consilii

57 2235 174 2293 llnnnis
189 2237 356 2309 expugnata
370 2240 459 2310 atquo
473 2242 586 2311 aquata
602 2243 646 2296 est
656 2238 769 2296 sololn
781 2240 888 2295 Media·
942 2238 997 2294 fuit
1013 2241 1044 2292 nt
1059 2237 1083 2293 si
1099 2254 1198 2294 saeros
1213 2240 1304 2305 artus,
1322 2253 1374 2292 scu
1393 2234 1466 2291 velle
1490 2235 1647 2302 habebant,
1664 2250 1765 2290 recon-

57 2342 94 2383 no
108 2328 210 2382 mrtem
226 2324 358 2381 cenobio
373 2325 506 2382 attribue
517 2326 611 2382 eidem
623 2328 887 2384 conterminalibus
941 2327 1009 2383 dere
1024 2324 1349 2399 quissent,monasterio
1364 2324 1525 2380 devotionis
1539 2324 1634 2396 gratia
1644 2324 1767 2379 circum-

57 2415 116 2486 pt)
131 2413 321 2471 monasteriis
335 2414 383 2470 vix
406 2414 515 2488 singuli
540 2413 637 2472 clerici
658 2417 792 2473 teruntur
806 2434 886 2473 rese·
942 2416 1060 2473 terrent.
1077 2418 1114 2471 At
1129 2415 1269 2488 quoniam
1284 2413 1393 2469 minaci
1408 2412 1509 2468 nubilo
1525 2412 1679 2485 pendente,
1697 2411 1768 2468 solis

56 2503 138 2560 disse
152 2501 308 2559 nonnullis
329 2503 493 2570 mensibus,
508 2504 538 2559 in'
563 2505 673 2561 eisdem
699 2506 887 2563 observantes
942 2522 975 2563 ae
991 2506 1120 2561 siderum
1142 2505 1230 2560 facies
1255 2503 1455 2576 denegabatur
1468 2501 1710 2567 terris,menstrui
1726 2502 1769 2573 [ln

56 2591 200 2651 moabiae
213 2589 344 2665 vulgaris
359 2591 647 2664 parochiel'andem
663 2594 693 2649 in
709 2594 836 2650 culmine
846 2612 889 2651 re·
940 2597 1121 2666 manscript.
1134 2595 1235 2663 legitur
1246 2592 1405 2659 mensurni]
1419 2590 1522 2646 imbris
1533 2588 1715 2646 vehementia
1727 2607 1769 2645 re-

56 2682 109 2756 gni
125 2680 257 2737 ilenrico*
267 2681 397 2753 (Auceps)
422 2681 564 2750 stabilito,
580 2687 609 2739 et
633 2683 751 2740 Barbari
775 2688 889 2740 vetatur
943 2683 1059 2754 solutis,
1071 2701 1123 2739 nec
1138 2682 1274 2738 valebant
1287 2698 1354 2737 eum
1367 2679 1574 2737 ecclesiasticis
1585 2677 1768 2735 ornamentis

58 2769 288 2842 temptantque
303 2769 446 2842 paulatim
460 2771 679 2828 convalescente
698 2773 804 2846 patria,
819 2773 888 2830 illuc
943 2774 1077 2831 secedere
1091 2770 1298 2841 tectis,annuit
1313 2771 1403 2827 abbas
1419 2773 1451 2825 ut
1467 2767 1538 2826 solis
1548 2767 1769 2824 circumferren-

57 2859 257 2931 minagmtur
271 2856 447 2913 imminutus
471 2859 679 2915 canonicorum
705 2857 847 2917 numerus
860 2865 889 2917 et
943 2867 991 2919 tur
1006 2860 1208 2918 claustris.Ubi
1221 2865 1318 2917 tamen
1336 2860 1372 2914 ad
1388 2859 1521 2917 tumbam
1538 2858 1630 2914 saneti
1643 2873 1709 2913 cum
1721 2872 1766 2913 ee·

57 2942 141 3005 ordo.
157 2945 233 3002 Huic
246 2947 309 3018 J'am
325 2945 424 3002 comiti
440 2946 538 3003 Ottoni
553 2954 676 3020 quartus
692 2945 764 3004 Boso
776 2966 890 3006 sucees-
943 2954 1000 3009 reis
1016 2969 1049 3008 ac
1065 2950 1302 3007 thimiamateriis
1323 2949 1413 3022 [torta
1427 2947 1631 3021 thymiateriis]
1648 2949 1766 3002 ventum

57 3037 99 3097 sit
113 3037 144 3092 in
158 3033 448 3092 administrationem
465 3053 563 3092 rerum
587 3036 681 3108 ipsius
705 3039 887 3107 monasterii,
943 3045 1034 3109 astae
1044 3038 1214 3114 operculum
1229 3038 1271 3095 illi
1282 3038 1461 3094 subductum
1473 3037 1640 3110 est,pariter
1650 3052 1767 3108 quoque

57 3130 89 3183 ot
102 3125 175 3181 haic
189 3123 299 3180 deinde
311 3123 434 3196 quintus
449 3126 595 3182 Amardus
610 3129 777 3198 postremus
794 3128 887 3200 provi·
944 3130 1064 3205 gravida
1079 3128 1188 3186 madidi
1204 3128 1280 3184 aeris
1295 3127 1373 3201 palla
1391 3124 1577 3193 discinditur,
1592 3125 1702 3182 ridente
1719 3142 1767 3181 se·

57 3232 109 3275 m
121 3212 276 3271 exterioris
290 3212 517 3285 suppellectilis;
533 3216 583 3270 sed
601 3214 715 3287 primus
736 3216 889 3274 institutor
903 3188 924 3264 G
944 3235 1024 3285 reno,
1040 3223 1069 3275 et
1081 3216 1236 3292 terrigenis
1250 3217 1301 3273 lux
1316 3217 1365 3272 diu
1376 3216 1522 3289 suspirata
1533 3213 1665 3270 redditur
1675 3213 1767 3269 conti-

58 3302 232 3363 monastiea
246 3300 398 3375 religionis
413 3301 443 3358 in
458 3301 508 3358 illo
519 3303 581 3360 looo
593 3303 704 3359 exstitit
714 3305 890 3362 Gislibertns
944 3324 1012 3373 nno,
1031 3312 1177 3380 quatenus
1192 3305 1305 3362 cunctis
1320 3305 1444 3378 liqueret
1462 3307 1572 3376 quanta
1595 3302 1767 3357 moritorum

59 3392 203 3465 (12),un
212 3392 277 3464 jam
293 3395 412 3447 venerat
424 3395 542 3464 tempus
557 3392 715 3449 miserendi
730 3395 889 3466 ejusaem·
944 3396 1077 3454 claritate
1092 3397 1120 3451 in
1136 3396 1267 3451 vivorum
1285 3394 1400 3467 ragione
1416 3393 1539 3465 fulgeret
1558 3390 1666 3456 anima,
1683 3389 1769 3460 cujus

61 3499 125 3538 m
137 3482 243 3540 meaa
256 3482 404 3549 amentata
417 3489 443 3536 et
456 3496 506 3536 aaa
519 3483 688 3546 annunciat
700 3498 783 3555 usqae
794 3483 829 3539 ud
841 3488 890 3540 lm·
946 3486 1058 3543 exuviis
1073 3485 1242 3541 arridebant
1256 3484 1285 3539 in
1301 3483 1387 3539 terris
1402 3498 1478 3537 aera.
1493 3479 1580 3535 Nefas
1604 3477 1682 3534 enim
1708 3479 1771 3533 erat

60 3573 171 3644 priam
186 3569 534 3642 terebenthinam
544 3573 745 3644 principis,lteo
757 3575 891 3629 miserun-
945 3575 1088 3632 elemento
1102 3591 1159 3630 non
1175 3588 1292 3645 parcere
1309 3569 1493 3636 mortalibus,
1510 3584 1636 3641 quornm
1657 3565 1769 3621 devotio

61 3660 308 3734 antemnarum
321 3661 460 3716 concaluit
472 3660 673 3733 illiaqcomvts
688 3679 742 3717 non
757 3671 788 3718 ut
800 3665 890 3734 prius,
945 3663 1111 3738 opponebat
1126 3661 1279 3718 Trinitatis
1294 3658 1495 3715 habitaculum
1511 3658 1575 3727 ejas
1595 3654 1767 3712 terroribus.

64 3751 227 3806 canutam
240 3749 397 3818 rcttpc'om's,
406 3751 539 3806 instantio
553 3748 648 3806 domm
662 3752 800 3807 amnonis
815 3769 891 3810 rcere·
946 3754 1036 3827 Cujus
1052 3751 1093 3808 rei
1103 3749 1248 3807 evidentia
1258 3748 1434 3804 confricatus
1443 3745 1559 3802 animus
1569 3743 1768 3818 presentium,

67 3838 143 3895 mi
156 3838 330 3894 mannen
343 3839 487 3894 antistitis.
944 3841 1138 3899 incalescebat
1147 3839 1181 3894 ad
1193 3835 1350 3893 invisibilis
1365 3834 1446 3909 regui
1459 3832 1636 3890 desiderium
1649 3848 1656 3886 ε
1667 3831 1698 3886 in
1710 3847 1768 3902 qno

946 3929 996 3986 ille
1006 3930 1090 4002 eujus
1100 3928 1129 3983 in
1142 3926 1362 4001 presentiarum
1372 3923 1528 3980 cernebant
1536 3920 1770 3994 corpus,eviden·

381 3979 495 4038 CAPUT
515 3981 575 4037 VH'
946 4018 1026 4075 tibus
1040 4016 1157 4072 indiciis
1173 4014 1344 4072 ostendebat
1359 4029 1390 4069 se
1406 4012 1470 4084 Jam
1495 4010 1638 4082 recepisse
1662 4008 1770 4064 stolam

99 4105 259 4162 nerdense
266 4104 432 4161 cenobium
443 4106 895 4179 subindnstrianmoldttrectiaa
948 4125 1049 4173 uuam,
1065 4107 1095 4162 in
1111 4105 1158 4161 die
1173 4120 1290 4177 quoqne
1306 4118 1444 4174 suprema
1454 4103 1661 4172 suscepturum
1673 4097 1772 4153 aliam.

70 4193 194 4265 ainaldi}
210 4193 337 4250 nimium
351 4195 515 4250 reserenda
530 4195 594 4250 vite
605 4196 721 4253 abbatis
730 4194 816 4269 longo
825 4196 895 4253 late·
948 4197 1096 4262 Quantum
1107 4194 1303 4266 lacrymarum
1315 4190 1538 4263 gemituumque
1548 4186 1672 4243 dulciter
1687 4202 1721 4241 ex
1732 4185 1775 4240 in-

71 4300 126 4356 que
139 4283 276 4340 vibrabat
292 4283 390 4339 radios
405 4284 574 4340 monastica
590 4283 808 4357 religionis,ubi
824 4290 894 4342 tnnc
950 4284 1013 4343 timi
1030 4283 1121 4340 animi
1138 4280 1275 4338 medullis
1290 4278 1544 4353 prorumpentium
1560 4276 1599 4331 ibi
1622 4276 1721 4329 susum
1737 4273 1776 4327 sit

72 4371 192 4445 degebat
205 4370 238 4426 in
247 4371 385 4428 monachi
396 4371 498 4428 babitu
509 4372 630 4445 qnidam
641 4372 816 4430 adalbertus
827 4392 894 4430 san·
950 4375 1038 4448 digne
1047 4370 1182 4445 proloqui
1190 4370 1287 4426 carnis
1300 4366 1413 4441 lingula
1424 4363 1666 4437 nequit.Tandem
1677 4376 1776 4416 sne-ras

74 4461 329 4533 pinepritnatum
340 4462 423 4535 regni
434 4461 635 4534 sublimis,qui
647 4479 769 4519 anorum
780 4468 808 4518 et
818 4464 896 4536 prin·
950 4462 1090 4535 reliquias
1107 4459 1199 4514 nitido
1216 4456 1393 4513 involventes
1410 4452 1509 4525 pallio,
1524 4451 1621 4522 ligneo
1646 4447 1776 4503 recondi·

75 4549 153 4621 apua
167 4549 281 4622 prelati
294 4549 411 4607 comitis
423 4547 572 4607 Gisliberti
589 4552 680 4607 lretns
705 4552 895 4623 adminiculo,
914 4564 936 4632 1}
952 4555 1019 4609 dere
1031 4547 1231 4619 scrinio,qnod
1244 4546 1428 4616 imponentes
1440 4539 1569 4612 scapulis
1579 4536 1703 4594 intulere
1714 4553 1776 4592 ora·

77 4636 186 4694 entitur
198 4638 267 4693 duci
284 4638 492 4705 Friden'co,oui
505 4640 599 4696 inerat
616 4640 741 4696 Mediani
754 4647 898 4699 monaste-
952 4641 1026 4698 torio
1041 4638 1118 4695 beati
1134 4635 1202 4707 Apri
1219 4630 1394 4689 confessoris
1410 4629 1518 4684 Christi
1534 4644 1540 4681 :
1559 4627 1685 4699 indeque
1709 4641 1777 4682 mox

77 4726 217 4799 nipcr'id
228 4727 674 4801 tempnsdispositio.hqnoloei
686 4729 896 4802 gubernatione
950 4733 1112 4793 efferentes,
1129 4725 1219 4780 altera
1248 4719 1372 4794 regressi
1388 4718 1580 4773 riainvcxerc
1604 4714 1778 4777 monasterii

77 4814 408 4884 muamobaatieum
423 4817 554 4874 ordinem
568 4817 677 4874 ibidem
690 4819 897 4876 restitnereest
950 4816 1088 4879 claustris
1103 4831 1141 4868 vn
1155 4810 1225 4881 (11.)
1240 4809 1308 4864 ldus
1323 4805 1506 4874 Novembris,
1524 4808 1604 4861 tanto
1626 4803 1720 4859 funeri
1733 4802 1778 4856 in·

74 4903 896 4980 junna'l'uncetiamrellgioausdnxsubconfirmatione
951 4911 1102 4984 speratum
1118 4898 1292 4973 obsequium
1314 4914 1378 4954 aere
1401 4897 1556 4970 prebente,
1573 4899 1602 4950 ct
1628 4896 1694 4966 post
1715 4892 1779 4961 ejus

77 4992 258 5067 ehirographi
273 4993 401 5051 restituit
414 4995 482 5052 hnic
496 4996 560 5052 loco
574 4995 713 5052 ccclesias
735 5013 809 5068 quas
825 4997 894 5054 olim
951 4993 1172 5057 collocationem
1189 4986 1340 5045 nonnullis
1357 4986 1461 5041 diebus
1478 4985 1554 5040 idem
1576 4982 1776 5048 conservante·

78 5081 616 5158 possedissedignoscitnr30tqnidquid
624 5082 756 5141 canonici
764 5086 896 5143 tenuisse
954 5092 1016 5157 Qua
1030 5085 1066 5142 de
1082 5098 1112 5139 re
1127 5077 1277 5136 communi
1294 5080 1468 5132 cunctorum
1482 5077 1548 5128 voto
1559 5071 1637 5125 huno
1647 5068 1724 5123 diem
1737 5082 1780 5122 ce·

107 5176 146 5257 (a)
160 5190 208 5246 lta
222 5191 414 5265 manuscript:
430 5191 583 5265 Eptcruao.
598 5188 751 5248 Riohcrius
771 5195 800 5247 et
813 5193 898 5249 loun.
955 5197 1039 5250 lavet.
1245 5255 1251 5266 υ
1598 5245 1604 5256 .

78 5261 235 5334 13110110·
992 5265 1037 5334 (13
1064 5264 1108 5315 Ita
1121 5255 1229 5332 legitur
1242 5271 1273 5309 m
1288 5255 1439 5325 Epternac.
1457 5247 1650 5316 manuscript.

109 5332 197 5415 (91111
212 5331 364 5404 llpternaen
378 5334 569 5408 manuscript.
581 5333 629 5390 hic
644 5334 677 5389 fit
692 5332 796 5389 divisio
811 5335 902 5406 hujus
994 5336 1037 5409 (11
1064 5327 1233 5403 Legendnm
1249 5330 1293 5381 est
1307 5341 1345 5390 vr,
1359 5320 1474 5393 quodie
1486 5314 1783 5386 sestumthustran·

78 5418 109 5457 ea
127 5410 190 5471 rus,
205 5403 285 5475 quod
300 5402 331 5460 in
345 5405 405 5463 duo
419 5406 574 5463 scinditur.
957 5403 1091 5464 elationis
1106 5398 1260 5457 annvratim
1275 5394 1439 5451 celebratur
1453 5391 1483 5473 iu
1495 5387 1627 5445 Mediana
1639 5384 1781 5469 cenobio,

108 5421 167 5542 lto)
182 5475 302 5536 desumo
315 5480 437 5533 vocatur
451 5492 468 5532 a
483 5470 617 5532 Richerio
632 5475 683 5530 lib.
700 5492 730 5543 a,
748 5491 809 5547 cap.
825 5479 853 5531 7.
959 5484 988 5535 et
1003 5480 1031 5533 in
1049 5473 1169 5544 antiquo
1185 5468 1264 5522 illins
1286 5461 1490 5536 Martyrologio
1514 5462 1716 5532 manuscripto
1732 5474 1782 5513 aa·

108 5546 169 5621 (tlt
183 5544 370 5616 Senoniensi,
386 5548 419 5605 St
455 5548 610 5622 egiensi,Jet
625 5546 867 5604 Sandeodatonsi.
961 5553 1088 5607 notatur.

109 5619 167 5689 (12)
184 5615 416 5679 eadbertum
438 5618 759 5686 noomesmouastioae
771 5619 906 5692 religioni
