3878 6096
184 309 244 376 88³
612 311 780 375 lernau.
803 313 854 374 ΑΙ)
877 312 969 375 SAEG.
993 311 1029 372 ll.
1046 309 1231 374 -ornua
1254 326 1452 376 sasanortxa.
1836 304 1897 370 ost

185 445 301 512 alienis,
316 448 381 502 tum
396 445 484 502 etiam
496 445 690 519 precibusque
704 452 733 502 et
752 445 944 517 eleemosynis
960 463 1013 517 pu·
1031 446 1054 512 Α
1071 444 1108 500 ab
1123 443 1204 499 omni
1220 443 1379 499 ambitione
1392 442 1519 510 alienus,
1536 440 1686 513 respondit
1702 454 1708 497 ε
1732 439 1806 507 liuc,
1826 440 1896 498 bea-

185 535 712 609 blicis,priretisqueadimplendum
729 539 1011 607 quoquetestamen·
1064 533 1179 590 tissime
1202 537 1295 605 pater,
1324 532 1393 600 huc,
1418 548 1475 587 noa
1501 548 1576 597 mea,
1594 532 1644 588 sed
1671 530 1811 603 principis
1836 528 1895 589 mei

186 625 316 692 tum,cui
344 627 439 682 erata
463 630 567 698 patruo
587 625 673 680 datus
698 628 850 679 exsecutor
873 623 1011 696 prefatus
1064 640 1155 679 causa
1170 623 1291 688 accessi,
1310 623 1375 692 ejus
1399 620 1559 693 negotium,
1577 636 1635 676 aon
1659 635 1757 675 meum
1782 635 1894 692 gerere,

186 715 358 771 bracciacus
374 731 473 787 nepos,
494 718 604 786 quanta
625 711 730 784 potuit,
753 712 906 783 diligentia
929 728 1012 767 cura·
1066 713 1142 768 sicut
1156 717 1257 768 teneor
1271 716 1301 767 et
1316 711 1464 774 debeo,ita
1478 714 1507 765 et
1528 709 1593 765 volo
1617 708 1782 782 cupioque;
1800 708 1896 780 publi·

185 804 236 860 vit.
260 804 449 859 Successione
472 803 591 858 demum
619 800 761 872 temporis
786 799 883 856 nobile
908 805 1011 872 patruo
1065 819 1129 857 cam
1147 819 1203 857 non
1220 802 1363 874 privatam
1377 799 1893 873 personamagatquisquishocmu·

186 893 369 949 mausoleum
400 908 563 946 marmorea
589 891 653 961 ejus
682 888 778 961 effigie
804 892 1009 958 venustatum,
1065 908 1134 946 nere
1148 890 1281 964 fungitur
1296 894 1324 944 et
1339 889 1494 944 honestum
1507 891 1698 944 etnccessum
1709 887 1894 956 est;hunoreo

185 996 293 1053 magna
316 980 447 1035 omnium
473 978 665 1034 admiratione
687 977 792 1051 sculpi,
816 978 899 1050 fingi,
929 978 1010 1051 pingi
1066 984 1163 1034 autem
1180 979 1270 1050 ipsos,
1287 979 1426 1034 imovero
1442 993 1531 1032 onera
1546 976 1613 1041 ista,
1628 982 1662 1031 ut
1686 975 1760 1031 nihil
1783 993 1892 1046 moror,

181 1069 274 1139 jussit
289 1086 296 1122 :
1065 1068 1107 1123 sie
1123 1084 1176 1124 nec
1189 1084 1288 1135 venor,
1306 1083 1359 1122 nec
1374 1065 1481 1121 ambio.
1491 1065 1646 1138 hugotione
1660 1065 1788 1121 fideliter
1801 1064 1892 1133 obita,

263 1166 399 1220 Nobilitas.
414 1165 498 1215 virtus
513 1170 539 1215 et
554 1165 751 1223 magnificentia
765 1169 863 1220 tecum,
1065 1157 1095 1211 in
1111 1155 1236 1213 Galliam
1252 1171 1414 1228 regressus,
1430 1154 1573 1208 creditum
1590 1152 1647 1209 sibi
1670 1168 1789 1225 gregem
1804 1154 1894 1227 coepit

263 1230 318 1285 llic,
328 1228 582 1291 franciscejeceut,
592 1228 725 1278 limccoelc
736 1228 1011 1292 ruuuiudigua...tblii
1064 1250 1164 1317 pasto,
1178 1244 1424 1317 ,infantissimus
1444 1242 1547 1298 sedulo
1560 1256 1671 1314 regem,
1687 1241 1894 1315 medefflpquo

219 1331 286 1382 CAP·
303 1327 395 1382 XCIII·
408 1328 444 1382 De
458 1329 601 1382 Frattft'tw
616 1343 633 1381 a
647 1328 799 1382 Dt'ttldvt'lla
812 1326 937 1381 566141ῖά0·
1064 1334 1150 1390 editis
1166 1339 1319 1406 propterea
1335 1331 1607 1397 constitutionibus,
1618 1348 1683 1402 quse
1697 1331 1734 1386 ad
1750 1347 1849 1386 mores
1863 1334 1894 1388 et

214 1429 251 1479 ln
268 1425 396 1480 defuncti
415 1426 510 1494 patrui
523 1424 618 1479 locum
631 1426 771 1479 suffectus
784 1424 1011 1480 estl'raucissus
1064 1423 1261 1480 Christianam
1279 1422 1416 1494 pietatem
1432 1423 1571 1476 facerent.
1589 1418 1750 1474 Moliuutur
1774 1418 1892 1475 interim

184 1528 285 1583 nepus,
303 1512 410 1568 Caaltcri
425 1531 442 1566 a
458 1512 817 1568 ltintavilla'l'ricaticrum
834 1511 967 1584 presidis
982 1516 1011 1568 et
1063 1511 1175 1567 homini
1193 1511 1264 1566 nihil
1281 1510 1338 1565 talc
1355 1509 1495 1565 metuenti
1512 1508 1728 1580 insidie,atquc
1739 1506 1892 1564 abaulicis

183 1603 273 1656 Annae
289 1600 433 1657 aPlacida
443 1602 516 1657 Sede
526 1602 610 1656 dicte
621 1600 765 1664 filiusQui
777 1600 903 1656 tonellus
914 1601 1010 1657 adhuc
1064 1606 1093 1656 ct
1107 1601 1296 1672 magnatibus
1312 1599 1502 1671 quibusdam,
1518 1612 1643 1670 quorum
1660 1596 1820 1653 malevolos
1829 1595 1892 1653 ani·

184 1705 266 1760 puer,
290 1689 385 1761 prima
404 1689 600 1762 grammatica
625 1691 792 1745 rudimenta
815 1689 914 1746 'l'recis
939 1689 1010 1745 hau·
1064 1706 1128 1744 mos
1143 1690 1179 1745 oh
1195 1689 1338 1744 feliciores
1353 1688 1406 1742 viri
1422 1683 1892 1743 successusinvidialabesaltius

184 1777 273 1844 aiens,
291 1778 350 1833 huc
366 1779 511 1834 Lutetiam
525 1797 542 1834 a
557 1779 729 1850 parentibus
744 1779 855 1834 missus
869 1779 947 1849 apud
962 1795 1008 1834 re·
1024 1813 1047 1878 B
1064 1778 1219 1845 irrecderat,
1237 1778 1267 1832 in
1283 1777 1360 1849 regis
1382 1776 1482 1832 odium
1508 1775 1618 1831 sensim
1645 1773 1813 1830 adducitur.
1828 1775 1891 1841 Quo

183 1865 262 1937 giam
276 1866 357 1921 illam
379 1868 572 1924 Navarrorum
598 1867 740 1934 scholam,
760 1867 1007 1924 mansuetioribus
1062 1868 1172 1923 factum
1188 1870 1279 1932 estut
1293 1870 1407 1920 mature
1420 1866 1457 1919 ab
1472 1863 1575 1919 amicis
1590 1867 1889 1936 persuasusmeatro·

184 1955 278 2010 inusis
304 1955 534 2029 liberalibusque
554 1956 719 2030 disciplinis
734 1957 898 2025 institutus,
916 1957 1007 2012 Picta-
1061 1957 1124 2011 cius
1140 1973 1158 2012 a
1172 1955 1337 2011 furentibus
1351 1953 1466 2009 emulis
1482 1954 1679 2026 impeteretur,
1696 1950 1827 2025 petrium
1844 1968 1891 2009 so·

182 2058 250 2098 vum
266 2045 333 2100 deiu
350 2045 558 2118 Pataviumque
568 2046 809 2119 jurisprudentiae
823 2045 1008 2118 dicatagym-
1061 2046 1123 2101 lum
1138 2049 1271 2107 verteret.
1288 2061 1321 2100 ac
1343 2047 1404 2099 toto
1430 2043 1520 2099 ferme
1541 2041 1665 2098 triennio
1680 2041 1759 2113 apud
1775 2046 1890 2098 exteros

184 2132 267 2188 nasia
279 2133 477 2206 adiens,juris
492 2135 644 2207 utriusque
659 2140 689 2191 ct
703 2133 795 2190 civilis
810 2139 839 2190 et
853 2133 1006 2206 pontificii,
1061 2134 1206 2206 primatus
1221 2138 1328 2205 ageret.
1346 2133 1379 2188 ln
1395 2149 1429 2188 ca
1446 2129 1677 2204 peregrinatione
1701 2130 1827 2186 Romam
1840 2145 1889 2185 vo·

182 2236 288 2277 arcane
307 2221 419 2289 didicit,
444 2227 528 2279 tanta
547 2240 663 2280 morum
685 2240 718 2279 ac
739 2226 804 2279 vita
828 2223 1004 2295 integritate,
1060 2221 1175 2291 niens,a
1188 2221 1276 2278 Paulo
1290 2221 1327 2278 lll
1343 2221 1480 2293 pontifice
1497 2219 1623 2275 maximo
1636 2222 1795 2291 susceptus
1805 2221 1891 2274 estet

181 2309 296 2365 utinde
318 2326 452 2367 reversus
475 2312 505 2366 in
528 2312 605 2384 regis
626 2312 771 2368 francisci
796 2311 883 2384 primi
907 2311 1005 2367 aulam
1060 2310 1166 2366 blande
1180 2309 1456 2381 consolatus,neque
1470 2305 1891 2378 illidcfuitcompluriumcer·

181 2398 341 2452 accersitus
367 2399 463 2463 fucrit,
480 2399 663 2456 thesauraria
686 2400 858 2466 pictavensi,
874 2399 1005 2472 prioratu
1060 2398 1202 2454 dinatium
1218 2400 1309 2467 favor,
1324 2398 1396 2471 quin
1412 2402 1439 2453 et
1454 2396 1599 2453 nobilium
1613 2395 1889 2452 Venetorum.l)um

181 2484 331 2541 Ghoisiaco
346 2486 375 2540 in
386 2503 456 2559 agm
473 2487 847 2560 Meldensi‚sacerdotioque
862 2488 1005 2560 Ryceiano
1059 2488 1137 2560 apud
1154 2505 1203 2543 eos
1218 2504 1270 2560 per
1281 2487 1311 2542 id
1325 2490 1442 2559 tempus
1457 2489 1599 2552 moratur,
1614 2484 1741 2557 gratiam
1755 2483 1814 2540 sibi
1830 2498 1890 2541 nou

182 2572 347 2646 lingonum
365 2574 473 2631 tinibus
484 2575 643 2649 insignitus
655 2576 1004 2650 donatusquehocipsum
1060 2576 1204 2632 modicam
1222 2575 1395 2632 conciliavit.

181 2666 357 2734 procurante
372 2664 453 2737 regia
476 2669 595 2737 parente
611 2665 766 2733 ludovica,
783 2665 830 2721 cui
851 2669 914 2720 tum
930 2681 948 2719 a
962 2681 1006 2720 sa-
1095 2666 1213 2721 Detecta
1226 2665 1345 2721 tandem
1361 2664 1556 2737 impostorum
1572 2663 1674 2719 fraude
1685 2661 1833 2718 insontem
1846 2660 1892 2717 in-

180 2751 238 2807 cris
253 2756 281 2806 et
294 2751 488 2825 eleemosynis
503 2754 674 2810 Franciscus
689 2755 736 2810 hic
752 2771 842 2826 napos
856 2758 926 2809 crat.
943 2753 1005 2818 Quo
1059 2754 1237 2826 noxiumque
1260 2753 1386 2810 revocari
1405 2753 1492 2822 jubet
1516 2768 1575 2819 rex,
1602 2766 1741 2808 concessa
1765 2749 1809 2806 illi
1833 2748 1892 2807 ad·

180 2838 211 2894 in
222 2841 428 2909 munere,dum
439 2842 512 2898 citra
522 2842 614 2898 ullam
625 2844 708 2899 fama
724 2841 894 2898 acucminis
905 2846 1005 2898 notam
1057 2860 1160 2899 versus
1174 2859 1224 2898 eos
1239 2842 1289 2915 qui
1306 2842 1437 2898 absentis
1452 2841 1551 2897 sedem
1566 2846 1595 2897 et
1609 2841 1889 2912 bonaoccuparant.

181 2934 300 2984 strenue
315 2935 581 3001 versatur,racantc
594 2930 912 3004 Regiensillcclesia,ad
923 2931 1004 2987 illam
1058 2931 1180 3005 legitimi
1195 2930 1366 3004 experiundi
1382 2930 1529 2997 facultate,
1544 2946 1619 3002 quos
1634 2929 1889 3001 posteajureper·

181 3017 352 3074 nominante
365 3034 433 3092 rege
447 3024 548 3092 pastor
561 3020 833 3078 constituitur.llam
844 3020 1004 3076 Ecclesiam
1057 3037 1184 3094 sequens
1198 3021 1235 3076 ab
1250 3019 1330 3076 illata
1344 3019 1493 3076 calumnie
1507 3035 1572 3075 sese
1582 3015 1887 3092 graviteruindica'uit.

181 3120 247 3159 cum
264 3104 376 3177 aliquot
390 3124 442 3180 per
456 3124 550 3163 annos
565 3108 752 3164 laudabiliter
766 3109 1005 3182 rexissetpropa-
1058 3108 1239 3165 Pestliminio
1263 3125 1406 3175 reversus,
1428 3108 1499 3163 dum
1524 3106 1662 3178 pastorali
1685 3103 1889 3162 sollicitudine

180 3196 245 3248 truc
257 3194 320 3264 jam
336 3195 372 3250 ad
388 3196 503 3252 sanium
522 3202 669 3270 vergente,
684 3202 712 3254 et
726 3198 926 3270 episcopatum
941 3200 1001 3252 An·
1017 3180 1039 3246 C
1058 3196 1204 3253 diaecesim
1221 3214 1305 3253 suam
1321 3197 1458 3252 circumit
1472 3200 1501 3251 et
1514 3195 1660 3263 visitatos
1673 3194 1781 3250 ovibus
1793 3192 1888 3250 credi·

179 3281 419 3340 tissiodcrensem
443 3301 510 3340 cum
532 3285 668 3342 Dervensi
684 3287 872 3353 monasterio,
893 3287 1002 3359 quihus
1056 3284 1095 3341 tis
1109 3302 1167 3341 non
1182 3301 1291 3357 paucas
1306 3284 1490 3357 reperitque
1505 3301 1522 3340 a
1537 3281 1724 3339 clanculariis
1740 3282 1887 3340 hereseos

180 3375 301 3442 praerat
313 3372 412 3429 volens
427 3390 461 3429 ac
475 3378 634 3446 spontanee
648 3376 918 3446 ejurante,dimisso
933 3393 1003 3448 pon·
1057 3373 1512 3430 Lutherauedisseminatoribus
1521 3372 1700 3429 labefactata
1710 3370 1740 3426 in
1750 3386 1886 3428 errorum

178 3459 290 3516 titioatu
305 3461 441 3533 [legiensi
464 3463 728 3520 Autissiodorensis
752 3465 885 3520 Ecclesia
909 3481 1002 3520 caeno·
1056 3463 1139 3519 devia
1153 3463 1392 3519 convenientibus
1408 3460 1596 3518 mercenariis
1615 3457 1780 3532 precipites
1804 3458 1887 3516 ahie·

179 3547 278 3620 hiique
306 3550 460 3607 Dervensis
482 3552 616 3624 regimini
641 3553 849 3608 communibus
869 3552 1001 3609 omnium
1057 3555 1135 3606 runt.
1152 3550 1210 3606 llas
1224 3550 1390 3623 diligenter,
1406 3555 1435 3606 et
1451 3554 1483 3604 ut
1497 3553 1642 3621 pastorem
1658 3547 1771 3602 honum
1796 3546 1886 3603 adds·

178 3637 253 3693 uotis
268 3639 510 3710 prefleitur.Ante
523 3657 590 3696 vero
606 3657 695 3713 quam
711 3641 826 3714 publice
846 3658 880 3697 ac
896 3642 1002 3698 solem·
1057 3642 1112 3704 cet,
1128 3640 1163 3694 ad
1181 3639 1246 3694 ficei
1266 3637 1377 3702 caulas,
1391 3639 1427 3694 ad
1452 3637 1527 3694 ovile
1550 3637 1670 3700 Christi,
1687 3635 1722 3691 ad
1748 3634 1887 3692 Ecclesia

179 3723 254 3781 niter
277 3743 329 3798 pro
353 3744 433 3784 more
448 3745 465 3784 a
480 3728 587 3801 populo
606 3729 792 3803 reciperetur,
817 3735 845 3786 et
860 3730 888 3786 in
904 3731 1002 3787 Eccle-
1056 3728 1202 3801 gremium
1218 3729 1354 3784 reducere
1369 3733 1516 3800 satagens,
1528 3744 1581 3783 nec
1594 3725 1793 3797 tempori,nec
1807 3723 1887 3781 vale*

178 3813 253 3870 siam
267 3829 351 3872 suam
367 3817 562 3888 plausibiliter
576 3819 790 3888 admitteretur,
802 3818 860 3875 Rex
875 3819 1002 3876 hominis
1057 3816 1164 3880 tudini,
1179 3821 1231 3873 aut
1249 3817 1419 3889 sumptibus
1444 3814 1514 3872 ullis
1537 3814 1675 3887 pepercit.
1692 3813 1830 3885 Cumque
1842 3811 1887 3869 sio

178 3901 310 3959 animum
323 3905 403 3960 vario
413 3922 447 3961 ac
458 3906 612 3980 multiplici
628 3911 691 3964 tum
707 3908 856 3975 doctmna,
872 3912 936 3964 tum
948 3908 1003 3964 vir·
1057 3922 1160 3977 agrum
1177 3905 1293 3961 Domini
1310 3921 1327 3961 a
1342 3904 1436 3961 noxiis
1450 3904 1584 3961 sentibus
1605 3917 1762 3975 repurgare
1787 3901 1887 3959 modis

179 3989 250 4044 tutis
266 4006 371 4063 genere
385 3998 535 4060 ornatum,
550 4011 608 4051 non
626 3995 756 4068 ignarus,
771 4012 839 4050 eum
864 3996 900 4050 ad
925 4013 1004 4052 sum·
1058 3995 1195 4050 omnibus
1209 3994 1370 4062 contendit,
1386 3993 1561 4067 deprehensi
1575 3991 1708 4049 nonnulli
1731 4008 1767 4048 ex
1779 3998 1886 4048 eorum

179 4091 261 4132 mum
285 4080 454 4150 pontificem
470 4081 649 4138 Clementem
673 4083 832 4155 septimum
858 4090 1002 4141 oratorem
1057 4083 1161 4149 classe,
1175 4084 1283 4155 quibus
1299 4083 1490 4138 concionandi
1507 4083 1583 4138 facta
1597 4085 1729 4154 potestas
1740 4084 1888 4152 crutpro-

179 4162 315 4221 destinat.
326 4166 379 4223 Ubi
394 4184 483 4240 quam
498 4172 665 4241 prudenter,
682 4188 771 4244 quam
783 4176 883 4228 sancte
897 4189 1003 4245 quam·
1057 4176 1122 4244 pter
1135 4175 1263 4227 assertas
1276 4170 1353 4227 inter
1364 4171 1597 4227 concionandum
1618 4170 1733 4227 dudum
1751 4167 1888 4241 sepultas

179 4271 235 4326 qam
250 4254 372 4311 feliciter
396 4273 457 4313 rem
477 4258 609 4330 gesserit,
626 4260 784 4324 neminem,
798 4259 849 4332 qui
872 4262 915 4317 vel
942 4278 1001 4318 me·
1058 4277 1091 4316 ac
1110 4262 1265 4316 damnatas
1281 4260 1417 4327 hareses,
1434 4259 1590 4315 recantatis
1613 4257 1695 4331 prius
1720 4262 1833 4313 temere
1854 4260 1888 4313 et

178 4342 315 4400 diocriter
329 4344 449 4418 publica
470 4345 585 4419 negotia
608 4347 791 4418 intellexerit,
816 4350 929 4405 nescire
943 4366 1004 4406 cer·
1057 4349 1147 4421 impia
1161 4348 1257 4416 dictis,
1274 4348 1383 4404 honore
1398 4352 1428 4403 et
1442 4348 1535 4419 gradu
1557 4345 1752 4404 ecclesiastico
1778 4344 1887 4418 privati

177 4437 240 4488 tum
255 4439 316 4501 est;
333 4451 402 4490 nam
423 4440 528 4507 praeter
551 4453 669 4492 sacrum
692 4436 765 4491 illnd
789 4453 822 4492 ac
845 4435 913 4493 felix
928 4439 1004 4494 inter
1057 4438 1191 4495 exsilium
1208 4437 1305 4494 subire
1319 4436 1464 4508 compulsi
1480 4443 1559 4492 sunt.
1576 4434 1784 4508 Deprehensus
1795 4436 1842 4491 est
1854 4436 1887 4491 at

178 4522 333 4578 llenricum
350 4524 513 4580 secuudum
528 4525 623 4607 fllium
642 4525 786 4582 francisci
808 4526 896 4598 regis,
911 4532 939 4582 ot
954 4527 1003 4582 Ca·
1018 4546 1040 4611 [J
1056 4532 1161 4600 prater
1175 4542 1258 4598 spem
1273 4526 1410 4581 sacerdos
1420 4525 1566 4597 exoppido
1578 4523 1697 4581 Cenabo
1707 4521 1886 4591 miliano,

177 4609 324 4666 tharinam
340 4611 498 4670 Clementis
512 4618 805 4686 neptem,tractatum
820 4618 890 4670 tunc
904 4617 1004 4688 conju·
1057 4617 1106 4689 qui
1124 4631 1223 4671 sacros
1238 4615 1356 4670 ordines
1372 4619 1524 4686 susceptos
1540 4613 1620 4687 parsi
1636 4616 1687 4668 aut
1700 4610 1789 4668 nihili
1812 4627 1887 4684 pou·

177 4697 270 4768 glum,
285 4699 442 4757 innumera
462 4701 529 4773 alia,
540 4719 632 4775 eaque
656 4704 748 4759 ardua
763 4702 831 4758 huic
845 4705 1004 4761 commissa
1056 4703 1267 4775 deus-,iunioris
1282 4703 1437 4774 cujusdam
1453 4702 1547 4759 viduae
1557 4699 1791 4775 specieillectus,
1801 4698 1887 4757 illm

177 4787 294 4858 negotia
309 4789 411 4845 multis
425 4804 460 4845 ex
474 4795 541 4846 voto
554 4807 730 4849 successere.
1056 4794 1146 4866 (quod
1161 4796 1240 4849 essct
1253 4793 1318 4864 ejus
1332 4790 1887 4862 farinalCouadaahduxcratmxsuqu

212 4875 312 4948 Neque
335 4892 402 4933 vcro
421 4875 539 4935 silentio
561 4881 807 4952 pretereundum,
822 4898 887 4936 cum
912 4881 943 4937 in
967 4898 1002 4938 ea
1056 4882 1196 4938 simulato
1212 4881 1399 4937 matrimonio
1414 4880 1612 4937 adulterinam
1627 4876 1761 4935 scholam
1781 4886 1887 4935 auso*

175 4962 406 5036 legatione,dum
422 4982 473 5039 pro
483 4968 634 5025 nonnullis
644 4974 872 5042 purpuratorum
882 4971 1000 5027 Petrum
1055 4976 1148 5044 perat.
1165 4971 1396 5042 deprehensum,
1413 4969 1591 5036 convictum,
1607 4966 1841 5024 condemnatum
1854 4966 1890 5023 ot
1916 4958 1923 4993 ³

176 5054 309 5110 ordinem
325 5054 525 5113 ambientibus
542 5058 620 5130 apud
644 5057 812 5129 pontificem
827 5060 913 5115 verba
928 5060 1002 5116 face·
1055 5060 1247 5133 degradatum
1261 5057 1396 5113 victrices
1408 5058 1533 5114 damma
1549 5056 1669 5112 emedio
1684 5053 1885 5113 sustulerunt.
1910 5046 1921 5079 ’·

177 5148 358 5207 ret,tantam
383 5145 413 5199 in
436 5149 552 5201 oratore
574 5130 757 5215 facundiam,
774 5151 885 5203 tantam
907 5148 1000 5204 animi
1056 5141 1886 5220 losummanihilnonegitplusaotistasquolatsutd
1919 5164 1923 5169 ·

177 5231 363 5300 modestiam,
383 5233 640 5306 sinceritatemque
663 5233 824 5291 demiratus
846 5238 998 5308 pontifex:
1055 5239 1111 5294 sub
1137 5237 1246 5309 agnina
1259 5235 1333 5308 pelle
1348 5234 1482 5308 luposab
1495 5233 1885 5305 oriliarcarst,fugeretqu;
1911 5224 1920 5231 ’

177 5321 250 5385 Quid
264 5326 308 5386 tu,
325 5323 432 5395 iuquit,
455 5339 507 5395 pro
527 5323 699 5379 absentibus
720 5327 748 5379 et
771 5323 856 5381 nobis
880 5327 1000 5383 omnino
1055 5326 1132 5398 quod
1148 5325 1205 5380 nisi
1218 5328 1384 5381 cessassent
1397 5324 1506 5395 quibus
1525 5327 1590 5378 tum
1614 5338 1631 5378 a
1656 5336 1722 5395 rege
1746 5319 1887 5394 delegah
1912 5312 1916 5319 ’

177 5405 385 5478 ignotis,aures
401 5415 516 5467 nostras
531 5409 730 5484 compellisac
744 5412 916 5470 demulces?
929 5415 999 5486 quia
1056 5417 1148 5470 fuerat
1172 5414 1202 5468 in
1229 5414 1409 5469 facinorosos
1436 5411 1590 5468 haereticos
1612 5409 1794 5483 jurisdictio,
1818 5412 1886 5465 tutu
1911 5400 1916 5409 ’

177 5500 209 5549 tu
225 5496 278 5551 tihi
292 5499 391 5569 potius
414 5500 567 5556 consulis?
577 5516 630 5573 pro
653 5499 719 5556 aliis
739 5501 844 5556 anxius
864 5507 1001 5561 oraturus
1055 5505 1153 5560 forsan
1170 5503 1200 5558 io
1216 5503 1271 5559 hac
1286 5501 1402 5558 diaecesi
1419 5504 1581 5573 pacataque
1596 5501 1694 5557 forem
1706 5497 1744 5554 ab
1759 5496 1885 5555 lam·
1895 5488 1919 5511 “’

178 5582 294 5652 resisti,
304 5598 357 5657 pro
367 5591 395 5644 te
404 5587 549 5645 sollicitus
565 5588 649 5645 nihil.
661 5588 714 5646 Cui
730 5589 881 5658 illefortis,
892 5595 925 5646 ut
939 5597 1001 5649 erat
1055 5594 1111 5649 bus
1124 5591 1233 5649 omnia.
1895 5594 1898 5599 ’
