3878 6098
111 340 189 400 llbl
300 325 305 334 ’
503 338 725 412 bananica,
748 334 988 400 consuetas.
1011 334 1063 396 ΕΤ
1085 333 1271 396 ΟΗΒΙΝΑΤ.
1293 334 1439 397 vlatAE.
1741 339 1819 400 llos

108 475 196 529 istem
210 473 363 527 orationem
378 473 406 526 in
419 471 528 527 ruoilum
542 472 727 544 pausationis.
741 469 862 525 Domine
873 485 939 524 san·
954 468 981 533 Α
997 467 1058 522 Per.
1077 466 1151 534 Quod
1165 469 1191 520 u·
1204 466 1342 522 ordinatio
1356 469 1384 522 iu
1400 467 1478 524 dorne
1503 484 1554 522 arra
1574 470 1646 542 sucta
1664 467 1753 541 suerit
1767 472 1820 526 im·

108 559 580 632 ctePateromnipotensaeterne
597 560 786 616 tteasadesto
805 557 942 631 precibus
994 565 1113 628 ponatur
1136 557 1176 611 'le
1205 556 1297 612 Deum
1327 556 1494 613 laudamus.
1522 557 1627 629 Populo
1655 559 1823 615 acclamante

109 648 233 720 uostris,
241 649 342 706 adesto
353 648 547 716 votis,adest0
560 647 763 715 scutulatibns,
770 647 869 703 adesto
876 662 943 702 con·
996 645 1082 718 Kp'rie
1095 644 1319 701 eleison.Poslrn
1334 644 1442 701 dicmur
1451 647 1606 703 laceratio
1618 662 1669 719 pro
1678 645 1824 718 ardeptadi-

109 736 338 804 sectationibus,
354 738 406 810 qui
430 738 530 794 omnia
549 754 602 811 per
614 738 737 794 verbnm
753 734 942 790 virtutisne
996 736 1110 804 quitata.
1127 734 1264 790 Omnium
1279 735 1401 792 Domine
1416 735 1482 792 lons
1496 735 1824 808 bonarum,justorum·

110 826 287 884 mirabiliter
301 825 502 899 dispensasset
511 826 709 900 dispensanda
720 820 941 888 ministrasoni
998 839 1054 896 que
1073 823 1254 895 profectuum
1281 826 1459 894 munerator,
1475 824 1571 880 tribue
1595 841 1767 897 quaesumus
1782 824 1825 880 l'a·

109 915 236 973 diversis
260 915 382 973 lloribus
399 921 481 973 tuam
496 933 614 989 semper
629 932 753 971 exornas
767 911 940 978 Ecclesiam,
997 912 1085 969 mnlae
1099 917 1155 967 tuae
1172 913 1306 986 adeptam
1322 913 1395 969 bene
1412 929 1511 987 gerere
1526 912 1699 987 dignitatem
1720 919 1780 970 eta
1796 918 1825 972 te

108 996 943 1078 dameametriroramexemplis,etillustriumiemina·
997 1001 1052 1058 sibi
1075 1002 1236 1075 prestitam
1265 1002 1350 1058 bonis
1374 1003 1511 1077 operibus
1541 996 1741 1076 comprobare.
1759 1003 1821 1060 Per.

108 1110 179 1151 rum
195 1094 318 1150 irradias
333 1092 489 1150 institutis.
500 1093 552 1158 Qui
562 1093 649 1149 etiam
661 1093 696 1149 de
708 1091 861 1148 infirmiori
872 1105 942 1146 sexa
996 1093 1064 1147 ilem
1077 1094 1102 1148 st
1116 1093 1186 1147 olibi
1207 1096 1363 1148 consecrata
1376 1094 1472 1164 suerit,
1488 1084 1620 1163 repressas
1634 1092 1670 1148 ad
1683 1101 1824 1148 monaste-

108 1183 189 1240 hanc
200 1182 341 1240 lamalam
354 1188 435 1238 tuam
448 1183 596 1239 seruitutis
612 1186 670 1239 taae
685 1179 831 1254 applicare
842 1178 943 1251 digua·
996 1181 1072 1236 rium
1090 1183 1180 1237 omnis
1203 1183 1300 1236 chorus
1323 1183 1464 1251 uirqinum
1487 1179 1637 1254 honorifice
1657 1181 1783 1254 mocedct
1798 1183 1824 1238 ei

111 1277 162 1329 tus
178 1289 210 1328 cs
226 1270 524 1328 famulatuib'llunde
535 1286 706 1342 quaesamus
720 1268 842 1325 Domine
854 1282 943 1338 super
997 1270 1104 1326 obuium
1132 1287 1194 1326 cum
1221 1271 1357 1335 crucibus,
1386 1287 1459 1343 aqua
1487 1271 1636 1340 benedicta,
1661 1273 1769 1327 lucerua
1797 1277 1824 1327 et

109 1359 540 1433 hanelamulamtuam,quam
553 1356 943 1414 inofficiumdivinnmfide-
996 1360 1148 1429 monqetio,
1165 1367 1190 1414 et
1213 1360 1241 1414 in
1266 1360 1324 1430 ipso
1351 1359 1443 1414 eodem
1471 1360 1590 1415 introitu
1618 1360 1761 1431 imponant
1783 1360 1824 1415 Ta

109 1446 943 1523 literdedieamns,gratiamsanetiSpiritus,uttibiomni
997 1452 1088 1502 Deum
1106 1446 1272 1516 laudamus,
1290 1447 1370 1503 turba
1397 1448 1568 1503 acclamante
1592 1446 1677 1520 Kyrie
1701 1447 1823 1516 eleison,

109 1542 243 1611 tempore
258 1539 322 1609 ejus
337 1537 465 1594 servitiis
482 1537 638 1611 dignanter
652 1535 808 1608 compleat,
819 1552 944 1611 eamque
997 1540 1023 1592 ct
1036 1536 1193 1609 presbytero
1219 1540 1398 1608 prosequente
1425 1537 1579 1592 orationem
1599 1541 1631 1594 ul
1644 1552 1737 1608 supra
1754 1536 1823 1593 Om-

109 1628 230 1684 dextera
245 1626 383 1700 potentie
399 1629 456 1682 lue
472 1625 642 1682 benedicere
651 1628 679 1680 et
687 1622 869 1680 sanctificare
883 1627 943 1682 sire
998 1625 1080 1681 nium
1097 1625 1219 1681 Domine
1234 1625 1299 1680 lons
1315 1624 1470 1681 bonorum.

109 1712 941 1789 consecraredignerisinopasministeriituicondignum,
1203 1731 1399 1789 pgppquqo
1417 1731 1623 1789 ggggpqssp]

110 1808 258 1880 quatenus
273 1809 372 1862 actum
389 1803 615 1861 ministrationis
629 1802 684 1859 sibi
701 1803 818 1858 creditae
829 1803 917 1861 ssdeli.
934 1847 941 1860 .
958 1839 982 1904 B
1136 1838 1320 1878 ,mmm
1339 1838 1475 1877 mm
1495 1837 1688 1877 ,nomm

111 1894 476 1968 010q⁰⁸l⁰f20l0l⁰⁵d0ffl
495 1892 589 1950 Sancti
613 1891 740 1966 Spiritus
765 1891 942 1964 sepllsfflmlfl
998 1908 1156 1985 Capitulum
1171 1927 1205 1967 eu
1227 1926 1332 1966 cunone
1356 1907 1486 1965 Theodori
1508 1907 1707 1981 archicpiscopi
1721 1909 1824 1981 ,tnqto-

112 1984 214 2060 gratie
229 1984 334 2040 virtute
350 1982 563 2039 corroboretur.
581 1981 755 2053 lleqniescat
771 1997 839 2054 ergo
855 1999 943 2056 super
1373 1997 1445 2036 rum

112 2068 440 2149 eamDomineSpiritus
451 2071 600 2143 sapientire
612 2075 641 2126 et
649 2070 818 2143 pietatis‚ae
829 2070 941 2145 repleas
961 2141 966 2151 Ι
997 2073 1049 2145 (Ex
1059 2073 1122 2128 cod.
1136 2076 1263 2127 monast.
1275 2067 1496 2126 Murensisolim
1504 2068 1712 2126 monasteriiia
1723 2069 1821 2126 Nider·

110 2160 178 2220 mm
189 2162 299 2235 Spiritu
315 2160 429 2217 timoris
445 2161 497 2217 lai.
507 2160 639 2217 Concede
651 2176 768 2232 quoque
779 2160 804 2215 ei
818 2161 942 2232 gravita·
1171 2163 1304 2216 munster
1320 2159 1432 2215 Ratisb.
1448 2176 1513 2215 seeo.
1529 2177 1558 2215 xi
1572 2158 1652 2231 circ.)

111 2258 173 2309 tem
189 2255 319 2317 actuum,
334 2265 548 2322 censuramque
573 2247 700 2320 vivendi,
716 2252 748 2304 ut
769 2247 943 2321 inlegatus
1034 2251 1063 2305 ln
1084 2250 1257 2306 ordiuolione
1276 2248 1432 2323 Albucius
1447 2249 1588 2321 episcopus
1613 2248 1691 2305 debet
1710 2251 1824 2305 missam

111 2341 160 2398 die
176 2357 210 2396 ac
233 2343 318 2396 nocte
343 2339 509 2394 meditetur.
537 2338 676 2394 Mandata
703 2341 755 2393 tua
783 2338 940 2405 custodiat,
996 2340 1142 2405 celebrare,
1159 2349 1185 2395 et
1200 2356 1261 2394 eam
1276 2338 1432 2394 benedicere
1445 2339 1494 2394 boc
1507 2338 1595 2394 modo.

111 2428 416 2496 dictistuisobediat,
432 2428 524 2483 sacris
544 2427 716 2483 lectionibus
743 2426 870 2494 insistat,
886 2431 942 2483 ler-
1032 2434 1097 2484 Post
1120 2429 1311 2500 oralipbouicm
1342 2427 1376 2482 ud
1401 2427 1705 2494 introitum,etdntcm
1721 2431 1824 2484 orclac-
1932 2458 1937 2462 ·

111 2536 184 2577 rena
197 2522 226 2575 et
239 2516 408 2574 transitoria
431 2516 582 2589 despiciat,
600 2520 687 2588 atque
712 2515 790 2570 omni
811 2520 942 2588 tempore
995 2537 1070 2587 ncut,
1086 2523 1113 2575 et
1126 2519 1265 2589 reliquum
1287 2517 1411 2588 officia-m
1432 2519 1525 2574 ncr'ssae
1549 2533 1634 2589 usque
1656 2515 1692 2573 aa
1710 2533 1824 2587 wauqc·

110 2609 198 2666 bonis
214 2607 352 2682 operibus
367 2605 515 2662 inserviat.
532 2605 656 2661 Omnem
678 2604 831 2661 libidinem
847 2621 940 2677 prave
996 2609 1076 2676 liuta,
1087 2610 1278 2679 prosternatsc
1292 2606 1376 2662 electa
1390 2613 1453 2662 cau
1467 2606 1556 2662 altere
1571 2610 1644 2662 retro
1658 2607 1823 2678 episcopum,

110 2694 413 2771 uoluptatissuperet,
430 2711 560 2751 amorem
585 2693 713 2751 honestae
735 2694 941 2750 castilatiste-
994 2698 1117 2769 fiantque
1144 2698 1184 2752 tbi
1212 2697 1342 2764 laetaniae,
1371 2696 1494 2767 sequitur
1522 2694 1606 2751 Pater
1637 2698 1738 2750 noster
1760 2711 1824 2751 cum

112 2789 192 2854 neat,
209 2790 243 2841 ut
257 2782 313 2841 tibl
329 2800 437 2857 sponso
450 2783 577 2838 venienti
593 2799 660 2838 cunr
676 2782 862 2855 lampadibus
878 2783 940 2838 suis
993 2787 1120 2859 poenibus
1137 2787 1195 2842 istis
1210 2804 1219 2841 .·
1235 2784 1350 2841 Salvam
1366 2784 1411 2840 lae
1426 2781 1562 2840 ancillam
1585 2788 1667 2841 taam
1688 2785 1821 2841 Domine.

112 2871 391 2948 inextinguibilibus
405 2870 500 2945 possit
514 2871 940 2943 occurrere,etpraeoedentium
995 2879 1072 2932 Deus
1090 2891 1184 2930 mens.

111 2962 262 3037 virginum
277 2961 365 3017 choro
374 2959 471 3034 jungi,
480 2963 510 3016 et
524 2976 560 3015 ue
574 2976 641 3015 cum
657 2958 755 3016 stultis
770 2958 942 3015 excludatur
1031 2962 1172 3020 Dominus
1186 2965 1336 3019 conservet
1349 2978 1424 3030 eam,
1441 2962 1469 3017 el
1482 2959 1607 3017 viviticat
1620 2977 1696 3019 eam.

111 3050 242 3126 regalem
253 3052 378 3123 januam
389 3065 457 3106 cam
473 3047 656 3121 sapientibus
671 3047 791 3105 licenter
806 3048 939 3103 introeat.
1030 3059 1056 3118 n.
1073 3053 1108 3109 itt
1122 3052 1237 3108 beatam
1249 3050 1337 3107 iaciat
1351 3066 1416 3106 eam
1433 3049 1462 3106 in
1478 3053 1565 3106 terra.

111 3131 251 3198 Abundat
266 3138 296 3194 in
308 3155 343 3194 ea
357 3137 447 3194 totius
462 3137 556 3194 torma
569 3136 696 3204 virtutis,
711 3136 870 3193 auctoritas
881 3154 941 3195 mo·
1032 3142 1175 3198 Dominus
1203 3139 1349 3197 custodiat
1374 3138 1526 3196 introitum
1551 3143 1635 3195 tuam
1660 3144 1689 3195 et
1711 3139 1820 3196 exitum

111 3231 207 3298 desta,
224 3229 319 3302 pudor
332 3231 482 3293 constans,
499 3227 670 3282 innocentie
686 3225 843 3299 puritas,et
854 3224 940 3299 spiri·
957 3205 978 3273 C
998 3238 1092 3288 [uum.
1237 3232 1262 3292 rt.
1280 3230 1322 3285 Ex
1336 3228 1391 3286 hoc
1403 3245 1490 3285 nnnc.

110 3318 182 3377 talis
192 3314 719 3387 obsemautiadisoipliuaeinmoribus
729 3315 944 3387 ejuspraecepta
1033 3311 1173 3377 Dominus
1189 3319 1336 3374 custodiat
1349 3322 1377 3374 te
1392 3318 1428 3373 ab
1443 3316 1522 3374 omni
1539 3316 1625 3373 male,

110 3413 165 3465 tua
180 3406 322 3480 fulgeant,
338 3409 371 3460 nt
386 3407 442 3460 tuae
457 3403 601 3459 eastitatis
615 3402 748 3476 exemplo
760 3402 875 3459 eunctis
887 3402 943 3458 sibi
1032 3416 1058 3476 q,
1074 3408 1225 3467 custodiat
1239 3408 1369 3463 animam
1385 3410 1467 3461 tunm
1483 3406 1633 3462 nominas.

112 3495 243 3555 subditis
258 3492 451 3550 imitationem
466 3492 594 3564 praebeat
605 3492 945 3564 puram,etbonumc0a-
1034 3499 1131 3555 Mittas
1145 3497 1198 3553 tibi
1212 3495 1355 3552 auxilium
1370 3496 1405 3551 de
1420 3497 1531 3551 saneto.
1546 3498 1572 3558 d·
1588 3494 1624 3551 Et
1637 3492 1673 3550 de
1688 3492 1767 3549 Sion.

113 3579 944 3644 scientietestimoniumostendensinChristotesussrma
1034 3588 1102 3643 Esto
1118 3586 1159 3641 illi
1177 3584 1265 3640 turris
1281 3583 1470 3640 tortitudinis.
1484 3589 1510 3649 rt.
1527 3583 1643 3638 Alacie.

113 3680 144 3732 et
159 3672 275 3730 stabilis
290 3675 454 3745 persereret
468 3673 555 3743 atque
571 3669 611 3725 ita
625 3673 794 3743 perceptum
811 3669 943 3724 ministe·
1035 3677 1148 3748 Exurge
1161 3673 1282 3732 Domine
1298 3674 1403 3744 adJ'uua
1418 3689 1482 3728 nos.
1498 3673 1524 3733 rt.
1540 3673 1575 3727 Et
1589 3670 1680 3727 libers
1696 3688 1760 3728 nos.

114 3760 403 3822 riumteanxiliante
419 3765 547 3834 peragat,
561 3759 688 3832 qualiter
698 3759 733 3815 ad
745 3762 883 3815 aternam
899 3773 944 3812 re-
1034 3765 1156 3821 pomine
1184 3762 1288 3820 exaudi
1316 3762 1476 3818 orationem
1507 3777 1613 3817 meam,
1643 3761 1670 3823 g,
1698 3761 1734 3816 m
1762 3759 1822 3817 cla.

115 3852 363 3919 munerationem,
374 3853 400 3906 te
417 3850 553 3917 donante,
562 3848 711 3921 pervenire
726 3852 882 3904 mereatur.
890 3849 946 3901 Per
1000 3872 1074 3910 mor,

116 3942 245 3998 eandem
267 3932 343 3995 Dum
362 3956 438 3995 nrm.
459 3940 535 3993 Tunc
559 3937 603 3993 det
625 3939 653 3993 ci
681 3938 805 4009 requlem
828 3936 945 3991 dicun:
1036 3943 1165 4000 precibus
1181 3943 1241 3998 istis
1254 3941 1342 4012 finitis
1357 3939 1496 3998 amnicae
1511 3956 1571 3996 eam
1585 3941 1724 4013 episcopus
1740 3940 1825 3997 ineu.

115 4027 473 4104 Aceiperegulamsanetce
482 4024 711 4083 conversationis
722 4025 869 4097 simulque
880 4040 945 4098 gra·
998 4041 1062 4090 mtto
1077 4034 1166 4104 capite
1180 4033 1221 4086 ita
1234 4029 1349 4086 dicens.-

116 4118 190 4175 tiam
214 4117 318 4174 diviua
342 4115 567 4182 benedictionis,
583 4120 612 4171 et
627 4132 694 4171 cam
715 4131 766 4187 per
787 4113 863 4169 hano
878 4129 945 4169 cam
1037 4121 1177 4179 Dominus
1191 4119 1353 4176 vobiscum.
1373 4126 1399 4186 p.
1415 4118 1450 4175 Et
1463 4135 1531 4175 cum
1546 4119 1664 4193 spiritu.

118 4222 205 4281 grege
220 4205 273 4262 tibi
289 4206 398 4262 credito
414 4204 443 4260 in
459 4203 584 4260 districti
595 4203 699 4275 judicii
716 4202 762 4258 die
774 4201 895 4259 Domino
907 4202 948 4256 in·
1255 4209 1387 4281 sequitur
1401 4210 1453 4264 ista
1468 4209 1572 4265 oratio,

119 4295 320 4352 contaminata
344 4293 545 4369 representari
566 4292 672 4363 valens,
690 4293 752 4366 ipse
768 4297 795 4347 te
810 4291 947 4364 adjuvare
1037 4294 1827 4371 Concedequaesumuwmnipotenspensaffectui110.

120 4384 269 4459 dignetur,
286 4383 336 4457 qai
352 4401 419 4441 cum
435 4383 492 4439 ⁰0⁰
508 4383 591 4440 Patre
606 4382 684 4439 Villi·
1002 4395 1062 4448 stro
1078 4387 1276 4446 miserationis
1290 4388 1436 4454 effectum,
1446 4393 1475 4442 et
1485 4385 1626 4442 famulam
1642 4389 1828 4457 tuam,qnam

411 4473 541 4546 Sequitur
555 4474 654 4529 oralio-
1002 4479 1039 4536 ad
1056 4479 1185 4552 regimen
1203 4477 1369 4534 animarum
1384 4475 1540 4549 elegimus,
1555 4473 1654 4546 gratia
1674 4476 1731 4529 tuae
1752 4472 1829 4528 douo

155 4562 280 4620 Domine
304 4562 380 4619 Deus
405 4561 602 4634 omnipotens,
619 4561 669 4634 qui
697 4577 827 4617 ³0r0rem
856 4558 948 4633 Moysi
964 4575 987 4641 Ι)
1003 4584 1189 4642 prosequere,
1202 4571 1233 4622 at
1245 4571 1272 4621 te
1283 4565 1424 4638 largiente
1438 4580 1505 4618 eum
1520 4561 1585 4635 ipsa
1596 4561 1647 4619 tibi
1660 4565 1761 4618 nostra
1777 4560 1830 4617 de·

121 4650 245 4710 Mariam
262 4651 436 4725 praeoiuente
456 4667 522 4706 cam
547 4651 659 4708 ceteris
684 4649 858 4706 mulieribus
874 4649 951 4704 inter
1003 4656 1120 4713 votione
1135 4655 1313 4727 placeamus.
1332 4653 1384 4709 Per
1398 4657 1471 4709 nnm
1488 4669 1553 4707 nrm
1568 4650 1669 4708 iesum
1685 4650 1784 4707 Ghrm.

122 4756 265 4816 equoreas
281 4740 376 4797 undas
391 4757 459 4797 eum
474 4740 623 4813 tympanis
645 4746 672 4795 et
688 4739 785 4795 choris
800 4739 896 4794 latam
913 4738 949 4794 ad
1040 4747 1111 4800 llic.
1129 4744 1306 4799 Cunctorum
1332 4741 1476 4797 bonoram
1500 4740 1653 4798 institutor
1675 4744 1762 4808 Deus,
1779 4736 1831 4811 qut

122 4828 296 4887 lliusmaris
311 4830 410 4887 venire
425 4829 530 4901 fecisti,
545 4834 573 4885 te
589 4829 736 4903 supplices
761 4829 951 4900 deprecamur
1005 4852 1057 4907 per
1067 4834 1185 4905 Moysen
1201 4829 1345 4886 famulum
1360 4834 1444 4885 tuum
1460 4830 1496 4885 ad
1511 4830 1718 4902 gubernandas
1728 4827 1829 4883 Eccle-

122 4935 173 4992 pro
188 4917 269 4975 tideli
284 4918 395 4975 lamala
410 4924 476 4988 tace,
489 4936 552 4991 qna
564 4918 650 4974 hodie
661 4922 801 4984 materna,
815 4917 844 4970 in
855 4915 950 4971 calhe·
1006 4923 1065 4978 sias
1081 4920 1251 4995 praepositos
1266 4918 1430 4988 instituisti,
1447 4919 1499 4975 tibi
1515 4919 1663 4992 supplices
1677 4917 1831 4973 fundimus

122 5007 175 5065 dra
185 5023 277 5081 saper
290 5008 442 5065 universas
458 5008 592 5064 subditas
608 5006 664 5063 sibi
679 5004 828 5062 abbatissa
843 5004 950 5059 consti·
1006 5028 1117 5084 preces,
1135 5013 1162 5065 te
1181 5007 1292 5065 devotis
1308 5008 1456 5064 mentibus
1472 5025 1636 5076 exoramus,
1649 5009 1682 5062 ut
1697 5005 1772 5060 hanc
1787 5000 1831 5060 la-

120 5097 227 5163 tuitur,
244 5101 277 5152 ut
300 5097 342 5153 ita
364 5097 504 5154 canonica
524 5113 627 5153 norma
642 5099 758 5152 tueatur
772 5097 892 5149 cunctas
909 5092 950 5148 la·
1006 5099 1116 5156 mulam
1132 5102 1214 5153 tuam
1229 5097 1262 5152 N.
1280 5113 1369 5168 qnam
1394 5097 1559 5154 cohibentia
1573 5100 1602 5152 et
1616 5094 1716 5152 electio
1735 5094 1830 5149 iama-

121 5183 953 5260 mmmmpmmmwwmmmmmumn
1005 5184 1832 5245 mmmmmummmmmmmmmmmm

120 5272 214 5332 liante
227 5291 297 5332 cam
314 5276 451 5332 omnibns
468 5274 527 5333 illis
542 5276 668 5331 introeat
682 5274 757 5341 leta,
766 5272 865 5346 ibique
876 5271 954 5328 exul·
1007 5275 1145 5343 institnit,
1162 5273 1352 5348 protectionis
1366 5278 1422 5330 tae
1436 5272 1531 5346 grstia
1555 5271 1671 5329 munire
1691 5270 1832 5344 digneris,

120 5366 190 5422 taus
212 5381 279 5421 cum
304 5364 417 5439 angelis
439 5382 547 5422 canens
574 5364 687 5421 cantica
711 5379 795 5428 nova,
812 5365 953 5433 sequatur
1008 5367 1107 5438 sicque
1119 5380 1217 5439 regere
1232 5363 1376 5429 subditas,
1389 5362 1668 5434 commendatasque
1682 5376 1749 5417 oves
1764 5375 1833 5415 con·

122 5470 235 5529 agnum
255 5470 432 5527 quocunque
447 5454 513 5510 ierit
527 5454 601 5526 Xpm
616 5452 692 5509 Dum
706 5467 782 5507 nrm.
800 5449 952 5507 Famulam
1008 5455 1105 5522 cedas,
1117 5456 1226 5510 ulnam
1238 5449 1298 5507 illis
1309 5449 1446 5507 omnibus
1457 5465 1548 5522 regna
1562 5448 1702 5506 calorum
1717 5448 1834 5520 adepta,

122 5547 208 5599 tuam
223 5559 394 5616 quesumus
409 5543 531 5600 Domine
545 5548 597 5598 tua
607 5558 723 5613 semper
732 5540 827 5613 gratia
840 5539 955 5596 benedi·
1008 5548 1037 5599 et
1053 5542 1174 5599 Domino
1200 5538 1362 5614 opitulante
1385 5537 1557 5612 apostolicis
1567 5537 1681 5612 iugiter
1694 5536 1769 5594 lulla
1785 5535 1836 5593 do·

124 5636 228 5704 estet
242 5631 452 5710 inculpabilem
467 5634 504 5693 ad
524 5631 615 5691 vitam
640 5629 780 5710 perducat
804 5632 952 5690 aternam.
1009 5631 1113 5695 otrinie
1128 5647 1196 5693 cam
1213 5629 1310 5690 tracta
1333 5625 1493 5689 centesimo
1515 5626 1725 5717 lausannen
1736 5627 1839 5699 portat
