3878 6098
111 297 170 361 863
503 289 671 354 ΑΡΡΕΝΙ).
696 292 746 352 AD
769 290 864 353 SAEC.
890 287 1249 352 11,-1ΙΟΝΙ1ΜΕΝΤΑ
1270 287 1430 354 LITURG.
1764 285 1825 349 set

145 433 207 500 Ouo
224 425 315 485 semel
330 428 453 494 statute,
471 425 576 481 missas
592 426 718 483 nostrae.
735 422 759 479 si
776 422 873 478 forsan
890 419 1089 478 minutissime
1125 421 1239 477 uadem
1255 420 1395 495 excipias,
1408 419 1650 494 antiquissimum
1667 417 1824 478 Gallicana

110 503 236 577 liturgia
266 503 492 556 monumentum
516 512 580 552 esse
604 494 744 565 exsurgit.
762 494 835 549 Nam
861 492 954 550 missa
968 438 1530 558 Gothico-gallicanaebeatotoanne
1560 491 1652 550 Maria
1681 490 1825 549 cardinali

110 572 340 645 Themusie(t2)
357 570 528 694 edita,post
555 567 733 647 annumlhtit
749 565 916 637 reponenda
941 569 1079 631 est,cum
1100 565 1131 621 S.
1149 564 1359 637 [monegarium
1389 566 1442 621 hoc
1470 564 1534 637 ipso
1563 581 1641 621 anne
1670 568 1823 620 mortuum

109 649 331 708 commemoret,
346 647 374 697 et
389 657 465 697 saecu
479 640 487 694 i
503 657 553 695 rur
567 638 697 693 ineuntis
721 653 785 692 esse
800 636 942 693 videatur.
958 635 1090 692 Alterum
1113 635 1380 692 sacramentarium
1396 634 1728 702 Gothico-Gallicanum,
1743 637 1822 709 qued

110 715 300 777 Mabillonius
324 713 424 769 Museo
449 728 502 768 suo
527 708 625 765 italice
650 708 774 764 inseruit
788 707 857 790 (13),
873 705 972 764 saculi
986 724 1015 763 vr
1029 707 1162 764 exeuntis
1186 707 1229 763 vel
1245 724 1284 764 vn
1299 707 1429 765 ineuntis
1454 711 1509 773 est,
1525 722 1591 764 cum
1615 706 1777 765 Martinam
1793 713 1823 764 et

109 789 300 848 Benedictum
316 784 345 839 in
361 799 470 838 canone
486 784 635 837 recenseat
648 783 677 836 et
692 780 723 835 B.
736 779 972 863 Sigaamundum,
988 795 1014 835 a.
1029 780 1083 835 523
1098 779 1134 834 ab
1148 778 1263 835 Arianis
1279 779 1419 846 occisum,
1436 778 1571 835 celebret.

146 863 251 918 Praeter
264 855 459 912 venerandum
477 851 694 925 antiquitatem,
710 849 875 907 traditionis
889 848 1092 907 ecclesiastica
1113 853 1314 919 monumenta,
1331 866 1395 923 qun
1410 850 1465 906 hac
1488 855 1589 906 nestra
1613 847 1735 921 liturgia
1751 865 1823 904 cen-

109 934 249 996 tinentur,
267 926 442 984 celebranda
470 929 630 995 suntque
648 939 683 979 ex
704 921 789 978 dietis
814 923 850 977 ad
874 920 1133 994 seculivpartem
1163 921 1289 993 priorem
1318 923 1471 978 referenda
1499 926 1578 977 sunt.
1595 920 1693 976 Habes
1722 920 1820 976 misse

110 1003 287 1063 sacrificium
303 998 372 1071 (14),
389 997 550 1052 (irationem
575 1011 627 1067 pro
651 994 798 1050 defunctis
813 994 883 1064 (15),
900 992 1013 1049 cultum
1039 996 1208 1049 sanctorum
1224 993 1283 1075 (16)
1298 998 1328 1048 et
1351 993 1542 1067 reliquiarum
1559 992 1629 1066 (17),
1645 991 1821 1064 paenitentia

110 1069 525 1141 sacramentum(18),missae
554 1068 682 1122 l'ructum
712 1082 764 1138 pro
791 1063 937 1121 deiunctis
951 1064 1020 1137 (19).
1037 1064 1117 1127 Quod
1134 1081 1200 1120 vere
1230 1064 1376 1138 imprimis
1403 1065 1576 1131 notandum,
1593 1063 1818 1120 transsubstan-

109 1145 241 1204 tiationis
257 1144 434 1199 documenta
452 1137 578 1210 insignia
593 1141 724 1210 prosunt.
742 1136 831 1192 Missa
851 1136 937 1192 tertia
960 1134 1051 1192 Deum
1075 1134 1200 1203 invocet,
1218 1159 1232 1185 a
1250 1143 1280 1191 ut
1295 1152 1354 1191 sua
1380 1135 1532 1208 potestatis
1557 1134 1822 1192 sanctificationem

108 1219 225 1292 largita,
242 1212 425 1270 haecoblatio
441 1211 469 1265 in
485 1209 590 1266 Christi
621 1225 740 1280 corpore
755 1212 783 1263 et
798 1223 899 1263 cruore
920 1222 1049 1264 conversa
1072 1205 1225 1278 proviciat;
1245 1230 1258 1255 a
1274 1224 1371 1279 porro,
1389 1228 1404 1257 «
1419 1211 1452 1263 ut
1471 1205 1518 1263 his
1546 1205 1689 1262 creaturis
1716 1204 1823 1263 altario

108 1295 159 1347 tue
175 1284 368 1361 superpositis
384 1282 507 1355 spiritus
522 1278 762 1337 sanctificationis
778 1278 928 1345 infundes,
945 1281 977 1333 ut
1001 1294 1052 1351 per
1067 1278 1265 1334 transfusione
1288 1278 1416 1335 caelestis
1429 1278 1527 1350 adque
1550 1276 1707 1334 invisibills
1724 1294 1822 1333 sacra·

109 1360 200 1418 menti
217 1357 300 1431 panis
327 1355 375 1410 hic
403 1361 522 1409 toramine
550 1352 580 1406 in
608 1367 695 1406 carne
712 1347 837 1405 etealex
865 1347 1025 1406 translatus
1054 1347 1084 1405 in
1110 1350 1254 1423 sanguine
1282 1349 1322 1406 sit
1350 1348 1440 1406 totins
1467 1348 1571 1423 gratia,
1591 1371 1605 1399 o
1629 1352 1684 1406 etc.
1710 1353 1821 1415 Quarta

108 1434 235 1505 denique
251 1429 351 1492 mssa,
368 1452 380 1474 α
401 1430 431 1479 nt
448 1426 497 1479 hat
512 1423 597 1478 notris
621 1421 752 1494 legitima
766 1420 945 1477 eucharistia
958 1420 989 1476 in
1009 1423 1250 1493 transformatione
1273 1420 1402 1494 corporis
1426 1426 1455 1477 et
1479 1419 1634 1494 sanguinis
1659 1419 1787 1476 Domini.
1807 1444 1821 1469 »

110 1505 175 1561 llaec
189 1517 259 1558 sane
275 1517 327 1555 aros
342 1495 590 1568 transformationis
606 1510 664 1549 nen
694 1498 724 1548 at
748 1492 826 1565 apud
843 1509 896 1548 nos
911 1490 973 1548 heri
988 1490 1107 1559 assolet,
1124 1492 1160 1548 de
1187 1492 1349 1548 mutatione
1365 1492 1463 1548 terme
1479 1492 1636 1563 eujusdam
1665 1491 1822 1548 exterioris

108 1570 315 1632 tantummodo
339 1574 384 1626 est
406 1565 635 1639 interpretanda.
650 1565 725 1619 Nam
742 1565 845 1630 terma,
862 1572 953 1637 popei,
968 1562 1046 1636 apud
1071 1562 1208 1635 antiquos
1231 1562 1309 1619 idem
1334 1561 1449 1619 valebat
1473 1569 1560 1636 atque
1575 1570 1655 1630 atah,
1673 1568 1822 1636 praeunte

109 1643 257 1721 Apostolo.
286 1641 336 1714 qui
367 1639 440 1695 Phil.
459 1657 487 1703 ιι,
502 1639 529 1707 a,
548 1636 588 1692 ait
616 1636 778 1697 Christum.
806 1651 874 1690 eum
904 1633 933 1690 in
963 1635 1058 1691 torma
1085 1633 1135 1690 llei
1166 1639 1255 1703 esaei,
1277 1635 1401 1691 formem
1433 1635 1509 1690 servi
1539 1634 1699 1707 accepisse.
1727 1634 1821 1698 Quare

110 1720 210 1776 Patres
225 1732 282 1771 nen
299 1728 364 1769 rnre
380 1716 535 1781 utramque
549 1708 579 1763 in
595 1706 710 1763 Christo
734 1709 869 1763 naturam
893 1705 993 1762 ferme
1018 1704 1213 1777 appellatione
1239 1706 1434 1779 designarunt
1448 1706 1505 1778 (20)
1522 1706 1600 1762 unda
1623 1710 1654 1762 et
1679 1705 1794 1763 Psellus
1811 1723 1818 1762 :

110 1798 186 1850 Odoin
200 1799 245 1859 μὲν
259 1792 303 1843 οὗν
317 1793 358 1841 ant
372 1793 455 1856 μορφὴ
469 1791 511 1836 ast
543 1789 593 1843 ύσις
608 1788 634 1834 ἓν
648 1787 678 1834 τ’
697 1785 774 1849 Λόγῳ.

146 1859 275 1930 Denique
290 1857 326 1912 de
338 1855 403 1927 ipsa
418 1805 565 1919 methodo,
577 1867 635 1922 qua
649 1806 686 1931 41.
701 1848 912 1931 lione-tentum
930 1845 1010 1921 typis
1023 1845 1138 1930 excudi·
1150 1845 1273 1916 curavit,
1286 1848 1348 1905 hoec
1363 1848 1553 1922 praestanda
1569 1851 1648 1914 sunt,
1665 1864 1731 1920 quas
1756 1847 1820 1920 ipse

111 1929 400 1989 monuit.Vetustum
415 1940 541 1989 comma,
558 1921 636 1994 quod
651 1920 758 1977 citrei
775 1919 871 1975 simale
887 1922 941 1984 est,
959 1918 1098 1974 moderno
1114 1934 1198 1991 signo
1208 1917 1345 1975 reddidit.
1357 1920 1638 1993 interpunctionem,
1655 1935 1758 1991 (praem,
1775 1919 1818 1975 di-

111 2009 191 2072 eunt,
207 1999 316 2058 codicis
331 1996 470 2064 retonuit;
487 2012 551 2066 quae
567 2009 634 2048 cum
648 2009 665 2047 a
680 1996 781 2048 nestra
795 1991 904 2074 mirum
919 1995 1064 2064 quantum
1080 1990 1222 2072 divergia,
1233 1989 1319 2075 signa
1334 1992 1431 2074 petius
1444 1995 1548 2047 cantus
1563 2007 1653 2063 quam
1668 1990 1819 2048 dividendi

111 2072 375 2133 sensusvidentur.
392 2068 549 2124 Missurum
579 2079 735 2145 numerum
765 2078 850 2118 uncas
865 2061 1013 2119 inclusum
1028 2066 1057 2117 et
1077 2061 1181 2118 litteris
1196 2061 1320 2118 cursivis
1335 2078 1514 2135 impressum
1539 2061 1664 2134 ipsemet
1693 2062 1818 2134 eddidit,

112 2146 248 2205 similiter
261 2149 290 2200 et
304 2141 470 2199 arationum
487 2138 607 2193 nomina
622 2135 656 2191 ad
680 2138 775 2189 instar
789 2132 1016 2191 sacramentarii
1030 2132 1145 2189 Gothici
1172 2132 1248 2207 apud
1273 2132 1487 2192 Mabillnnium.
1505 2132 1595 2191 Tituli
1619 2149 1686 2189 vero
1708 2132 1819 2189 oratio·

112 2235 184 2275 num
200 2222 228 2275 ei
242 2213 358 2272 numeri
374 2211 543 2275 missarum,
561 2206 610 2280 qui
635 2206 665 2261 in
690 2205 788 2262 codice
811 2204 986 2279 superstites
1008 2204 1172 2271 exstabant,
1189 2205 1350 2275 majoribus
1375 2210 1404 2263 et
1427 2205 1575 2261 stantibus
1599 2203 1819 2261 characteribus

110 2290 285 2347 redduntur.
301 2283 447 2342 Foliorum
462 2278 571 2335 codicis
581 2293 722 2333 numerus
737 2276 767 2331 in
783 2276 915 2350 margine
925 2274 1043 2332 additur
1052 2280 1080 2331 et
1090 2275 1234 2403 eujuspue
1246 2274 1304 2333 lolii
1319 2275 1387 2334 linis
1397 2275 1526 2334 verticali
1537 2275 1643 2333 lineola
1657 2274 1817 2333 indicatur.

111 2362 201 2418 Notas
215 2359 383 2421 Moneanas,
401 2356 546 2426 quantum
561 2348 625 2406 heri
640 2347 778 2421 operiant,
796 2346 984 2416 retinuimus,
999 2362 1093 2421 pauca
1108 2347 1176 2403 addi
1198 2346 1287 2404 imus.

162 2486 196 2540 12
221 2479 342 2537 Codices
356 2477 617 2541 sacramentorum,
635 2472 733 2529 Rome
750 2472 829 2539 1580,
845 2488 873 2545 p.
890 2472 952 2528 2413.
968 2469 1076 2529 Patrol.
1092 2473 1113 2526 t.
1131 2470 1241 2528 LXXII.

160 2554 195 2682 11
217 2548 371 2689 1111841111,
380 2547 646 2690 (11111.ρᾶἀῖἒῖ1611,
662 2618 728 2687 post
743 2613 926 2687 mysterium,
944 2613 1035 2671 misse
1050 2615 1077 2682 4,
1093 2612 1242 2682 collectim
1259 2614 1351 2670 missa
1363 2615 1392 2681 5,
1407 2621 1474 2687 post
1489 2617 1609 2673 moreh.

161 2698 194 2752 15
219 2695 249 2752 ln
265 2696 350 2750 crati.
387 2695 433 2748 est
446 2688 567 2746 nemina
581 2687 741 2745 missarum
756 2687 783 2742 2.
798 2688 825 2742 3.
843 2688 869 2741 4.
884 2688 912 2743 5.
928 2688 954 2742 8.

159 2769 193 2824 -16
220 2766 310 2825 Missa
324 2708 386 2830 al
403 2805 409 2819 .
552 2830 557 2842 ι

160 2842 192 2897 17
219 2837 315 2894 Missae
329 2837 391 2892 5111
406 2834 625 2889 contestatione.

159 2911 193 2969 ta
220 2908 301 2966 Miss.
317 2907 344 2976 4,
360 2909 438 2962 cent.
453 2907 480 2961 2.

159 2982 193 3038 tn
220 2981 311 3037 Missa
324 2978 352 3045 8,
367 2978 440 3033 crat.
457 2976 523 3048 pest
537 2989 606 3029 nen.

158 3055 194 3109 20
221 3052 315 3108 Peter.
331 3049 351 3105 l.
368 3065 408 3104 vn
424 3047 459 3103 de
475 3046 546 3113 lue,
562 3060 588 3100 c.
604 3046 631 3111 s,
648 3060 677 3098 n.
694 3044 720 3110 3,
736 3042 769 3109 93
785 3041 804 3096 l.
823 3059 849 3097 av
864 3042 900 3098 de
914 3040 1007 3111 trin,
1024 3059 1049 3098 e.
1065 3041 1092 3110 3,
1110 3058 1138 3097 n.
1156 3045 1173 3097 2
1187 3057 1221 3098 :a
1239 3044 1277 3100 lis
1293 3059 1357 3116 qua
1372 3041 1622 3100 celebratissimus
1637 3046 1742 3100 auctor
1753 3058 1818 3099 coa·

111 3130 144 3183 tu
157 3123 312 3254 igtadderc
327 3120 395 3177 licet
408 3117 554 3184 Ovidium,
571 3114 621 3188 qui
636 3114 720 3170 initio
735 3113 832 3187 operis
846 3110 1035 3186 μιτοιμόμιωειινΙ
1047 3129 1105 3169 non
1120 3112 1205 3171 aliter
1219 3131 1251 3172 se
1265 3113 1426 3189 intelligere
1448 3113 1566 3185 indicat,
1581 3132 1671 3186 quam
1686 3114 1818 3173 ematis

112 3215 164 3255 mu
210 3211 307 3253 renem
319 3209 353 3248 »z

344 3290 460 3403 &nera
474 3287 525 3336 tert
538 3285 644 3336 animus
659 3285 776 3335 mutatas
790 3282 879 3333 dicere
893 3282 994 3333 formes

380 3364 469 3415 rpera.

147 3446 178 3502 ld
192 3445 268 3502 inter
290 3440 400 3500 retibus
416 3455 488 3496 usus
504 3436 617 3509 antiqui
632 3435 745 3517 ignaris
755 3438 815 3490 tam
827 3432 1013 3507 peregrinum
1023 3433 1119 3490 visum
1130 3438 1184 3502 est,
1197 3438 1229 3490 ut
1239 3432 1315 3490 Scali
1337 3450 1369 3490 er
1378 3436 1548 3508 principiani
1557 3436 1626 3506 insci
1633 3436 1665 3491 ix
1676 3434 1821 3492 adnwdanr

108 3522 233 3575 voearet.
274 3514 371 3572 ossius
393 3509 566 3584 hypallagen
595 3508 771 3564 admitteret.
786 3503 910 3587 Acutius
937 3520 998 3561 rem
1026 3505 1194 3577 suspicatus
1210 3451 1508 3578 cataclismi-Ange,
1525 3505 1697 3563 Gallicanus
1727 3505 1819 3563 Ovidii

111 3590 263 3660 interpres.
289 3586 416 3659 (OEnnrea
440 3584 477 3638 aie
500 3581 623 3636 Sciat-A
660 3595 685 3643 e,
710 3582 732 3633 t.
749 3578 786 3643 ll,
808 3577 898 3642 Paris,
925 3575 1005 3642 1823,
1023 3594 1051 3648 p.
1068 3577 1142 3647 148.)
1164 3577 1251 3632 Porro
1275 3576 1448 3650 allegandas
1472 3583 1517 3634 est
1541 3577 1747 3635 Tertullianus
1773 3577 1819 3634 ad·

109 3677 211 3718 versus
241 3659 379 3714 Praxeam
395 3658 432 3726 (c.
448 3652 504 3722 22),
522 3650 582 3733 qui,
599 3656 632 3706 ut
672 3649 774 3733 erhum
804 3651 959 3731 assumpta
986 3647 1169 3730 humanitate
1200 3648 1391 3705 immutatum
1421 3667 1478 3705 non
1509 3648 1600 3706 luisse
1628 3651 1817 3707 estenderet:

109 3755 124 3783 «
142 3728 367 3800 Deum,inquit,
388 3723 604 3781 immutabilem
633 3726 662 3777 et
692 3721 897 3792 anturntnhttem
924 3719 1004 3777 credi
1031 3736 1150 3776 neccsse
1174 3724 1229 3790 est,
1246 3724 1279 3775 ut
1306 3725 1458 3776 aeternum.
1478 3721 1693 3793 Transfiguratie
1723 3726 1817 3778 autem

109 3801 295 3872 interemptio
310 3802 356 3855 est
371 3794 497 3869 pristini.
514 3794 606 3850 Omne
626 3792 705 3849 enim
730 3790 927 3918 qarodcunssne
941 3791 1170 3864 transfiguratur
1183 3789 1329 3873 iun-aliud,
1344 3791 1454 3874 desinit
1479 3808 1544 3848 esse
1567 3792 1646 3865 qued
1675 3792 1779 3857 luerat,
1794 3795 1819 3848 et

109 3874 213 3999 {ncipit
227 3887 291 3928 esse
307 3869 384 3942 qaaod
401 3885 459 3925 non
475 3871 606 3948 eial··.··‘·
621 3865 723 3921 Sermo
748 3866 847 3919 autem
891 3879 943 3918 ens
957 3867 1097 3947 etussrmo
1113 3862 1230 3945 Donum
1255 3868 1354 3918 manet
1369 3880 1398 3919 m
1415 3879 1518 3946 evum,
1535 3864 1751 3936 perseverando
1766 3862 1816 3920 sci·

122 3949 178 3999 met
191 3960 221 3998 ιη
237 3958 292 3998 sua
304 3944 392 4012 terma
397 3981 462 3994 ......
479 3952 597 3993 sienim
621 3936 778 3992 Sermusa
800 3934 1456 4004 transfiguratwneetdtnnntattnnemontanitae
1479 3951 1546 3991 care
1571 3933 1667 3992 iectus
1690 3940 1747 4002 est,
1764 3950 1815 3991 uae

106 4016 170 4086 jam
186 4012 241 4069 erit
253 4013 406 4068 attestantia
419 4012 489 4067 Jcsu
506 4026 541 4064 ex
554 4007 681 4064 duabus.
696 4029 710 4056 n

362 4310 627 4442 MlSSAE
672 4305 1147 4438 aetatulam
1195 4308 1566 4442 hauhein

823 4530 848 4591 Α
872 4529 908 4591 F.
931 4530 961 4592 J.
985 4531 1110 4596 Meas

592 4683 733 4730 incarne
754 4681 850 4728 nasas
873 4683 1157 4752 nuerssanaasruu
1179 4684 1339 4731 enarrare

868 4789 1053 4849 1121110Τῶ.

147 4921 328 4997 (tatcinnchc
342 4919 399 4974 arrd
414 4919 582 4976 Griechisrhe
597 4917 697 4974 lieren
710 4934 761 4973 arn
776 4917 827 4974 den
843 4918 956 4974 autetiam
973 4917 1014 4973 tie
1029 4917 1152 4975 aeclnten
1164 4917 1354 4974 tahrhandcrt
1369 4917 1607 4992 hereusgegehen
1623 4933 1679 4973 ren
1696 4918 1781 4974 Franz

606 4987 714 5060 ioseph
731 4987 826 5056 Mune,
841 4987 1075 5046 Archivdirector
1087 5007 1122 5045 zu
1138 4986 1319 5062 liarlsruhe.)

444 5113 551 5185 (aissa
573 5113 607 5184 1.)
992 5130 1063 5170 suae
1076 5113 1239 5172 maiestatis
1249 5112 1408 5169 inluminet
1419 5128 1471 5184 per
1480 5111 1602 5169 ihesum
1615 5111 1764 5171 Christum
1771 5108 1811 5165 de

148 5210 222 5281 (ante
235 5207 385 5264 ornarem
400 5203 611 5271 damiam)...
626 5204 691 5257 cato
703 5204 804 5257 senate
820 5201 937 5258 nomiae
994 5203 1107 5259 minum
1119 5207 1253 5259 nestrum
1265 5204 1350 5274 eujus
1362 5202 1503 5259 mandata
1514 5206 1682 5259 retenentes
1693 5202 1812 5274 (taton-

113 5314 166 5354 sue
178 5293 402 5352 iubentliberari
411 5296 440 5349 et
448 5291 508 5348 iam
516 5307 567 5347 eos
576 5288 685 5346 nestris
694 5288 849 5360 praecibus
857 5290 939 5346 adiu·
994 5306 1062 5346 mus
1076 5294 1106 5345 et
1120 5288 1257 5345 dicimus.

113 5401 228 5443 nemus.
242 5382 292 5456 qui
307 5383 475 5456 ignorantes
487 5380 583 5437 adhuc
598 5379 653 5435 iter
667 5393 771 5434 uerum
788 5393 805 5432 a
820 5377 938 5435 diabulo
1030 5380 1099 5451 (post
1112 5379 1264 5436 creticam
1278 5377 1468 5449 minuam.)
1480 5377 1585 5435 Libera
1599 5377 1721 5435 demine
1734 5377 1815 5434 litera

113 5474 143 5528 in
159 5471 306 5529 erroribus
321 5471 430 5528 saeculi
445 5471 659 5528 detinentur.ut
674 5482 777 5523 omnes
791 5465 939 5540 agnitione
993 5482 1051 5524 nus
1065 5468 1101 5524 ab
1116 5467 1197 5524 omni
1212 5464 1301 5523 mule.
1318 5471 1348 5523 et
1361 5466 1508 5524 constitue
1523 5483 1577 5524 aas
1597 5467 1628 5523 iu
1641 5467 1729 5525 omni
1741 5479 1815 5539 opere

150 5595 206 5667 (21)
221 5594 303 5665 Apud
321 5594 471 5665 Mabillon,
487 5597 550 5661 202,
563 5600 707 5668 ρναοωρεα
721 5592 877 5648 ⁴atterentes.
