3878 6098
117 300 176 364 Η9
495 332 497 336 ⁴
650 306 826 369 -lthllElil
850 305 883 369 S.
906 306 1059 372 IiEbllGll
1082 305 1267 368 llONACHl.
1763 309 1830 377 tif)

115 434 214 505 rectis,
244 451 401 512 regnorum
430 437 576 512 principes
606 437 776 512 Compendii
805 436 937 512 collegit;
952 439 980 507 Α
995 437 1186 495 minationem
1201 438 1230 495 in
1246 435 1720 512 principibus-exercereualerent.
1730 441 1823 500 Amor

114 522 248 598 ibiquea
268 527 342 585 duce
366 527 544 603 reliquisque
568 527 749 602 principibus
774 527 938 583 Ludovicus
991 544 1107 600 quoque
1122 528 1286 602 conjugalis
1308 528 1351 586 eis
1367 545 1440 603 pene
1455 527 1557 611 nullus
1570 529 1635 586 fuit.
1651 530 1726 587 Nam
1753 547 1823 589 cum

114 631 165 671 rex
192 615 373 675 adclamatus
401 636 453 692 per
481 618 739 692 metropolitanum
766 617 937 691 episcopum
991 616 1039 673 ille
1055 617 1151 674 adhuc
1166 619 1348 691 pubesceret,
1361 617 1411 674 illa
1425 634 1493 676 vero
1515 636 1589 677 auus
1604 620 1689 688 foret,
1704 625 1821 679 contra·

114 704 283 776 Remorum,
298 707 392 782 digne
406 708 540 766 videlicet
554 708 700 766 memoris
715 706 935 777 Adalberonem‚
992 705 1042 762 riis
1051 707 1756 767 moribusdissentiebant.Cubiculumcommune
1764 707 1819 768 siti

114 799 216 853 sancte
228 794 274 853 die
291 797 476 855 Pentecostes
491 798 520 854 in
535 814 660 873 regnum
677 798 855 855 Francorum
869 813 936 868 pro·
990 813 1049 852 non
1064 797 1262 869 patiebantur.
1274 796 1443 870 Requieturi
1454 814 1571 870 quoque
1580 797 1704 856 diversis
1719 799 1821 875 hospi·

114 886 571 961 motusestllld).Duobusergo
587 887 778 961 regnantibus
789 884 936 943 duamul·
990 885 1040 940 tiis
1069 886 1265 958 potiebantur.
1286 886 1316 942 Si
1343 887 1461 960 quaudo
1490 886 1720 965 colloquendum
1747 897 1822 965 erat,

113 977 143 1030 ta
153 973 322 1032 affabilitate
332 993 366 1032 ac
376 976 519 1033 famulatu
532 975 827 1049 multiplici,perdies
838 974 938 1048 plures
990 974 1087 1032 locum
1104 975 1158 1032 sub
1174 975 1239 1032 divo
1261 974 1417 1032 habebant.
1431 976 1483 1032 Pro
1498 975 1686 1034 sermonibus
1710 981 1820 1052 produ-

114 1080 178 1120 sese
199 1064 437 1133 commendabat;
467 1065 538 1122 adeo
564 1065 673 1139 regiam
689 1064 862 1139 dignitatem
885 1080 938 1136 per
990 1065 1101 1133 condis,
1111 1064 1397 1136 paucissimadicere
1410 1071 1456 1121 sat
1471 1068 1543 1122 crat.
1555 1065 1657 1123 Ethoc
1671 1069 1753 1140 apud
1770 1087 1820 1129 eos

114 1153 214 1209 omnia
228 1152 378 1220 extollens,
390 1158 420 1210 et
434 1171 497 1211 sese
513 1155 546 1190 ⁵⁰⁰
560 1155 603 1211 eis
627 1152 789 1227 supplicem
802 1153 836 1188 ¹⁵¹⁰
851 1169 937 1208 mon·
991 1155 1050 1211 fere
1065 1158 1127 1210 erat
1141 1171 1193 1226 per
1206 1153 1507 1219 biennium.Quorum
1523 1171 1621 1211 mores
1637 1173 1733 1230 usque
1749 1160 1819 1217 adeo

113 1245 226 1311 strans;
244 1258 275 1298 se
287 1242 376 1303 etiam
388 1242 534 1299 facturum
549 1243 700 1316 pollicens,
713 1245 746 1298 ut
764 1242 850 1298 ambo
871 1258 938 1314 gen·
991 1241 1141 1298 discordes
1156 1241 1246 1310 fuere,
1259 1246 1291 1296 ut
1315 1258 1373 1298 non
1397 1241 1491 1299 multo
1515 1247 1686 1316 sequeretur
1709 1251 1820 1320 postet

113 1330 193 1386 tibus
204 1330 268 1402 jam
288 1331 407 1389 domitis
427 1336 560 1402 potenter
579 1331 768 1403 imperarent,
778 1330 937 1388 indomitas
991 1329 1159 1387 divortium.

114 1435 231 1492 quoque
244 1418 402 1476 efficaciter
413 1420 446 1454 ⁵¹¹
463 1423 710 1477 mansuescerent.
722 1419 754 1475 ld
770 1418 859 1475 etiam
874 1436 938 1475 me·
1026 1421 1071 1476 95.
1089 1420 1252 1478 Ludovicus
1276 1437 1342 1477 vero
1357 1419 1428 1494 quia
1455 1437 1571 1478 morum
1595 1421 1817 1483 informatorem

113 1506 272 1575 ditabatur,
286 1505 358 1563 utin
369 1505 492 1567 diversis
503 1508 601 1583 regnis
611 1507 709 1582 positi,
721 1506 832 1580 regiam
846 1507 938 1564 domi·
991 1527 1052 1566 non·
1065 1509 1202 1580 habebat,
1219 1513 1317 1582 utpote
1337 1509 1507 1567 adolescens
1532 1509 1639 1570 levium
1655 1529 1760 1571 rerum
1770 1532 1817 1572 va·

112 1595 261 1654 nationem
276 1601 453 1664 exercerent,
465 1614 501 1654 ne
516 1597 605 1655 unius
615 1597 697 1671 regni
710 1597 855 1670 angustia,
867 1598 937 1654 duo·
991 1599 1133 1655 nitatibus
1152 1599 1316 1656 insistebat.
1333 1598 1472 1656 Habitum
1487 1600 1521 1636 ⁸¹³
1540 1601 1639 1674 patrie
1655 1602 1753 1677 gentis
1768 1621 1822 1678 pro

112 1700 178 1741 rum
195 1700 297 1759 regum
314 1686 460 1758 majestati
476 1687 601 1744 nimium
617 1688 778 1761 derogaret.
991 1688 1152 1761 peregrinis
1181 1688 1298 1761 penitus
1328 1690 1512 1761 deposuerat.
1538 1689 1639 1765 ltaque
1667 1691 1699 1748 in
1728 1692 1818 1750 mise·

147 1773 272 1832 92.ltem
283 1777 418 1849 promotio
438 1776 568 1834 ludovici
585 1779 616 1834 in
638 1794 755 1848 regnum
778 1778 938 1850 Aquitanica
991 1778 1113 1833 randum
1129 1778 1277 1833 fortunam
1305 1794 1352 1834 res
1381 1778 1499 1851 penitus
1527 1779 1643 1856 dilapsa
1670 1785 1727 1851 est,
1744 1786 1819 1843 utet

111 1865 221 1937 ejusque
234 1867 372 1923 uxoratio.
384 1896 418 1907 -
433 1866 508 1923 llum
527 1866 590 1923 hec
608 1866 702 1923 multo
717 1870 822 1923 conatu
837 1865 937 1938 dispo·
991 1866 1122 1923 moribus
1138 1868 1273 1939 degener,
1285 1872 1314 1923 et
1329 1867 1471 1941 regnandi
1486 1868 1663 1941 impotentia
1674 1871 1819 1947 inglorius

112 1960 204 2025 neret,
216 1953 266 2010 alii
282 1954 401 2027 quidam
417 1955 505 2012 nimis
518 1955 615 2013 callidi
630 1956 684 2012 hec
699 1960 856 2029 comperto,
869 1973 937 2012 cum
991 1959 1082 2025 esset,
1099 1955 1192 2028 etqui
1207 1955 1294 2029 paulo
1324 1961 1390 2013 onte
1413 1973 1463 2013 rex
1491 1973 1607 2030 genere,
1623 1959 1713 2029 lama,
1730 1965 1820 2036 atque

111 2045 283 2117 hujusmodi
311 2044 433 2118 gloriam
449 2045 479 2101 in
499 2063 562 2102 sese
585 2046 790 2103 transfundere
817 2043 936 2117 vellent,
991 2043 1083 2116 copiis
1099 2049 1212 2117 potens,
1225 2062 1304 2100 nunc
1319 2062 1495 2102 erumnosus
1514 2049 1542 2103 et
1560 2046 1656 2122 inops,
1672 2048 1714 2105 rei
1729 2049 1819 2108 fami·

111 2138 246 2194 Emmam
273 2135 404 2209 reginam
434 2137 587 2202 adeuntes,
601 2152 689 2209 super
716 2135 845 2191 maxima
860 2151 890 2191 re
906 2151 938 2191 se
990 2131 1073 2194 liaris
1086 2132 1173 2190 simul
1193 2136 1221 2190 et
1245 2133 1382 2192 militaris
1406 2133 1572 2192 calamitate
1593 2125 1751 2210 squaleret.
1766 2139 1820 2198 llis

111 2225 298 2285 consulturos
313 2226 458 2281 dixerunt.
470 2225 523 2292 Qui
536 2225 664 2297 suscepti
680 2243 697 2280 a
712 2225 822 2297 regina,
835 2223 863 2278 itl
880 2221 936 2278 sibi
992 2222 1147 2282 Letharius
1163 2241 1212 2279 rex
1234 2223 1409 2297 permultos
1428 2224 1562 2298 cognitis,
1579 2225 1673 2287 filium
1689 2227 1758 2286 inde
1773 2246 1818 2287 re·

111 2316 203 2373 videri
217 2315 362 2389 optimum
379 2313 524 2382 dixerunt,
537 2313 682 2369 Ludovico
700 2313 760 2385 regi
775 2311 936 2368 asscisccn·
990 2327 1093 2367 auocare
1103 2312 1263 2386 cogitabat;
1274 2331 1332 2369 non
1348 2314 1486 2387 ignorans
1502 2315 1532 2370 in
1543 2316 1628 2388 pejus
1637 2333 1706 2377 eum
1716 2315 1817 2392 lapsu·

111 2407 179 2462 dam
195 2405 352 2476 conjugem
376 2401 556 2472 Adelaidem,
574 2402 757 2474 Ragemundi
777 2417 870 2474 nuper
884 2401 936 2457 de·
990 2417 1067 2468 rum,
1080 2417 1146 2457 cum
1162 2401 1221 2458 illio
1238 2402 1352 2458 nullum
1368 2403 1520 2477 diguitatis
1536 2403 1620 2478 regia
1631 2405 1754 2464 baberet
1768 2407 1819 2465 hc

111 2493 205 2551 functi
219 2491 303 2549 (lucis
314 2490 476 2548 Gothorum
491 2490 560 2548 olim
576 2508 706 2547 uxorem.
718 2492 753 2547 Et
768 2507 825 2547 non
842 2490 936 2564 magis
990 2506 1102 2546 norem.
1117 2490 1287 2564 Equiiatum
1303 2492 1402 2564 itaque
1416 2497 1501 2566 parat
1515 2492 1611 2551 filium
1624 2496 1819 2567 repetiturus.

111 2582 269 2657 potentiam
287 2580 431 2655 regnandi,
441 2597 475 2636 ex
488 2580 542 2637 hoc
557 2598 642 2654 posse
656 2581 768 2654 augeri,
780 2597 868 2653 quam
879 2580 936 2637 sibi
989 2578 1176 2651 Aquitaniam
1189 2580 1341 2654 ingressus
1349 2580 1485 2638 Briddam
1495 2581 1589 2655 petiit.
1596 2581 1704 2641 Filium
1713 2587 1821 2659 repetit

111 2672 253 2731 nonnulla
262 2671 417 2728 commoda
431 2670 557 2743 adquiri.
569 2669 721 2727 Enimvero
732 2669 871 2744 possibile
884 2669 935 2726 fre·
990 2673 1019 2723 et
1033 2668 1154 2724 reducit.
1170 2669 1280 2742 Regina
1303 2687 1367 2727 sese
1381 2669 1532 2728 viduatam
1547 2672 1662 2740 dolens,
1674 2660 1702 2731 et
1726 2675 1821 2735 verita

110 2763 145 2833 ri,
157 2766 249 2820 totam
258 2760 446 2836 Aquitaniam
460 2760 608 2834 simulque
618 2764 648 2816 et
659 2758 795 2816 Gothiam
811 2775 864 2829 quo
880 2759 934 2814 im·
990 2758 1111 2831 majoris
1125 2757 1304 2815 incommodi
1321 2759 1471 2832 injuriam,
1484 2759 1658 2821 Wilelmum
1666 2763 1820 2829 Arelaten-

108 2853 189 2927 perio
204 2851 345 2925 asstringi
360 2867 456 2923 posse,
468 2856 624 2924 postquam
637 2867 671 2906 ex
681 2851 749 2921 jure
761 2849 854 2905 ducta
865 2865 934 2905 uxo·
990 2863 1052 2903 sem
1077 2846 1159 2919 adiit,
1171 2848 1256 2921 eique
1282 2848 1392 2921 nupsit.
1404 2849 1438 2904 ut
1452 2850 1494 2906 sic
1509 2865 1544 2907 ex
1556 2850 1691 2923 divortio,
1705 2852 1820 2918 adulte-

109 2942 150 3000 ris
166 2942 273 3016 oppida
288 2939 492 2998 munitissima
506 2939 543 2996 ad
563 2956 651 2996 suum
668 2940 720 3011 jus
745 2941 933 3011 retorqueret.
990 2937 1067 2993 rium
1083 2937 1234 3010 publicum
1249 2942 1402 3011 operatum
1417 2943 1471 2996 est.

109 3030 351 3106 Magnumetiam
367 3028 507 3102 quiddam
523 3029 552 3085 in
568 3027 623 3086 hac
638 3032 719 3095 re,et
736 3027 805 3084 utile
821 3044 936 3100 compa·
1023 3027 1069 3082 96.
1086 3025 1181 3082 Obitus
1201 3026 1360 3084 ottonia-
1378 3027 1438 3085 Hac
1462 3031 1635 3102 tempestate
1658 3029 1725 3087 Otto
1749 3048 1818 3101 cum

109 3122 178 3190 rari,
192 3121 215 3178 si
229 3123 311 3193 patre
321 3119 391 3175 hinc
400 3119 540 3192 posit0,et
550 3118 632 3174 illinc
643 3117 779 3180 filio.dux
788 3116 935 3190 ceterique
989 3115 1121 3172 barbaris
1137 3133 1323 3189 congressus,
1335 3115 1495 3175 miserabili
1511 3117 1634 3179 tonans
1648 3121 1816 3181 succubuit.

109 3210 209 3269 hostes
225 3211 255 3265 in
272 3209 367 3266 medio
382 3207 524 3276 conclusi,
539 3211 678 3280 perpetuo
693 3209 863 3280 urgeantur.
949 3188 970 3255 C
989 3205 1061 3261 Nam
1078 3210 1107 3261 et
1122 3205 1280 3262 exercitum
1297 3206 1395 3263 fusum
1412 3206 1521 3275 amisit,
1534 3211 1563 3263 et
1581 3207 1644 3282 ipae
1658 3213 1765 3282 captus
1779 3212 1823 3271 ab

18 3284 25 3295 ’
144 3300 189 3357 93.
201 3299 296 3372 liujus
311 3296 432 3354 rationis
447 3296 602 3353 consilium
618 3299 774 3368 postquam
791 3294 852 3367 regi
868 3310 934 3368 sug·
988 3293 1134 3362 hostibus,
1146 3294 1321 3350 divinavcro
1332 3295 1574 3371 gratiareversus
1588 3296 1656 3354 fuit.
1666 3297 1818 3361 Postcum

110 3393 225 3464 gestum
241 3393 296 3458 est,
317 3387 394 3461 apud
411 3386 585 3443 Gozfredum
599 3384 736 3442 comitem
760 3383 811 3457 qui
834 3383 936 3439 aderat
988 3400 1023 3439 ex
1036 3382 1232 3458 indigestione
1252 3376 1350 3440 Romae
1373 3383 1565 3455 laboraret,et
1588 3385 1720 3444 intestini
1735 3388 1816 3462 squi-

109 3479 277 3536 ordinatum
291 3477 393 3535 valuit.
410 3477 476 3532 Haec
490 3476 563 3531 duce
578 3474 729 3549 ignorante
744 3473 933 3546 parabantur.
989 3472 1119 3528 balasex
1138 3471 1327 3537 melancolico
1353 3472 1476 3532 humore
1504 3478 1662 3547 pateretur,
1677 3475 1817 3540 aloem

109 3570 259 3635 Quocum
288 3569 354 3639 post
382 3565 646 3633 animadvertisset,
664 3581 699 3619 ne
728 3562 846 3636 regibus
872 3561 935 3618 fieri
989 3562 1105 3634 pondus
1120 3562 1308 3633 dragmarum
1325 3566 1452 3636 quatuor
1464 3563 1600 3620 sanitatis
1614 3564 1719 3623 addus
1734 3582 1819 3631 sum.-

107 3658 256 3719 videretur
270 3656 407 3730 injurius,
418 3653 628 3711 contumeliam
643 3650 844 3720 dissimulans,
862 3648 935 3707 nihil
989 3650 1057 3723 psit.
1068 3651 1312 3725 conturbatisque
1322 3651 1495 3723 visceribus,
1506 3652 1615 3711 diarria
1619 3653 1705 3728 iugis
1712 3671 1819 3728 prosas

108 3748 225 3822 penitus
238 3747 417 3821 refragratus
430 3747 484 3801 est.
498 3745 612 3800 lnterea
621 3741 751 3799 collectis
760 3740 842 3814 regni
859 3740 936 3812 prin·
989 3743 1057 3796 cute
1068 3741 1220 3812 est.CuJus
1231 3740 1389 3797 continuus
1400 3742 1506 3811 fluxus,
1514 3741 1829 3805 emorroidestumens.

109 3837 132 3893 ci
137 3838 233 3911 pibus,
245 3836 394 3908 equitatus
410 3833 508 3906 regius
522 3831 699 3906 disponitur,
713 3829 842 3903 insignia
856 3828 937 3904 regia
989 3833 1033 3886 tes
1043 3829 1214 3903 procreavit.
1224 3833 1290 3897 Qum
1302 3829 1391 3888 etiam
1402 3830 1832 3904 sanguiuemimmederatqaa,

108 3922 306 3990 invehuntur;
334 3921 392 3978 cibi
421 3919 599 3993 multiplices
626 3918 769 3992 apparati,
794 3917 936 3974 vehiculis
990 3919 1181 3988 effundentes,
1199 3924 1324 3976 mortem
1340 3923 1408 3993 post
1422 3919 1486 3979 dies
1500 3937 1561 3978 uon
1578 3919 1832 3995 pluresoperaa..

110 4011 312 4083 imponuntur.
324 4010 437 4077 Quibus
448 4008 531 4079 actis,
542 4025 625 4081 reges
636 4008 753 4080 utrique
765 4024 832 4063 cum
843 4007 936 4063 multo
991 4013 1061 4064 sunt
1075 4009 1148 4081 (983,
1163 4009 1225 4065 Dec.
1243 4009 1281 4081 7).

109 4100 241 4172 equitatu
256 4098 287 4154 in
301 4096 489 4171 Aquitaniam
512 4096 633 4168 profecti
657 4103 736 4163 sunt,
748 4101 937 4168 castrumque
1026 4099 1071 4152 97.
1083 4096 1136 4153 Cui
1146 4097 1283 4169 defuncto
1296 4096 1822 4174 filiusquinquennisssttosuperatas

109 4188 247 4247 Briddum
262 4188 338 4261 quod
355 4191 438 4242 vetus
452 4183 568 4250 dicitur,
581 4185 768 4241 devenerunt.
991 4188 1062 4241 erat.
1074 4187 1164 4252 Quem
1176 4187 1252 4257 patri
1268 4185 1425 4244 succedere
1440 4187 1470 4256 in
1482 4205 1692 4262 regnum,cum
1706 4187 1830 4262 aliquot.

144 4278 191 4337 et.
205 4276 343 4337 adelaidis
359 4277 394 4312 ⁵¹²
408 4293 425 4331 a
441 4273 575 4331 Ludocico
590 4275 624 4309 ⁵¹²
639 4275 744 4343 reginae
760 4275 789 4329 in
804 4273 837 4307 ⁸¹²
853 4272 937 4345 Aqui·
991 4274 1131 4347 primates
1146 4274 1317 4345 voluissent,
1334 4276 1363 4335 id
1379 4277 1421 4334 ab·
1432 4276 1585 4350 aliquibus¹
1602 4277 1822 4340 contradictum

109 4371 189 4426 rania
207 4369 343 4442 preputio
356 4367 390 4402 ⁸¹²
413 4379 559 4436 eorumque
582 4364 732 4419 divortium
746 4363 789 4416 ⁵¹².
800 4364 939 4429 -Quoa
991 4368 1036 4423 cst
1049 4364 1123 4434 (983,
1140 4369 1202 4421 Dec.
1219 4365 1277 4438 25).
1291 4366 1403 4439 lugenti
1428 4369 1526 4425 tamen
1549 4367 1658 4435 virtute
1679 4367 1826 4440 variaque

94 4459 230 4533 ,praefata
253 4454 391 4516 adelaide
420 4452 515 4511 multo
544 4456 685 4526 apparatu
716 4451 827 4523 excepti
856 4455 936 4519 sunt.
991 4453 1108 4510 fortuna
1129 4453 1155 4510 ei
1176 4470 1309 4527 regnum
1329 4459 1432 4528 postea
1454 4455 1821 4528 paraverunt(flilt).lim

110 4549 145 4607 et
159 4547 206 4606 (lie
220 4546 380 4611 constituta
391 4543 554 4602 rationibus
565 4539 769 4599 decentissime
783 4540 939 4607 habitis,et
954 4562 983 4626 D.
992 4543 1089 4599 Hezilo
1104 4542 1180 4617 regis
1190 4543 1278 4616 paulo
1286 4548 1352 4601 ante
1363 4545 1493 4603 defuncti
1503 4543 1709 4619 patruelis,qui
1716 4545 1822 4610 adbuc

110 4653 145 4693 ex
155 4638 225 4707 jure
239 4635 318 4695 datis
342 4634 500 4702 dotalibus,
515 4631 680 4689 Ludovicus
708 4647 759 4686 rex
786 4646 851 4686 eam
880 4629 937 4685 sibi
992 4631 1022 4688 in
1032 4649 1147 4689 carcere
1157 4633 1272 4690 vinetus
1284 4635 1361 4692 abeo
1372 4634 1578 4702 tenebatuseo
1589 4635 1669 4707 quod
1678 4634 1827 4698 adversus

111 4741 232 4783 uxorem
261 4721 417 4796 copulavit,
442 4727 530 4795 atque
560 4738 660 4778 secum
690 4722 857 4777 coronatam
886 4735 939 4792 per
991 4738 1059 4780 eum
1074 4738 1197 4794 regnum
1222 4727 1380 4795 appeteret,
1394 4721 1643 4798 pravorumdclis
1665 4723 1696 4781 in
1720 4724 1821 4796 perni-

111 4814 263 4889 episcopos
277 4812 308 4868 in
324 4828 447 4885 regnum
462 4811 615 4884 promovit.
630 4811 693 4866 Non
709 4814 808 4867 tamen
823 4808 936 4881 regium
991 4810 1061 4869 tiam
1077 4811 1117 4868 rei
1140 4812 1263 4885 publicio
1282 4812 1411 4886 elapsus,
1422 4818 1453 4869 et
1466 4813 1664 4885 quorumdam
1679 4811 1821 4873 muntic-

111 4921 218 4963 nomeu
233 4901 276 4961 sic
290 4901 321 4958 in
341 4900 387 4958 eis
397 4899 498 4969 vduit,
510 4905 543 4957 ut
567 4899 714 4958 ullatenus
730 4898 870 4973 regnandi
885 4899 935 4955 do·
991 4899 1079 4958 nibus
1090 4903 1224 4974 receptus
1236 4905 1289 4958 est.
1296 4900 1348 4958 Vir
1358 4917 1439 4974 eque
1449 4905 1481 4958 ut
1491 4902 1557 4964 Otto
1568 4899 1687 4971 nobilis,
1697 4917 1823 4975 corpore

790 5032 912 5090 VAlilAE
931 5031 1140 5089 ascalonus.

145 5124 509 5201 9’θεᾙροιοιιιιιὶιιιὶεὶειιι.
548 5120 785 5195 ⁸¹⁰supplicicem
805 5122 863 5178 cod.
902 5123 934 5158 ³¹¹
950 5120 1106 5179 efficaciter
1119 5121 1177 5178 cod.
1215 5122 1379 5195 ⁸¹¹Ad‚do,
1397 5123 1437 5193 in,
1454 5122 1487 5193 ti,
1503 5140 1538 5180 vo
1559 5123 1674 5180 absciso.
1713 5120 1821 5178 ⁸¹³Ve·

111 5205 171 5259 stes
186 5217 257 5258 cerr.
275 5198 408 5256 habitum
425 5195 483 5252 cod.

906 5292 1023 5349 NOTAE.

147 5407 220 5477 (116)
236 5407 303 5471 Qus
319 5421 385 5461 cum
397 5404 461 5477 jam
478 5419 525 5459 en.
540 5400 594 5456 979
609 5398 794 5462 accidissent,
807 5397 878 5455 ordo
893 5414 936 5455 re-
990 5397 1061 5455 Julii
1075 5398 1092 5453 9
1107 5400 1176 5455 anni
1192 5400 1255 5469 981,
1272 5399 1367 5474 iisque
1391 5400 1472 5470 solis,
1489 5399 1646 5456 formulam
1666 5399 1693 5455 le
1716 5398 1721 5409 '
1739 5402 1820 5454 :Dc-

113 5494 178 5532 runr
203 5481 303 5531 nostro
326 5475 459 5532 inversus
474 5473 681 5538 essevidetur;
698 5469 755 5525 nisi
784 5485 860 5524 anno
883 5469 931 5551 iiiii
990 5478 1095 5526 tum—
1109 5472 1168 5542 pilio
1187 5489 1249 5529 vere
1271 5474 1330 5544 ejus
1353 5472 1463 5530 domiuo
1493 5471 1631 5530 Ludovicc'
1652 5414 1821 5528 ocazane

113 5549 234 5619 ilugorre
257 5547 437 5607 assentiento
459 5548 583 5603 fortasse
603 5561 652 5600 rex
667 5541 857 5625 confirmatus
887 5545 936 5596 sit.
990 5545 1098 5613 egregie
1114 5553 1244 5616 reportate
1261 5561 1335 5602 acac
1350 5548 1443 5602 urcio.

113 5618 268 5692 Singulare
283 5617 412 5688 quidem,
432 5618 463 5675 in
487 5617 597 5677 chartis
621 5613 750 5675 Lotbanr
775 5612 890 5670 duabus
906 5611 934 5667 d.
