3878 6098
117 307 179 373 829
386 298 395 367 s
627 299 871 366 FRANCORUM
893 300 1029 365 asculi
1052 303 1328 367 captiuitatis.
1769 313 1829 377 530

112 439 212 519 moult
236 438 329 513 hujus
352 435 466 497 diversa
488 434 628 512 qualitate
652 434 805 505 haetenus,
826 434 949 493 Domina
963 436 991 505 Α
1006 435 1060 493 hcc
1075 436 1243 511 iacto,qucd
1259 435 1322 495 sina
1336 437 1426 497 dubia
1441 439 1477 496 ad
1497 444 1671 514 praesentem
1695 444 1724 500 et
1746 442 1829 502 aetc'r-

112 527 463 607 maderante,taansegit;
480 528 605 585 almodo
616 524 829 600 tranquillitate
839 524 946 599 grauis,
1002 543 1071 583 nam
1087 526 1180 583 tendit
1193 527 1329 595 salutem,
1346 529 1456 586 socium
1485 535 1513 589 et
1536 530 1673 588 comitem
1689 533 1748 589 iore
1771 538 1832 593 tota

108 623 225 681 mado
233 624 333 678 autem
341 615 604 692 procellaeaiiqujus
612 619 786 690 tempestate
794 632 947 682 concussa,
1002 615 1153 673 devotione
1169 619 1394 690 spopondimus,
1411 619 1555 677 abdicatis
1570 620 1720 692 omnibus,
1735 639 1832 696 quam

107 714 164 773 aed
175 729 237 769 non
247 724 459 783 usquequaque
467 707 615 776 demersa,
633 704 948 779 quinpctius‚exeitato
1002 709 1067 764 tum
1082 706 1194 779 patitur
1208 705 1340 765 humana
1350 708 1504 783 fragilitas,
1522 727 1585 783 quaa
1601 727 1727 784 persona
1738 712 1831 770 nostri

106 802 250 863 fidelium
265 798 404 872 precibus
419 796 535 853 Christo
551 813 605 852 suc
620 796 826 869 gubernatore,
837 793 949 849 salubri
966 780 971 799 ⁶
1004 795 1156 869 regiminis
1172 796 1338 869 ignorantia
1351 816 1401 855 seu
1414 801 1568 870 juventute
1583 805 1634 856 aui
1649 801 1833 876 necessitate,

106 891 263 965 libertatis
278 888 535 959 securitatemque
547 889 646 960 optata
660 885 768 942 donata
784 883 947 940 serenitate.
1003 888 1105 941 contra
1120 884 1340 944 conuenientem
1356 888 1412 944 sibi
1428 887 1631 946 salubritatem
1647 894 1676 948 et
1694 891 1833 952 honestu-

112 984 198 1047 llndc
214 981 305 1041 etiam
317 979 347 1035 in
359 976 493 1051 partibus
515 974 607 1032 nostri
632 974 722 1042 orbis,
739 991 803 1046 qua
818 975 950 1045 tempore
1003 979 1172 1047 iamneque
1187 975 1274 1032 inodo
1290 981 1388 1050 egerat
1404 983 1454 1034 aut
1469 977 1590 1037 alterius
1604 983 1670 1037 astu
1684 985 1834 1041 contraxe-

114 1065 418 1130 divaereecrdationis
442 1064 487 1121 avi
512 1065 782 1129 nostri,etsanetae
802 1061 949 1119 memoriae
1004 1067 1058 1119 rat.
1079 1063 1142 1128 Qua
1166 1065 1202 1121 de
1227 1083 1256 1121 ra
1280 1066 1476 1123 communiter
1502 1067 1587 1126 initio
1615 1069 1747 1141 consilio,
1777 1071 1834 1129 hcc

116 1161 220 1221 domni
237 1177 272 1217 ae
285 1156 427 1231 genitoris
441 1154 545 1225 nostri,
562 1152 733 1227 aliquandiu
760 1153 855 1208 lucrat
869 1149 950 1224 pacis
1005 1153 1147 1226 seriptum
1164 1154 1227 1210 fieri
1243 1156 1462 1229 proposuimus,
1479 1158 1556 1230 quod
1575 1158 1664 1215 etiam
1687 1154 1833 1225 manuum

117 1251 264 1313 maritate
288 1247 394 1315 letata,
419 1244 539 1301 inimico
562 1241 690 1311 homine,
701 1242 787 1314 juata
815 1242 950 1296 sanctum
1005 1243 1138 1300 omnium
1154 1247 1323 1301 nestrorum
1336 1246 1551 1320 subscriptione
1569 1247 1767 1307 roborandum
1783 1249 1832 1308 dc·

118 1339 316 1416 evangelium,
349 1335 380 1392 in
415 1351 485 1409 agro
521 1332 667 1389 dominica
696 1330 949 1404 superseminante
1004 1333 1833 1411 crevimuslnqucquaanobisnunepraeeipueadcom·

118 1430 273 1490 discordie
306 1424 418 1485 zizania
443 1424 473 1478 in
501 1422 597 1479 medio
627 1421 726 1489 tritici,
759 1421 816 1476 Dec
846 1423 950 1476 amate
1005 1439 1123 1478 munem
1141 1421 1310 1490 salutemet
1321 1424 1403 1497 regni
1414 1423 1589 1482 soliditatem
1601 1414 1832 1500 atqueomnium

119 1519 262 1586 artatis,
283 1517 357 1577 adeo
378 1518 423 1573 est
445 1511 569 1569 diversis
593 1516 680 1584 atque
705 1509 837 1566 aduersis
851 1512 953 1565 vexata
1006 1517 1174 1569 nostrorum
1191 1511 1362 1582 utilitatem,
1381 1513 1441 1570 ima
1467 1514 1672 1588 plenissimam
1696 1514 1834 1575 honesta-

121 1608 382 1675 molestiis,utnon
393 1603 458 1661 sina
472 1601 602 1667 maxima
617 1599 801 1667 difficultate,
818 1600 950 1671 respectu
1007 1606 1066 1659 tem
1090 1601 1153 1658 visa
1178 1606 1248 1658 sunt
1273 1602 1431 1675 pertinere,
1447 1603 1677 1678 conscripsimus
1694 1624 1700 1662 :
1717 1623 1776 1663 non
1791 1605 1835 1663 lc-

121 1701 261 1769 diainopet
273 1693 406 1753 fidebam
421 1690 472 1750 Dei
489 1709 523 1748 ac
538 1691 728 1748 nostrorum*
743 1689 860 1755 solatio,
876 1688 952 1743 inter
1006 1695 1130 1765 quantas
1153 1690 1335 1749 diversarum
1357 1692 1562 1751 immutatione
1584 1711 1789 1767 personarum,
1804 1700 1837 1752 ut

123 1808 174 1849 nes
187 1791 356 1860 iratresque
369 1787 486 1842 nostros
501 1779 676 1855 pacificatio,
692 1783 722 1837 et
738 1777 850 1852 paterni
870 1775 952 1850 regni
968 1816 992 1881 B
1007 1780 1093 1837 moda
1109 1779 1216 1855 regalis
1231 1781 1410 1848 sublimitas,
1420 1784 1507 1840 modo
1522 1785 1696 1858 episcopalis
1712 1784 1836 1842 auctori-

121 1899 154 1939 ex
166 1892 315 1937 eonwnsu
331 1872 448 1942 divisio,
467 1888 520 1929 seu
541 1870 675 1943 ejusdem
700 1872 809 1924 saneta
824 1866 953 1924 ecclesiae
1008 1874 1067 1939 tas,
1083 1870 1170 1926 moda
1191 1874 1289 1927 autem
1306 1869 1438 1928 fidelium
1464 1872 1602 1946 loquatur
1625 1874 1836 1944 commoditas;

124 1967 267 2029 solidalis
291 1962 392 2041 populi
417 1965 567 2019 tantorum
583 1958 717 2017 laborum
735 1956 953 2033 quantulacun-
1008 1959 1059 2016 sed
1076 1959 1239 2017 seeundum
1255 1958 1431 2032 apostolum,
1445 1961 1500 2018 sub
1515 1979 1573 2018 uno
1597 1952 1691 2037 capite
1711 1964 1837 2032 Christo,

127 2044 180 2140 que
205 2058 290 2115 iterat
314 2049 478 2128 respiratio.
493 2052 636 2108 Processu
659 2065 726 2105 vero
749 2047 902 2121 temporis,
923 2051 956 2103 ut
1009 2051 1043 2106 ut
1059 2064 1249 2106 rereraunus
1264 2048 1363 2116 bomo,
1382 2048 1412 2104 in
1439 2051 1529 2107 unius
1552 2052 1681 2109 ecclesia
1706 2070 1837 2127 corpore,

128 2148 222 2207 solent
235 2143 475 2219 posteondansos
485 2139 562 2198 acris
573 2138 705 2196 turbines
718 2137 841 2194 nubium
852 2137 883 2192 in
893 2152 956 2210 pce
1010 2137 1119 2211 singuli
1139 2141 1237 2195 autem
1253 2137 1326 2196 alter
1341 2137 1462 2196 alterius
1486 2141 1627 2210 membra,
1645 2143 1722 2215 quod
1746 2142 1840 2217 prosit

129 2235 309 2303 transeundo
333 2246 484 2289 remanare
508 2228 641 2303 vestigia,
671 2227 851 2294 restiterunt,
882 2226 957 2281 iate·
1011 2226 1840 2307 omnibusamnesunanimitcrunauoceloquemur,per

131 2346 206 2395 mur,
222 2326 254 2384 in
269 2323 356 2381 nebia
378 2326 407 2378 at
425 2320 455 2377 in
474 2319 545 2375 viris
570 2316 785 2387 ecclesiasticis,
802 2332 916 2373 necnon
930 2318 958 2371 et
1012 2334 1080 2374 eum
1095 2317 1168 2373 etin
1185 2333 1217 2374 cc
1232 2317 1281 2389 qui
1298 2317 1381 2386 dixit,
1397 2320 1426 2374 et
1441 2319 1476 2374 de
1492 2336 1550 2392 quo
1565 2319 1676 2376 dictum
1696 2325 1743 2376 est
1757 2337 1764 2376 ι
1780 2322 1840 2377 lica

132 2420 160 2476 in
188 2416 232 2474 rai
255 2411 379 2488 publicae
405 2413 510 2467 nostrae
535 2407 765 2476 solatiatoribus,
787 2404 958 2478 hujusmodi
1012 2425 1058 2465 aar
1073 2411 1135 2465 estis
1147 2409 1195 2481 qai
1211 2406 1369 2481 loquimini,
1386 2408 1433 2466 aad
1446 2408 1566 2482 Spiritus
1589 2412 1683 2467 Patris
1696 2412 1779 2467 vestri·
1792 2410 1841 2483 pai

133 2507 260 2566 materia
284 2507 313 2560 et
336 2500 454 2558 fomites
487 2498 718 2565 dissensionum,
743 2501 776 2552 ut
805 2495 959 2552 manticate
1013 2499 1280 2572 loquituriaoetia.

133 2597 297 2672 patesceret
311 2608 365 2648 nas
381 2589 478 2646 divina
501 2588 596 2661 gratia
619 2585 762 2660 indigere,
778 2588 811 2642 ut
826 2600 961 2642 omucsa
1048 2587 1075 2644 l.
1091 2588 1132 2645 De
1146 2587 1257 2644 honore
1270 2586 1405 2644 videlicet
1430 2593 1458 2644 et
1481 2588 1563 2644 cuitu
1587 2587 1650 2657 Dei,
1665 2593 1753 2662 atque
1773 2606 1842 2646 san-

132 2684 267 2759 eantagic
291 2679 386 2737 morbi
410 2676 526 2751 pristini
553 2676 670 2750 penitus
694 2691 877 2742 exueremur,
902 2690 961 2747 qua
1014 2681 1129 2735 ciarum
1145 2677 1345 2744 ecclesiarum,
1363 2695 1426 2750 qraae
1443 2682 1561 2734 auctore
1576 2681 1646 2748 Deo,
1662 2678 1717 2734 sub
1733 2678 1843 2736 ditione
1908 2702 1914 2709 ·

132 2773 270 2850 preventi
286 2786 414 2838 eramus,
430 2771 463 2823 ut
477 2766 678 2822 infirmitatem
704 2781 891 2822 communem
915 2764 960 2818 vi·
1015 2773 1044 2825 et
1057 2767 1181 2823 tuitione
1191 2765 1342 2839 regiminis
1358 2765 1451 2823 nostri
1466 2767 1844 2837 consistunt,ccmmuniter

134 2865 198 2921 dem
228 2874 395 2936 possemus.
420 2858 603 2929 Quapropter
629 2853 778 2910 venientes
807 2853 837 2910 in
867 2868 960 2909 unum
1015 2857 1138 2913 Domino
1162 2855 1310 2912 mediante
1334 2855 1531 2923 decernimus,
1558 2861 1590 2912 ut
1615 2854 1693 2914 sicut
1712 2861 1844 2930 tempora

134 2952 233 3010 ildeiea
257 2947 362 3016 nostri,
378 2950 439 3002 tam
463 2945 493 3000 in
518 2941 676 3001 venerabili
700 2942 802 2999 ordine
824 2940 961 3013 clericali,
1016 2946 1106 3002 beatae
1122 2944 1332 3002 reeordationis
1347 2944 1458 3001 damini
1471 2962 1505 3002 aa
1520 2947 1662 3018 genitoris
1684 2947 1778 3004 nostri
1793 2964 1844 3004 ax·

136 3058 222 3117 quam
244 3044 276 3097 et
289 3035 431 3094 inlustres
445 3033 499 3090 viri
512 3033 542 3088 in
559 3032 649 3090 nobili
667 3032 760 3088 laicali
773 3031 876 3087 habitu
893 3048 961 3086 acn-
1016 3035 1100 3091 eultaa
1127 3039 1156 3092 et
1179 3035 1326 3092 honoratae
1343 3038 1430 3109 atque
1445 3036 1532 3092 rebus
1551 3037 1697 3111 ampliata
1712 3037 1843 3106 luerunt,

136 3131 239 3198 stituti,
255 3133 288 3185 et
309 3126 371 3183 zelo
393 3123 444 3181 Dei
469 3123 598 3190 accensi,
611 3138 757 3178 memores
780 3120 868 3177 etiam
895 3118 962 3176 fidei
1017 3125 1098 3182 salva
1119 3122 1265 3197 aequitatis
1289 3125 1402 3182 ratione
1416 3127 1427 3160 ὅ
1441 3123 1482 3182 ita
1506 3129 1708 3199 permaneant,
1730 3131 1759 3183 et
1779 3144 1843 3201 qua

139 3238 221 3294 quam
237 3217 295 3292 ipsi
310 3221 339 3272 ei
351 3217 548 3271 antecessores
558 3228 660 3268 eorum
672 3210 779 3268 nostris
793 3209 962 3267 detulerunt
976 3192 998 3259 C
1017 3232 1033 3271 a
1048 3218 1148 3270 nostra
1162 3213 1336 3271 iiberalitate
1351 3214 1532 3272 honorantur
1546 3219 1635 3289 atque
1650 3216 1790 3284 ditantur,
1807 3217 1843 3272 de

137 3305 409 3383 predecessoribus,
435 3305 636 3376 ponentesque
664 3305 732 3357 ante
761 3300 862 3357 oeulos
890 3298 961 3354 dile·
1004 3300 1118 3360 'caetero
1133 3303 1189 3359 suh
1204 3304 1371 3377 integritate
1384 3303 1430 3359 sui
1456 3308 1618 3375 serventur,
1633 3309 1662 3360 et
1676 3305 1843 3361 sacerdotes

136 3402 261 3457 ationem
277 3399 307 3452 et
321 3392 493 3450 fidelitatem
509 3406 598 3464 quam
614 3389 699 3446 nobis
719 3396 785 3463 post
799 3389 962 3445 deiunatio-
1016 3410 1050 3450 aa
1065 3392 1139 3450 servi
1155 3393 1204 3448 Dei
1222 3393 1349 3465 uigorem
1367 3392 1609 3464 ecelesiasticnm,
1625 3397 1653 3449 et
1668 3392 1766 3449 dedita
1782 3393 1841 3466 pri-

136 3504 198 3548 ucm
213 3485 311 3561 patris
327 3480 515 3541 laudabiliter
528 3485 556 3538 et
566 3480 818 3536 continentissime
833 3494 962 3536 seruave-
1016 3482 1131 3554 vilegia,
1142 3482 1228 3552 juxta
1243 3482 1431 3537 reverendam
1454 3482 1657 3538 auctoritatem
1672 3481 1841 3548 obtineant;

132 3583 212 3645 mni,
225 3574 393 3633 secundum
409 3571 488 3645 quod
508 3569 615 3641 legitur
641 3568 670 3625 in
695 3568 800 3625 litteris
822 3567 963 3624 divinitus
1017 3572 1128 3628 eisdem
1143 3588 1209 3626 rara
1224 3569 1332 3642 regalis
1347 3574 1518 3642 potestas,et
1527 3569 1699 3626 inlustrium
1713 3570 1842 3627 virorum

130 3665 298 3742 inspiratis,
315 3663 448 3719 hortatus
471 3663 516 3717 est
539 3659 613 3715 alter
627 3658 763 3726 aiterum,
788 3659 847 3715 imo
862 3675 964 3715 amnes
1018 3661 1249 3727 strenuitas,seu
1264 3657 1429 3731 reipublicae
1445 3658 1843 3730 administratores‚utsuum

121 3768 163 3816 'se
176 3757 308 3814 invieem
322 3753 502 3811 monuerunt
511 3749 568 3815 ³,ut
577 3748 677 3805 cuncti
692 3748 862 3804 universum
874 3747 965 3804 animi
1019 3749 1216 3806 ministerium
1232 3752 1431 3821 competenter
1446 3747 1549 3820 exequi
1562 3748 1688 3815 valeant,
1704 3749 1734 3805 in
1752 3747 1845 3805 omni-

128 3860 289 3905 raneoram
317 3857 370 3914 pra
400 3854 578 3913 quocunque
607 3841 780 3909 conceptum
809 3836 966 3910 negatioa
1019 3841 1075 3895 bus
1090 3836 1304 3895 rationabiliter
1315 3838 1436 3909 etjuste
1446 3842 1631 3894 concurrant.

124 3936 222 3994 eorde
245 3929 452 4006 propellerent,
468 3927 542 3983 etin
558 3925 608 3983 Dei
625 3925 776 3982 voluntate
802 3941 835 3981 ac
858 3929 965 3981 sancte
1054 3933 1081 3986 2.
1098 3928 1197 3984 Honor
1209 3927 1297 3984 etiam
1313 3926 1421 4000 regius,
1438 3931 1466 3984 et
1484 3930 1613 4001 potestas
1638 3927 1729 4001 regali
1751 3927 1846 4003 digni·

127 4021 267 4081 ecelesias
281 4016 458 4091 competenti
478 4014 674 4082 veneratione,
691 4030 741 4070 seu
757 4016 859 4070 nostra
873 4013 966 4069 fideli·
1021 4019 1074 4075 tati
1091 4020 1270 4089 competens,
1287 4020 1375 4083 atque
1389 4016 1542 4073 sinceritas
1566 4022 1594 4074 et
1617 4017 1849 4091 obtemperantia

129 4116 194 4170 tate
210 4108 367 4174 servanda,
382 4110 473 4179 atque
487 4104 585 4161 debito
601 4104 710 4161 honore
729 4107 757 4160 et
778 4103 857 4177 regia
871 4108 967 4176 potes·
1022 4106 1129 4165 seniori
1145 4107 1255 4173 debita,
1267 4110 1380 4163 remota
1393 4106 1473 4162 omni
1488 4107 1621 4164 socordia
1636 4111 1665 4163 ct
1678 4105 1848 4176 calliditate,

130 4206 196 4260 tate
217 4196 396 4257 stabilienda
410 4200 440 4252 ct
453 4194 740 4266 conmmendaquin
755 4192 844 4250 eiiam
860 4195 968 4250 sesain
1022 4216 1073 4256 seu
1089 4197 1220 4272 qualibet
1233 4196 1363 4253 indebita
1382 4214 1626 4271 quorumcunque
1643 4198 1850 4271 conjunctione

133 4291 219 4367 pacis
231 4285 390 4346 concordia
413 4288 443 4341 et
465 4301 534 4342 vera
549 4283 678 4340 amicitia
692 4282 969 4359 copularem-,qua-
1022 4291 1125 4345 contre
1138 4287 1278 4343 honorem
1294 4290 1323 4343 et
1338 4289 1509 4359 potestatem
1536 4290 1624 4360 atque
1649 4285 1776 4342 salutem
1795 4302 1847 4341 no-

128 4385 226 4440 lenus
240 4376 344 4434 divine
360 4373 520 4434 clementiae
535 4372 684 4446 placerent
694 4371 872 4440 obnixius,et
882 4373 918 4428 dc
928 4390 971 4429 re·
1023 4377 1189 4446 strnm‚sive
1205 4376 1285 4450 regni
1302 4375 1394 4431 nostri
1417 4374 1604 4441 soliditatem,
1620 4375 1705 4431 nobis
1729 4374 1760 4428 in
1783 4390 1849 4429 om.

131 4472 184 4545 gis
199 4485 235 4525 aa
248 4466 332 4540 regni
348 4463 506 4522 stabilitate
521 4467 551 4519 et
564 4462 691 4519 utilitate
704 4464 826 4534 possent
845 4465 969 4519 tractare
1024 4468 1112 4525 nibus
1127 4472 1156 4522 et
1170 4467 1206 4523 ab
1222 4465 1360 4521 omnibus
1370 4463 1470 4533 ⁷;sieut
1484 4469 1615 4537 tempore
1630 4467 1848 4519 antecessorum

135 4557 343 4623 aubiimius‚et
353 4569 441 4610 suum
456 4558 544 4626 tique
559 4553 649 4608 lolius
664 4550 764 4624 populi
780 4567 967 4607 communem
982 4567 1006 4633 Ι]
1024 4562 1190 4613 nostrorum
1202 4553 1623 4622 censuei·erat,exhibeatualli
1634 4554 1658 4610 si
1671 4553 1738 4626 quis
1749 4569 1849 4626 quem·

139 4648 305 4723 proiectum
314 4648 343 4701 et
351 4642 592 4716 tranquillitatem
604 4641 772 4698 obtinerent
780 4642 964 4714 propensius.
1023 4662 1150 4717 eumque
1166 4649 1266 4700 ecrrtra
1279 4660 1332 4698 nos
1340 4644 1368 4698 et
1377 4645 1478 4697 contra
1488 4641 1562 4697 bane
1574 4646 1689 4714 pactam
1700 4641 1850 4699 sincerita-

138 4734 312 4810 Sicqueileo
322 4731 442 4790 amabili
457 4734 545 4804 atque
560 4729 700 4786 laudabili
713 4731 969 4786 conuentuunaui·
1022 4741 1082 4793 tem
1096 4733 1206 4806 aliquid
1228 4730 1324 4786 moliri
1348 4730 1502 4786 maniicstc
1525 4732 1692 4805 cognoverit
1704 4733 1726 4802 ⁸,
1743 4732 1768 4789 si
1783 4749 1850 4789 eum

141 4827 272 4884 miterac
283 4820 496 4879 rationabiliter
506 4823 789 4893 perpetratc,ncstrae
801 4823 969 4876 mansuetu·
1023 4823 1150 4881 converti
1167 4820 1339 4893 nequiverit,
1351 4824 1449 4892 aperte
1463 4821 1566 4893 prodat
1581 4826 1668 4895 atque
1683 4822 1853 4879 denotatilt

141 4915 202 4973 diui
220 4931 307 4970 suam
324 4910 507 4969 devotionem
521 4914 552 4966 ct
566 4909 711 4966 aetianam
722 4908 893 4965 fidelissime
904 4924 972 4982 sug·
1025 4914 1068 4970 sia
1083 4909 1204 4967 consilio
1219 4912 1307 4980 atque
1328 4908 1435 4964 auxilio
1455 4909 1629 4982 episcopalis
1651 4911 1808 4968 auctoritas
1824 4912 1853 4967 et

140 5002 477 5079 gesseruntilosautem
487 5003 570 5056 tanta
580 4998 711 5055 fidelium
723 4999 972 5071 ergadcminat-ic-
1028 5002 1158 5058 fidelium
1175 4997 1366 5066 unanimitas,
1378 5003 1411 5053 ut
1425 5002 1525 5055 noster
1539 5001 1549 5034 ⁹
1564 4999 1658 5056 bonor
1680 5005 1709 5057 et
1723 5004 1852 5073 potestas

139 5112 210 5152 nem
225 5097 358 5149 nostram
386 5088 535 5147 subtiliter
558 5092 711 5162 perspecta
731 5087 924 5160 benignitate,
941 5096 975 5146 ut
1029 5090 1108 5164 regia
1122 5088 1295 5145 inconvulsa
1309 5089 1561 5159 permaneat,totis
1576 5088 1690 5144 nisibus
1706 5089 1853 5145 decertare

140 5200 233 5241 causa
247 5199 300 5255 pro
315 5180 362 5237 sui
380 5178 484 5237 meritc
499 5178 686 5252 exigebat,eis
697 5177 859 5252 condignas
870 5181 977 5253 gratia,
1029 5185 1058 5237 et
1070 5181 1209 5250 adjurare
1223 5181 1369 5251 procuret.

139 5290 210 5332 rum
225 5271 356 5331 actiones
371 5268 572 5337 retulimus,et
582 5285 635 5325 nos
649 5271 840 5340 nostramque
851 5273 977 5342 potesta
1064 5272 1091 5325 3.
1114 5269 1187 5333 Quia
1210 5284 1276 5325 vero
1299 5267 1430 5323 debitum
1453 5283 1518 5322 csse
1542 5265 1759 5336 cognoscimus,
1780 5272 1813 5322 ut
1837 5286 1854 5324 a

134 5367 203 5425 tem
216 5376 320 5419 eorum
332 5361 416 5419 bonae
423 5357 630 5417 convenientiae
641 5373 693 5430 per
703 5356 935 5415 benevolentiam
947 5359 976 5416 in
1031 5360 1140 5433 quibus
1155 5358 1294 5415 honorem
1310 5355 1499 5427 suscipimus,
1516 5371 1566 5411 eos
1576 5355 1663 5426 juxta
1677 5355 1789 5411 dictum
1804 5356 1855 5416 dn.

831 5509 951 5567 VARIAE
970 5512 1177 5570 anemonas.

173 5639 236 5698 δ1).
254 5641 419 5697 amatorum
435 5639 463 5694 l.
501 5634 595 5693 ideest
609 5638 636 5691 2.
674 5636 724 5690 6s.
742 5652 768 5691 a.
786 5653 809 5690 r.
827 5636 923 5693 alescat
939 5639 965 5694 3.
1005 5640 1059 5695 7et
1074 5640 1110 5696 ab
1126 5655 1152 5694 o.
1168 5637 1272 5693 iasone.
1288 5635 1314 5690 3.
1354 5630 1528 5705 ⁸agnoverit
1542 5635 1569 5689 2.
1608 5632 1704 5691 turea
1718 5633 1745 5690 3.
1823 5704 1826 5709 Ι
