3878 6098
89 313 184 378 assa
357 284 361 289 ’
495 309 665 375 aarum.
688 311 741 374 an
763 307 857 373 sno.
878 305 972 372 ιι.-
993 303 1244 409 morannum
1265 309 1421 375 nirano.
1733 308 1810 373 {aas

141 448 192 515 nii,
208 444 366 505 Clementis
380 451 408 504 et
422 445 554 521 Hyronei.
571 444 693 501 civitate
712 445 809 500 Mettis
834 442 929 499 natale
944 442 971 509 Α
1021 442 1121 499 cardus
1136 443 1321 501 ebbas'seacti
1335 446 1462 503 Germani
1475 446 1509 502 ab
1532 445 1585 500 bec
1609 444 1669 500 vita
1693 444 1811 501 sublatas

140 542 168 594 S.
185 536 297 594 Arnultl
313 538 440 610 episcopi
456 540 484 592 et
499 534 686 591 confessoris.
1026 537 1077 589 ert.

105 627 171 684 XIV
186 625 303 682 Kalend.
330 628 403 699 Aug.
420 625 501 697 Apud
526 623 673 680 civilatem
694 622 823 680 Colossis
838 623 933 678 natale
989 621 1027 678 lV
1042 621 1165 678 Kalend.
1180 624 1253 694 Aug.
1269 623 1365 679 Roma
1380 623 1426 679 via
1440 623 1557 680 Aurelia
1580 621 1739 679 translatio
1753 639 1809 679 cor-

142 715 221 773 beati
237 715 346 788 Epalra
361 713 489 786 episcopi
505 717 533 769 et
554 713 704 785 martyris,
721 714 804 786 Apud
830 713 934 784 Hispa·
1025 711 1106 784 poris
1131 711 1206 767 beati
1231 711 1333 767 Felicis
1356 711 1483 786 episcopi
1509 718 1538 768 et
1558 712 1713 785 martyris,
1727 712 1775 784 qui
1787 730 1812 769 ιιι

143 804 221 861 niam
239 803 349 876 Hispali
362 803 476 860 civitate
491 802 588 858 natale
603 807 650 859 SS.
665 803 754 859 Justn
777 806 806 858 et
823 802 934 858 Rufina
1026 801 1097 857 ldus
1112 800 1281 856 Novembris
1296 803 1432 875 martyrio
1456 806 1617 858 coronatus
1642 805 1699 857 est.
1714 802 1812 858 Eodem

144 892 284 966 martyrio
301 892 629 949 coronatarumllodcm
641 892 688 947 die
705 891 801 947 natale
812 890 935 963 Spatris
1027 889 1074 946 die
1099 895 1267 946 sanctorum
1287 895 1446 963 martyrum
1462 889 1623 963 Simplicii,
1639 890 1769 946 Faustini
1790 896 1814 946 et

144 982 236 1038 nostri
253 983 364 1038 Arsenii
381 981 515 1038 monachi
527 987 556 1037 et
566 980 806 1053 confessoris,qui
819 984 936 1053 propter
1026 983 1055 1034 S.
1072 978 1211 1034 Beatricis
1226 979 1361 1053 martyris
1376 980 1482 1035 sororis
1497 979 1728 1036 eorum.Trecas
1739 980 1813 1052 depo

144 1070 354 1127 abundantiam
370 1071 566 1144 laerymarum
577 1070 729 1126 sudarium
746 1070 775 1124 in
788 1070 936 1125 sinusem-
1027 1066 1095 1121 sitio
1111 1067 1141 1121 S.
1158 1067 1229 1139 Lupi
1245 1066 1370 1139 episcopi
1385 1071 1413 1123 et
1428 1067 1620 1124 confessoris.
1637 1069 1710 1123 Item
1727 1069 1814 1123 Roma

78 1186 83 1201 .
144 1159 331 1233 perferebat.
349 1160 491 1233 Lugduno
507 1158 605 1215 Galliae
621 1159 713 1215 sancti
739 1157 850 1214 Rustici
872 1173 935 1230 pre·
1027 1154 1125 1211 natale
1149 1156 1180 1211 B.
1205 1155 1349 1228 Seraphiae
1372 1156 1492 1228 virginis
1516 1161 1547 1211 et
1569 1159 1722 1228 martyria,
1737 1159 1815 1228 cujus

145 1248 253 1322 sbyteri
267 1253 296 1305 et
305 1250 490 1305 confessoris.
1028 1243 1171 1301 celebrior
1184 1244 1246 1299 dies
1261 1245 1357 1318 agitur
1370 1262 1401 1300 ιιι
1416 1245 1513 1301 Nonas
1527 1245 1724 1318 Septembris.

109 1338 174 1394 Xlll
190 1338 251 1394 Kal.
267 1340 341 1411 Aug.
355 1338 456 1394 Natale
477 1343 504 1393 S.
521 1337 641 1410 loseph,
659 1338 709 1410 qui
734 1337 937 1409 cogominatus
1064 1333 1239 1404 Roganatdus
1254 1334 1336 1406 liujus
1349 1335 1501 1391 ecclesie...
1519 1333 1616 1390 eodem
1640 1335 1686 1390 die
1708 1335 1814 1392 Senoar's

93 1424 96 1429 ⁴
145 1431 191 1483 est
204 1429 318 1484 iustus.
335 1428 455 1483 Ciuitate
470 1428 604 1484 Corduba
619 1426 715 1482 natatio
730 1430 758 1480 S.
775 1425 855 1482 Pauli
873 1427 937 1481 dia·
1026 1423 1175 1496 pergrande
1190 1424 1345 1495 interiectas
1359 1426 1407 1478 est.
1424 1423 1524 1479 Eodem
1538 1423 1585 1478 die
1609 1424 1754 1498 Philippus
1772 1442 1814 1482 rer

146 1517 211 1572 coni
227 1520 255 1571 et
270 1516 417 1589 martyris.
434 1517 465 1571 ln
481 1516 674 1571 Thebaides.
700 1516 832 1572 Victoris.
853 1517 937 1587 Apud
1029 1517 1198 1569 Francorum
1208 1513 1284 1568 obiit.

147 1609 322 1661 Damascum
338 1609 386 1659 SS.
401 1609 564 1677 martyrum
578 1604 688 1673 Sabini,
705 1605 937 1672 Maximini,cum
993 1601 1167 1658 lllKaland.
1192 1603 1265 1675 Aug.
1294 1603 1388 1658 [loma
1413 1605 1460 1658 SS.
1477 1605 1648 1675 martyrum
1673 1603 1770 1659 Abdon
1791 1612 1812 1660 et

77 1684 86 1693 ’
146 1692 212 1749 aliis
226 1711 283 1748 xiv.
300 1692 502 1749 Autissiodoro
518 1698 546 1748 S.
564 1694 670 1749 Marini
688 1695 859 1766 presbytcri.
1029 1695 1176 1747 Senucnv
1198 1691 1338 1747 Kalendas
1362 1691 1484 1764 Augusti
1510 1692 1776 1764 martyrizatorum,
1789 1700 1810 1750 et

111 1783 165 1837 ΧΠ
182 1781 382 1855 Kalend.Aug.
397 1783 500 1839 Obitus
515 1782 665 1838 Danihelis
680 1783 978 1879 propheta.ltomaeB
1030 1798 1061 1835 ιιι
1076 1780 1222 1837 Kalendas
1236 1781 1368 1849 eiusdem
1393 1780 1505 1835 mansis
1529 1780 1726 1854 sepultorum.
1740 1783 1809 1855 Apud

148 1870 243 1927 natale
258 1875 286 1925 S.
309 1871 440 1926 Praxidis
461 1871 593 1945 virginis.
612 1871 642 1926 ln
670 1871 784 1927 civitate
811 1871 940 1927 Marsilia
1028 1869 1157 1926 Africam
1173 1868 1317 1925 civitatem
1334 1868 1541 1924 Luceruariam
1560 1869 1661 1925 natale
1676 1875 1721 1925 SS.
1736 1873 1808 1945 virgi·

147 1959 243 2016 natale
253 1959 416 2016 S.Victoris
433 1961 666 2033 martyrispassi
682 1965 751 2018 sunt
766 1969 862 2018 autem
872 1979 939 2018 eum
1030 1977 1101 2015 num
1117 1964 1145 2014 et
1160 1952 1325 2031 martyrum
1333 1957 1808 2024 Maximae,DonatillaeetSecunde.

146 2064 180 2105 eo
194 2052 254 2105 tres
270 2045 732 2118 mssites‚Alexander,Feliciones
743 2054 772 2106 et
781 2051 938 2123 Longinus.
1030 2046 1230 2103 Autissiodero
1245 2044 1388 2118 depositio
1402 2051 1430 2101 S.
1443 2044 1511 2102 Ursi
1525 2047 1660 2121 episcopi
1676 2054 1703 2104 et
1715 2049 1808 2105 aonias

147 2138 253 2195 Trecas
268 2137 368 2210 passio
383 2142 411 2192 S.
427 2137 510 2194 Julire
523 2138 654 2213 virginis.
1030 2136 1115 2192 soris.
1285 2133 1288 2138 ’

182 2229 240 2300 ipso
255 2228 301 2284 die
315 2228 385 2283 odiit
400 2229 531 2284 liebertus
546 2245 597 2284 rec
612 2230 747 2287 Francia.
994 2225 1089 2281 Pridie
1104 2225 1226 2281 Kalend.
1241 2226 1314 2297 Aug.
1331 2226 1413 2296 Apud
1431 2225 1605 2281 Ravennam
1622 2225 1711 2282 ltalia
1725 2228 1807 2283 cirita-

112 2316 151 2371 xl
168 2315 286 2372 Kalend.
312 2317 386 2388 Aug.
403 2315 504 2372 Natale
525 2320 553 2372 S.
574 2317 671 2372 Maria
696 2317 883 2391 Magdalena,
905 2319 940 2373 de
1030 2321 1088 2370 tem
1116 2314 1259 2370 transitus
1282 2318 1310 2369 S.
1326 2313 1462 2371 Germani
1487 2313 1622 2388 episcopi
1644 2317 1818 2372 Autissiodo-

148 2410 254 2476 qua,ut
266 2403 458 2476 Kvangelium
475 2406 687 2478 relert,septem
703 2406 847 2462 daemonia
858 2406 941 2477 ejecit
1030 2403 1134 2459 rensis.
1151 2403 1235 2475 Apud
1249 2403 1410 2459 Cesaream
1425 2402 1520 2458 saneti
1536 2403 1619 2459 Fabii
1637 2406 1774 2479 martyris.

147 2493 425 2566 Dominus.snoyra
439 2493 556 2551 Galatia
574 2495 669 2550 natale
682 2498 710 2549 S.
720 2495 847 2553 Platonis
862 2514 940 2552 mar·
1064 2493 1163 2549 Eodem
1179 2493 1224 2548 die
1239 2491 1390 2548 scamina
1405 2509 1453 2547 rea
1467 2495 1600 2551 Francia
1612 2495 1692 2550 obiit.

147 2582 229 2655 tyris.
246 2580 385 2638 Coenofflo
407 2582 575 2639 Fontenella
597 2582 740 2655 depositio
755 2588 783 2640 S.
800 2586 940 2642 Wandre-
1311 2579 1508 2636 AUGUSTUS.

147 2671 230 2744 gesili
247 2670 425 2727 confessoris
437 2676 466 2727 et
477 2671 601 2728 abbatis.
994 2669 1140 2726 Kalendas
1154 2669 1288 2742 Augusti.
1305 2670 1403 2725 ltome
1417 2672 1444 2724 S.
1465 2669 1585 2726 Petrum
1600 2671 1637 2727 ad
1653 2670 1769 2728 vincula.
1783 2673 1810 2728 la

113 2763 139 2815 X
153 2759 274 2817 Kalend.
290 2760 363 2833 Aug.
379 2761 462 2832 Apud
488 2762 654 2816 Ravennam
680 2762 774 2818 natale
788 2766 816 2818 S.
832 2762 940 2836 Apolli·
1029 2759 1183 2815 Antiochia
1208 2757 1306 2830 passio
1328 2761 1375 2814 SS.
1392 2759 1631 2815 Machabaeorum
1646 2759 1753 2834 septeni
1768 2763 1811 2818 ira·

149 2850 229 2906 naris
243 2849 374 2923 episcopi
389 2853 418 2905 et
432 2849 578 2923 martyris.
602 2850 653 2906 Hic
669 2851 765 2906 Roma
789 2852 941 2908 ordinatus
1029 2854 1107 2904 tram
1124 2864 1191 2902 oum
1207 2851 1301 2903 matre
1314 2848 1432 2919 sua,qui
1445 2847 1527 2920 passi
1536 2855 1609 2905 sunt
1624 2851 1811 2907 suhAntioeha

150 2955 168 2992 a
189 2940 273 2994 beato
301 2939 385 2993 Patro
409 2939 539 3010 apostolo
560 2940 724 2995 Ravennam
741 2941 869 2998 directus
885 2945 939 3010 est,
1030 2954 1106 3010 rago.
1123 2937 1155 2999 ln
1172 2934 1255 2992 ltalia
1268 2936 1409 2992 Vercellis
1423 2936 1539 2994 civitate
1555 2938 1656 2994 natale
1668 2944 1696 2995 s,
1710 2941 1813 2996 Susehii

150 3024 249 3096 ibique
262 3042 380 3098 passus.
1030 3026 1158 3099 episcopi
1183 3031 1212 3081 et
1236 3025 1384 3098 martyris.
1409 3025 1531 3082 Ciuitate
1554 3027 1809 3101 philadelphiam.

121 3113 160 3167 lx
174 3113 320 3169 Kalendas
333 3113 490 3187 AugApud
505 3117 681 3173 liemeritam
696 3118 941 3190 Hispaniacivita-
1032 3120 1193 3189 martyrum
1207 3117 1318 3186 septem
1335 3131 1394 3170 una
1409 3113 1455 3170 die
1466 3119 1812 3175 coronatorumtleruuds

153 3206 211 3257 tem
227 3201 325 3257 natale
338 3205 366 3255 S.
382 3203 506 3260 Victoris
521 3205 659 3279 martyris
673 3224 740 3262 oum
756 3208 871 3266 duobus
886 3211 940 3266 fra·
956 3183 977 3251 C
1031 3204 1144 3260 civitate
1158 3183 1254 3259 natale
1268 3202 1404 3259 Sl'elicis
1417 3203 1559 3277 praecipui
1576 3207 1809 3280 martyrislloma

155 3290 296 3347 tribusln
312 3290 395 3346 ltalia
409 3291 524 3348 civitate
535 3294 686 3367 Tyro,qure
700 3300 744 3351 est
758 3296 939 3356 ciroalacnm
1030 3299 1077 3350 SS.
1093 3293 1241 3367 virginum
1255 3297 1284 3349 et
1305 3297 1465 3366 martyrum
1489 3294 1570 3367 Spei,
1587 3295 1670 3352 Fidei
1693 3303 1719 3352 et
1739 3296 1809 3353 Cari·

153 3377 322 3448 Vulsinum,
339 3379 435 3436 natale
449 3385 476 3435 S.
493 3381 663 3438 Christianae
677 3383 799 3456 virginis
820 3390 849 3441 et
863 3405 941 3443 mar·
1030 3384 1108 3449 tatis,
1123 3386 1151 3438 et
1166 3382 1269 3438 matris
1284 3399 1384 3438 aarum
1400 3383 1565 3455 Sapientia..

154 3466 349 3538 tyrisllodem
362 3467 409 3522 die
424 3468 519 3523 natale
533 3469 691 3525 SSNioetae
706 3475 734 3526 et
745 3473 866 3543 Aquita,
877 3491 939 3546 quae
994 3472 1032 3528 lV
1047 3474 1144 3528 Nonas
1160 3473 1233 3545 Aug.
1250 3471 1348 3527 Roma
1364 3471 1393 3526 in
1409 3472 1554 3527 cimiterio
1570 3472 1675 3529 Calisti
1686 3474 1810 3548 viaAppia

155 3554 285 3628 martyrii
300 3554 428 3627 palmam
443 3557 547 3629 capitis
560 3558 738 3615 abscissione
758 3568 939 3618 meruerunt.
1030 3560 1125 3618 natale
1140 3560 1232 3616 saneti
1247 3559 1386 3632 Stephani
1402 3577 1482 3632 papae
1498 3565 1529 3616 et
1544 3563 1694 3636 martyris.
1711 3568 1739 3619 ln
1752 3580 1808 3636 pra·

116 3642 182 3700 Vlll
195 3643 337 3701 Kalendas
350 3647 480 3718 Augusti.
494 3645 594 3702 Natale
613 3649 690 3703 beati
702 3648 801 3706 iacobi
816 3651 940 3723 apostoli
1029 3649 1126 3705 vincia
1140 3647 1269 3703 ltithinia
1293 3648 1365 3704 urhe
1389 3648 1485 3704 Nicea
1510 3649 1612 3706 natale
1632 3656 1661 3706 S.
1677 3652 1809 3708 Thatae

153 3732 252 3789 fratris
264 3733 405 3791 iohannis
417 3735 610 3808 evangelista,
624 3752 710 3809 quem
723 3737 876 3796 decollavit
888 3740 941 3796 He·
1029 3756 1096 3794 cum
1113 3737 1207 3793 tribus
1221 3736 1288 3793 filiis
1301 3736 1364 3792 suis
1377 3736 1585 3810 martyrizata.
1603 3741 1637 3796 Et
1651 3740 1680 3796 ia
1695 3740 1769 3798 ltalia
1781 3740 1810 3795 ri·

152 3822 248 3878 rodes.
262 3822 294 3878 ln
307 3824 385 3879 Licia
406 3824 520 3881 civitate
537 3828 643 3881 Samon
657 3827 753 3883 natale
770 3830 799 3885 S.
812 3828 939 3885 Christo·
1028 3828 1114 3885 vitate
1138 3825 1253 3882 Verona
1278 3824 1373 3882 natale
1396 3830 1424 3880 S.
1442 3816 1558 3884 retica
1579 3828 1616 3884 m
1639 3829 1707 3886 alibi
1731 3829 1809 3886 natale

151 3910 234 3981 pheri
249 3913 394 3985 martyris.
408 3913 527 3970 Ciuitate
540 3914 700 3971 barcinona
722 3919 820 3988 passio
841 3922 869 3972 S.
884 3918 938 3973 Cu·
1030 3916 1121 3973 sancti
1139 3914 1241 3971 Niceti.

152 3998 299 4070 saphatia.
313 4001 409 4057 Roma
422 4002 548 4059 Nemesii
562 4003 675 4059 diaconi
689 4009 717 4060 et
729 4007 876 4079 martyris.
994 4007 1031 4062 lll
1046 4005 1143 4061 Nonas
1158 4003 1444 4076 Aug.Hierosolymis
1458 4003 1595 4063 inventio
1607 4009 1735 4082 corporis
1748 4007 1807 4064 beati

115 4083 167 4141 Vll
182 4085 299 4142 Kalend.
313 4090 385 4161 Aug.
399 4091 501 4146 Natale
514 4091 590 4147 beati
601 4093 724 4161 Herasti,
738 4094 786 4166 qui
796 4095 939 4169 Philippis
1027 4093 1164 4165 Stephani
1198 4094 1420 4165 protomartyris
1445 4094 1576 4165 Christi,
1600 4100 1630 4153 et
1649 4101 1696 4153 SS.
1721 4099 1809 4153 Gama-

151 4192 169 4230 a
190 4175 274 4230 heato
296 4176 385 4235 Paulo
407 4179 540 4251 apostolo
562 4181 724 4250 ordinatus,
739 4183 778 4238 ibi
799 4185 938 4257 martyria
1029 4181 1135 4249 libelis,
1152 4181 1300 4236 Nicodemi
1317 4186 1344 4235 et
1360 4182 1484 4238 Abibon.
1502 4183 1606 4240 Romae
1621 4187 1808 4259 viaAppiana·

150 4267 308 4321 coronatus
323 4268 441 4338 quievit.
458 4268 554 4324 Romae
569 4268 598 4323 in
619 4270 706 4327 Porto
729 4271 825 4327 natale
846 4277 873 4329 S.
887 4273 937 4329 Ja·
1030 4270 1086 4327 tale
1100 4274 1127 4324 S.
1144 4268 1283 4324 Tharsitii
1300 4269 1445 4342 martyris.
1458 4272 1672 4344 Augustiduno
1686 4272 1806 4348 deposilio

150 4353 235 4410 cincti
250 4355 473 4428 martyrisltem
488 4356 585 4411 lloma
598 4357 644 4413 via
657 4360 759 4415 Latina
771 4367 939 4419 sanctornm
1029 4358 1148 4415 Kaireni
1164 4356 1292 4429 episcopi
1307 4362 1335 4412 et
1349 4359 1539 4416 confessoris.

149 4447 313 4516 martyrum
344 4445 543 4520 symphronii,
571 4445 707 4520 Olympii,
740 4448 880 4506 Theodoti
911 4457 941 4508 et
994 4448 1089 4505 Pridie
1104 4447 1201 4502 Nonas
1217 4446 1349 4518 Augusti.
1365 4447 1462 4503 Roma
1478 4449 1516 4504 ad
1528 4450 1754 4507 &Laurentium
1768 4467 1804 4506 na·

148 4532 308 4604 Eruperia.
955 4552 977 4617 1)
1028 4536 1084 4593 tale
1095 4540 1123 4591 S.
1139 4533 1247 4591 Justini
1262 4534 1433 4608 presbyteri.
1454 4537 1578 4594 Eodem.
1597 4539 1645 4596 die
1668 4541 1740 4597 beati
1759 4539 1804 4595 Ari·

113 4617 152 4674 Vl
165 4620 284 4678 Kalend.
298 4627 371 4699 Aug.
385 4625 468 4698 Apud
482 4625 680 4681 Nicomediam
695 4626 942 4690 civitatemnatale
1032 4623 1140 4681 starchi
1157 4621 1291 4694 discipuli
1306 4628 1334 4677 S.
1352 4623 1432 4679 Pauli
1448 4627 1590 4698 apostoli,
1606 4631 1658 4703 qui
1675 4629 1726 4686 luit
1739 4629 1804 4685 ihre

148 4710 177 4761 S.
196 4707 358 4784 Hermelagi
381 4715 540 4787 presbyteri
563 4719 591 4771 et
612 4716 759 4787 martyris,
774 4718 859 4787 cnjus
883 4719 935 4775 da·
1025 4711 1253 4770 salonicensium
1268 4711 1544 4784 episcopusltomrs
1559 4717 1592 4773 in
1604 4725 1705 4792 crypta
1717 4723 1799 4775 Arena·

148 4794 242 4850 ctrina
255 4797 357 4855 beatus
369 4802 525 4858 Pantaleon
540 4804 575 4858 ad
598 4804 685 4859 iidem
706 4821 862 4862 conversus
879 4812 933 4864 est.
1025 4803 1067 4858 ria
1081 4802 1157 4858 beati
1173 4800 1332 4857 Tertullam
1349 4803 1497 4875 martyris.

147 4883 182 4939 at
194 4883 262 4940 alibi
277 4887 373 4944 natale
385 4895 552 4947 sanctorum
566 4910 616 4959 xn,
630 4909 755 4964 quorum
777 4901 860 4967 gesta
882 4896 935 4952 ha·
1060 4892 1133 4948 Obiit
1147 4890 1280 4946 lieu-riona
1302 4906 1353 4946 ree
1367 4892 1549 4951 Francorum.
1568 4897 1672 4953 Eodem
1693 4898 1736 4953 die
1747 4899 1798 4954 aas·

146 4972 263 5030 beatur.
277 4979 309 5031 ln
322 4977 421 5033 Sicilia
432 4980 508 5035 beati
521 4980 664 5036 Simeonis
678 4982 823 5038 monachi.
837 4984 935 5042 Antis·
1022 4970 1114 5053 fridus
1137 4995 1225 5034 cemes
1250 4978 1451 5046 Coiitoaaasia
1468 4983 1556 5054 bajas
1577 4987 1699 5042 molesia
1711 4994 1796 5044 masta,

146 5061 253 5118 sioderi
266 5064 342 5120 beati
357 5066 500 5123 liethereii
513 5069 640 5141 episcopi
654 5074 681 5125 et
694 5071 879 5129 confessoris.
1023 5069 1096 5140 apud
1118 5071 1238 5122 castrum
1262 5083 1345 5122 suum
1363 5072 1539 5128 Betriacum
1565 5077 1716 5132 monachus
1733 5077 1795 5146 seru

109 5148 266 5207 VKalend.
284 5156 357 5227 Aug.
382 5157 551 5213 Nicomedia
574 5159 672 5229 passio
693 5164 722 5214 S.
738 5160 934 5218 Pantaleanis.
1027 5157 1105 5213 obiit.

145 5238 295 5297 Britannia
307 5244 430 5313 minora,
445 5245 516 5301 Dolo
537 5249 565 5300 S.
584 5248 734 5304 Samsonis
757 5250 884 5323 episcopi
908 5255 936 5307 et
989 5247 1087 5302 Nonas
1101 5244 1236 5318 Augusti.
1247 5246 1453 5318 Augustiduno
1469 5250 1571 5308 natale
1582 5257 1611 5311 S.
1627 5248 1792 5321 Cassianiepi·

143 5327 500 5389 confessorisMediolano
513 5334 611 5406 passio
624 5338 670 5389 SS.
684 5336 795 5391 Nazarii
810 5342 838 5393 et
850 5339 933 5405 Celsi,
1024 5333 1115 5406 scopi.
1132 5333 1300 5390 Gatalannis
1316 5334 1411 5391 natale
1427 5339 1457 5391 S.
1475 5338 1614 5397 Memmii
1630 5338 1793 5416 episcopi-lt

143 5432 270 5488 quorum
294 5422 446 5491 passiones
468 5426 612 5478 annotatae
633 5429 704 5479 sunt
726 5442 744 5479 ιι
763 5427 830 5482 ldus
842 5426 934 5497 lunii,
1023 5423 1090 5479 dem
1106 5422 1154 5477 die
1171 5421 1266 5478 natale
1280 5426 1308 5477 S.
1326 5423 1476 5482 Hoswaldi
1492 5429 1682 5503 Angelorum
1705 5429 1792 5502 regist
1838 5418 1841 5423 ’

143 5506 261 5573 quando
275 5524 358 5566 sacra
370 5527 491 5584 corpora
503 5529 603 5568 eorum
619 5511 733 5569 inventa
747 5519 826 5569 sunt.
1025 5511 1175 5583 martyris.

179 5592 252 5650 Obiit
273 5595 386 5655 dommo
408 5601 557 5658 Germanus
580 5605 727 5675 episcopua.
742 5605 800 5675 lpse
821 5605 865 5660 die
880 5605 932 5661 lla·
1057 5600 1211 5657 Eodemdie
1226 5602 1303 5671 liupo
1321 5605 1410 5659 sancti
1432 5607 1574 5678 Stephani
1596 5611 1749 5684 prapaes
1770 5604 1788 5654 a
