3878 6098
74 356 76 360 ,
160 287 240 352 late

525 232 717 346 ‘raanan
739 282 790 359 aa
813 281 907 346 sna.
930 280 967 344 x.
982 236 1289 347 -nouununm
1309 283 1468 351 irruas.
1787 286 1866 349 isra

196 423 226 479 S.
242 417 388 478 Ambrosii
405 416 580 492 episcopide
595 416 768 473 Alexandria
779 416 874 474 natale
885 415 983 473 STro-
996 415 1025 484 Α
1074 415 1156 491 tyris.
1171 417 1369 477 Autissiodero
1382 419 1524 494 depositio
1536 423 1564 477 et
1576 418 1731 478 translatio
1742 423 1773 477 S.
1788 421 1864 493 Aug·
1882 440 1888 459 ·

238 527 300 567 uni.

160 511 303 660 KililllKal.
328 599 429 658 Octob.
457 598 489 654 In
517 594 668 669 Neapolim
698 596 861 668 Campania
890 595 985 653 namin

197 692 247 749 SS.
278 693 440 763 martyrum
469 684 600 743 ianuarii
623 685 831 742 Beneventanis
856 685 984 758 episcopi

196 797 264 837 cum
275 777 341 835 aliis
353 782 447 834 arula
472 774 626 833 Palestina
651 774 747 831 natale
761 775 811 831 SS.
824 779 985 848 martyrum

1075 507 1149 563 narii
1176 508 1303 582 episcopi
1327 513 1356 567 et
1378 510 1566 567 contessoris.
1594 514 1661 583 lpso
1692 510 1739 566 die
1772 509 1865 566 natah

1074 599 1102 651 S.
1116 597 1281 654 Herculiani
1295 598 1441 672 martyris.

1110 685 1182 743 Obiit
1204 687 1335 744 Eldatdea
1357 688 1495 744 Senonum
1517 689 1748 761 archiepiscopos.
1767 688 1864 745 Eadem

1074 776 1120 832 die
1134 777 1204 834 Abba
1220 777 1300 834 levita
1314 785 1340 833 et
1353 779 1489 850 perfector
1502 779 1580 845 abiit,

197 869 250 927 Pili
265 872 294 926 ot
307 867 364 923 Nili
381 867 596 939 episcoporum.
612 864 696 938 Apud
718 863 872 920 Nuceriam
890 863 985 920 natale
1039 864 1077 920 vl
1090 864 1152 922 Kal.
1168 866 1284 922 Octobr.
1298 865 1399 922 Natale
1410 871 1457 922 SS.
1472 872 1635 940 martyrum
1647 866 1784 940 Cypriani
1798 865 1867 939 epis·

196 961 225 1016 S.
243 958 345 1014 Felicis
360 956 496 1030 martyris
511 960 538 1011 et
549 956 639 1010 beatae
651 954 825 1010 Constantia
837 954 983 1026 martyris.

196 1042 986 1119 lnvlerriturioLingonico>civitatisrnonaslerioSeges-

195 1135 396 1208 lro‚depositio
408 1133 565 1207 SSeqnnni
576 1132 735 1204 presbyteri
749 1136 776 1188 et
794 1132 939 1198 monachi,
956 1136 986 1188 et

193 1225 263 1281 alibi
278 1226 304 1281 S.
322 1222 407 1280 Potiti
425 1222 560 1296 martyris
573 1223 605 1277 ln
616 1220 718 1278 Galliis
731 1220 845 1277 civitate
854 1221 987 1295 Vigenna

90 1360 94 1366 ,
192 1314 290 1372 natale
299 1315 330 1370 S.
349 1312 472 1370 Ferreoli
490 1311 638 1384 martyria.

1075 955 1138 1028 aopi
1155 960 1183 1010 et
1198 956 1326 1013 doctoris
1351 956 1460 1030 egregii
1484 961 1513 1014 et
1535 957 1626 1013 beata
1648 957 1785 1022 lustina,
1806 973 1866 1028 que

1075 1045 1211 1117 predicto
1224 1045 1361 1119 episeopo
1384 1062 1473 1102 causa
1484 1045 1579 1102 extitit
1600 1045 1704 1103 salutis
1719 1062 1726 1101 :
1741 1062 1865 1118 quorum

1075 1136 1243 1206 corporaad
1257 1135 1360 1190 urbem
1382 1135 1479 1191 Romae
1501 1136 1662 1208 deportata,
1679 1151 1712 1191 ac
1736 1151 1866 1191 reveren-

1074 1226 1118 1278 ter
1130 1222 1276 1279 tumulata
1287 1228 1367 1306 sunt.
1383 1225 1455 1281 Item
1471 1225 1568 1280 Rome
1580 1223 1628 1281 via
1637 1221 1774 1297 Appiain
1786 1223 1866 1279 cimi-

1074 1311 1147 1368 terio
1160 1311 1259 1369 Calisli
1272 1312 1416 1385 depositio
1430 1315 1458 1379 S,
1473 1312 1589 1370 Eusebii
1608 1311 1750 1386 episcopi.
1765 1313 1865 1368 Arver-

158 1405 206 1462 Xll
224 1404 282 1461 Kal.
310 1404 409 1459 Ortoh.
437 1403 467 1457 In
493 1401 586 1457 Cizice
617 1398 713 1456 natale
742 1399 793 1456 SS.
823 1403 985 1473 martyrum
1075 1400 1121 1457 nis
1135 1399 1312 1473 Apollinaris
1325 1402 1498 1475 episcopiet
1512 1400 1701 1459 confessoris.

194 1496 306 1552 Fausta
316 1492 437 1565 virginis
452 1496 481 1547 et
495 1488 623 1559 Krilasii,
640 1489 701 1561 qui,
717 1488 858 1559 inauditis
884 1488 984 1544 multi·
1038 1489 1144 1547 VKal.
1161 1490 1364 1564 Oeteb.Apud
1384 1492 1491 1564 Egenm
1518 1489 1614 1547 natale
1636 1494 1685 1547 SS.
1707 1491 1821 1547 Cosma
1841 1493 1869 1546 et

194 1585 335 1658 genisque
349 1580 450 1638 laniati
466 1579 630 1651 tormentis,
646 1576 739 1634 vocali
754 1579 789 1635 de
805 1579 876 1634 eaelo
891 1577 985 1634 reddi·
1075 1578 1218 1636 Damiani.
1231 1580 1366 1636 Corduba
1388 1580 1503 1636 civitate
1520 1584 1692 1638 sanctorum
1704 1583 1866 1652 martyrum

194 1674 300 1729 derunt
315 1672 439 1730 animas.
1074 1668 1169 1725 Adulli
1184 1673 1212 1725 el
1223 1669 1367 1728 iohannis
1380 1670 1515 1726 fratrum.
1529 1670 1561 1726 iu
1581 1669 1733 1734 territurio
1747 1669 1867 1743 Augusti

158 1766 208 1818 xl.
225 1762 287 1818 Kal.
308 1761 409 1817 Octob.
433 1759 533 1815 Nataio
557 1758 631 1815 beati
656 1757 782 1813 blattbaei
806 1758 929 1830 apostoli
957 1760 1023 1855 etB
1076 1757 1201 1814 dunensi
1214 1759 1312 1832 passio
1324 1762 1371 1814 88.
1386 1757 1544 1815 Florentini
1557 1763 1587 1814 et
1598 1757 1713 1814 Hilarii.

167 1913 170 1917 ,
194 1845 889 1924 evangeliste,quiprimusiniudeaevangclium
901 1846 982 1902 Chri·
1039 1847 1075 1905 lv
1091 1847 1152 1903 Kal.
1166 1848 1266 1904 Oclob.
1280 1848 1312 1904 ln
1329 1846 1477 1920 Hispaniis
1493 1846 1607 1903 civitate
1619 1846 1757 1903 Corduba
1775 1847 1868 1903 natale

194 1941 229 1997 sti
246 1941 513 1996 Hebraeosermone
535 1936 663 2009 scripsit.
690 1936 793 1991 Postea
817 1952 884 1991 vero
904 1936 982 2008 apud
1073 1941 1120 1992 88.
1155 1936 1266 2007 Fausti,
1293 1934 1427 1993 ianuarii
1456 1940 1485 1991 et
1515 1934 1660 1993 Martialis
1693 1940 1865 2009 martirum.

194 2029 370 2103 AEtbiopiam
386 2027 547 2101 predicans
563 2024 736 2098 martyrium
751 2041 858 2097 passus
874 2025 983 2080 estbe-
1074 2027 1172 2083 Roma
1195 2028 1231 2082 ad
1256 2026 1360 2082 Guttae
1386 2024 1481 2081 natale
1505 2024 1599 2082 sancti
1622 2025 1742 2082 Sterlei.
1769 2026 1865 2082 Aulis·

193 2120 259 2176 dem
275 2118 322 2176 die
336 2117 432 2174 namle
457 2116 486 2172 S.
502 2114 657 2171 Alexandri
682 2113 830 2186 martyris,
847 2113 893 2169 cui
910 2129 985 2186 papa
1074 2114 1189 2172 siodero
1213 2113 1354 2188 depositio
1378 2119 1406 2170 8.
1431 2112 1523 2170 Alodii
1547 2113 1676 2188 episcopi
1700 2117 1730 2171 et
1756 2113 1865 2171 conlea-

194 2209 339 2266 Damasus
355 2209 486 2280 cryptam
502 2202 679 2277 condignam
694 2202 814 2267 iaciens,
831 2200 900 2256 illuc
916 2217 983 2258 eum
1074 2203 1161 2261 soris.

193 2316 221 2354 v1
245 2295 391 2353 Kalendas
407 2292 573 2351 Decembris
598 2290 790 2363 transposuit,
815 2290 933 2364 quando
957 2295 985 2348 et
1039 2292 1078 2349 111
1091 2292 1153 2349 Kal.
1169 2292 1269 2350 Oclob.
1284 2293 1315 2349 ln
1339 2297 1437 2350 monte
1459 2293 1592 2366 Gargano
1613 2291 1790 2349 venerabilis
1811 2309 1866 2348 me·

195 2385 381 2442 testivitatem
396 2383 460 2454 ejus
474 2379 628 2437 dedicavit.
1074 2382 1167 2440 moria
1179 2386 1206 2437 8.
1225 2381 1375 2440 Michaelis
1387 2381 1565 2456 archangeli,
1581 2380 1631 2438 ubi
1658 2381 1753 2437 multa
1780 2381 1862 2437 mira·

159 2479 184 2530 X
214 2473 275 2530 Kal.
306 2472 407 2529 Oclob.
436 2470 467 2527 ln
503 2467 592 2526 Gallis
625 2467 741 2525 civitate
773 2468 889 2527 Seduno
922 2467 984 2524 loco
1074 2471 1143 2528 bilia
1170 2473 1248 2529 Deus
1275 2471 1412 2528 ostendit.
1443 2471 1539 2527 Roma
1568 2469 1713 2527 dedicatio
1747 2469 1862 2527 oratorii

195 2565 337 2636 Augauno
352 2577 403 2616 seu
419 2557 722 2616 OctoderonataleSS.
740 2560 902 2628 martyrum
913 2557 985 2612 The-

196 2654 325 2709 beorum
350 2648 492 2717 Mauricii,
520 2647 665 2721 Exuperii,
690 2646 823 2715 Candidi,
847 2645 983 2714 Victoris,

195 2738 367 2808 iunocentii,
382 2738 487 2796 Vitatis
502 2755 570 2795 curn
586 2736 673 2793 sociis
688 2753 788 2793 eorum
805 2752 855 2792 sex
865 2734 984 2791 milibus

195 2831 340 2889 sexcentis
363 2829 514 2902 sexaginta
536 2845 597 2884 sex.
622 2824 821 2883 Autissiodera
842 2825 985 2881 adrentus

195 2925 271 2991 (seu)
285 2920 414 2992 exceptio
442 2918 571 2990 corporis
595 2917 625 2973 8.
652 2915 787 2972 Germani
812 2913 941 2987 episcopi
957 2916 986 2969 et

196 3009 372 3066 contessoris
387 3007 423 3062 ab
438 3005 567 3063 ltaliam
580 3005 610 3060 in
620 3006 748 3061 Reomau
762 3002 893 3059 coenobio
904 3006 985 3058 trans

1074 2566 1103 2617 8.
1115 2559 1276 2630 Michaelis,
1293 2561 1371 2634 qnod
1391 2559 1565 2617 venerabilis
1590 2559 1764 2616 bonefacius
1776 2559 1864 2632 ponti-

1075 2651 1120 2708 lex
1133 2649 1277 2708 dedicavit
1290 2650 1319 2706 in
1334 2651 1503 2707 summitate
1515 2648 1582 2706 circi
1596 2648 1672 2704 miro
1686 2665 1773 2721 opere
1790 2647 1864 2704 altis·

1075 2741 1148 2798 sime
1173 2743 1350 2814 porrectum.
1367 2739 1567 2797 Autissiodero
1581 2736 1681 2812 passio
1693 2741 1722 2793 8.
1736 2737 1864 2794 Fraterni

1074 2829 1213 2903 episcopi,
1231 2846 1318 2903 quem
1336 2829 1457 2886 tradunt
1477 2828 1578 2885 eodem
1595 2827 1643 2884 die
1663 2827 1863 2893 interemtum,

1074 2937 1133 2992 quo
1146 2923 1175 2975 et
1185 2918 1356 2992 episcopum
1368 2935 1433 2975 esse
1444 2917 1622 2975 ordinatum.

1110 3008 1183 3066 Obiit
1201 3009 1344 3065 Walterias
1359 3007 1504 3064 AEdaenaia
1518 3008 1667 3080 episcopas.

196 3097 265 3154 latio
281 3096 411 3168 corporis
427 3095 520 3150 sancti
538 3094 628 3166 patris
645 3093 737 3150 nostri
759 3090 923 3148 beatissimi
937 3091 984 3147 Jo-
1039 3097 1135 3154 Pridia
1148 3096 1211 3154 Kal,
1225 3097 1325 3154 Oclob.
1339 3096 1371 3153 ln
1391 3095 1482 3153 Gallis
1494 3100 1589 3154 castro
1613 3094 1765 3163 solodoro,
1790 3094 1863 3169 quad

195 3184 303 3242 hannis
317 3181 503 3239 confessoris.
520 3180 551 3236 In
579 3180 726 3253 provincia
741 3178 874 3251 BaJ'oaria
889 3178 984 3234 namle
999 3160 1020 3226 C

196 3276 225 3332 S.
242 3272 407 3332 Kmeremni
423 3269 559 3344 martyris
574 3274 661 3341 atque
676 3267 833 3340 pontificis.

159 3364 198 3426 lx
213 3364 276 3422 Kal.
292 3363 394 3423 Oclob.
409 3363 441 3418 lu
461 3358 620 3432 Campania
642 3357 738 3415 natale
761 3359 791 3415 S.
808 3355 885 3415 Sosii
908 3375 985 3414 mar-

195 3455 267 3528 tyris
281 3452 396 3510 diaconi
412 3451 565 3507 blesensia
579 3447 715 3504 civitatis.
739 3447 790 3503 Hic
805 3464 872 3502 cunr
892 3446 984 3519 quod·

196 3545 264 3599 darn
280 3538 462 3614 evangelium
479 3537 587 3611 legeret
600 3536 630 3592 in
652 3534 775 3593 eeclesia
797 3535 921 3608 praelata
937 3553 984 3590 ur-

195 3633 252 3700 bis,
271 3632 413 3705 presente
428 3629 512 3684 beato
535 3625 686 3693 ianuario,
703 3624 776 3681 vidit
796 3624 893 3681 subito
907 3625 984 3681 idern

196 3720 359 3794 episcopus.
375 3718 411 3774 de
439 3716 534 3788 capite
557 3715 622 3788 ejus
646 3714 798 3770 flammam
819 3729 984 3786 exsurgere,

197 3828 285 3884 quarn
303 3825 389 3864 nemo
404 3805 480 3863 alius
494 3804 610 3873 vidit,el
620 3802 902 3877 pronunciaviteum
911 3818 986 3859 mar·

197 3903 289 3973 tyrem
306 3898 438 3953 saturum
455 3893 552 3968 :quod
577 3897 677 3966 postea
699 3891 805 3948 veritas
822 3890 861 3947 rei
878 3894 939 3946 tarn
956 3889 985 3946 in

197 3988 260 4059 ipse
276 3986 421 4058 episcope,
439 3999 528 4056 quarn
549 3981 578 4037 in
606 3979 671 4038 aliis
691 3980 822 4053 quinque
841 3979 985 4036 ministris

197 4075 302 4147 ipsius,
332 4071 545 4145 martyrizando
571 4069 779 4143 comprobarit.
805 4068 911 4125 Eodem
939 4069 987 4124 die

199 4163 294 4221 natale
309 4164 338 4218 S.
353 4160 445 4217 'l'eclae
467 4159 588 4233 uirginis
611 4160 689 4232 apud
713 4159 875 4217 Seleuciam
892 4159 986 4231 quies·

198 4252 380 4325 cautisque
403 4251 437 4305 de
461 4247 575 4304 civitate
599 4248 725 4321 Hyconio
745 4265 763 4304 a
786 4249 871 4305 beate
896 4247 985 4304 Paulo

196 4340 329 4418 apostolo
344 4340 488 4396 instructa
502 4341 556 4393 est.

161 4434 226 4490 Vlll
241 4429 454 4489 Kal.Octobris.
472 4425 626 4498 Conceptio
641 4426 670 4481 S.
686 4425 984 4500 JobannisBaptista.

1075 3191 1221 3261 estsuper
1233 3184 1354 3242 Arulam
1373 3184 1504 3250 fluvium,
1518 3183 1616 3258 passio
1635 3188 1685 3241 SS.
1700 3184 1827 3241 Victoris
1839 3188 1864 3239 et

1075 3274 1141 3333 Ursi
1153 3292 1188 3332 ex
1202 3273 1329 3349 gloriosa
1347 3273 1460 3347 legione
1479 3274 1682 3330 Thebaeorum.
1696 3273 1807 3330 Eodem
1822 3272 1863 3329 dia

1075 3365 1152 3438 apud
1166 3363 1312 3420 Bethleem
1324 3363 1406 3419 tuda
1419 3360 1561 3435 depositio
1576 3366 1605 3417 8.
1621 3361 1792 3435 llieronymi
1804 3379 1864 3418 eon·

1076 3453 1195 3511 sessoris
1211 3452 1339 3509 doctoris
1361 3451 1510 3525 precipui,
1536 3451 1585 3524 qui
1609 3449 1703 3508 libros
1722 3468 1796 3508 suos
1818 3469 1864 3525 per

1076 3545 1141 3600 net
1165 3561 1193 3598 vr
1217 3558 1310 3598 annos
1346 3541 1480 3609 coniecit,
1504 3545 1534 3597 et
1563 3557 1650 3596 xcvrn
1683 3541 1783 3597 alatis
1811 3558 1863 3597 sua

1075 3633 1194 3690 annein
1212 3649 1281 3705 pace
1303 3629 1413 3704 quievit
1437 3629 1530 3703 pridie
1554 3628 1701 3686 Kalendas
1725 3630 1863 3687 Octobris.

1075 3723 1107 3778 ln
1123 3719 1270 3777 Placentia
1293 3720 1408 3776 civitate
1429 3724 1477 3774 SS.
1490 3719 1618 3785 Antonii,
1633 3718 1719 3776 Gasti
1741 3724 1772 3775 et
1793 3718 1865 3775 Desi-

1075 3809 1158 3868 derii.

1052 3944 1055 3948 .
1111 3898 1186 3955 Obiit
1196 3898 1339 3955 Tenbnlna
1353 3898 1448 3964 iniens,
1464 3898 1513 3971 qui
1535 3896 1609 3954 dedit
1630 3896 1774 3969 predium
1791 3912 1864 3951 anan

1074 3989 1287 4046 canonissaneti
1299 3987 1460 4060 sthephani,
1482 4003 1512 4042 tn
1532 4002 1602 4058 papo
1625 3985 1863 4047 Antasioderenai,

1076 4079 1106 4134 in
1119 4079 1226 4134 vicaria
1247 4078 1437 4149 baugiacensi,
1454 4078 1484 4131 in
1498 4076 1566 4131 oilla
1589 4076 1737 4141 Metriace,
1761 4081 1865 4147 prepter

1075 4166 1225 4223 remedium
1239 4167 1341 4223 anime
1364 4181 1424 4224 aaa
1445 4173 1472 4222 et
1486 4165 1522 4222 nd
1544 4166 1709 4223 maneriam
1728 4179 1863 4221 recensen-
1905 4222 1909 4229 ,

1075 4255 1148 4312 dem.

1354 4376 1540 4436 OCTOBKR.

196 4524 230 4576 In
245 4519 393 4576 territurio
410 4518 567 4574 AEduorum
581 4514 654 4581 vico,
670 4514 720 4587 qui
746 4513 1025 4600 dicitursed010·[)
1041 4522 1183 4581 Kalendas
1195 4521 1338 4578 Octobris.
1354 4521 1554 4577 Autissiodem
1566 4520 1714 4593 depositio
1732 4517 1865 4576 sacratis·

198 4626 261 4677 cus,
278 4608 374 4665 natale
401 4608 453 4664 SS.
483 4608 645 4679 martyrum
673 4603 826 4673 Andoehii‚
855 4604 938 4679 Tyrsi
959 4608 988 4660 et

198 4695 311 4764 Felicis,
328 4696 379 4768 qui
398 4695 433 4751 ad
449 4693 610 4751 docendam
626 4691 750 4749 Galliam
766 4693 802 4750 ab
818 4692 927 4749 oriente
943 4693 986 4748 di·

198 4785 281 4856 recti,
298 4784 352 4840 sub
367 4781 522 4838 Aureliano
538 4781 669 4856 principe
686 4781 896 4856 gloriosissime
918 4786 988 4838 sunt

198 4873 376 4930 cornustibii
390 4870 459 4927 alibi
475 4871 525 4928 SS.
541 4869 661 4939 Juliani,
684 4871 894 4944 Christophori‚
913 4871 988 4927 Lau·

198 4961 295 5019 rentii.
309 4966 342 5017 In
356 4958 503 5016 territurio
518 4958 645 5015 Biturica
658 4964 754 5016 castro
765 4959 926 5017 ilcdiolano
937 4976 987 5015 na-

199 5050 256 5108 tale
271 5052 300 5106 S.
316 5047 433 5106 Genesii
449 5047 595 5121 martyris.

161 5139 213 5196 vu
230 5139 290 5196 Kal.
304 5138 404 5196 Oclob.
421 5136 521 5193 Natale
532 5141 563 5191 B.
579 5137 699 5211 Cleopa,
716 5140 766 5212 qui
782 5157 859 5197 unus
881 5140 936 5197 luit
951 5141 986 5196 de

199 5318 281 5385 urbe,
296 5317 457 5390 eademque
472 5317 570 5382 domo,
586 5315 616 5370 in
632 5332 691 5388 qua
701 5334 834 5374 mensam
845 5320 929 5392 quasi
940 5338 987 5392 pe-

1077 4611 1145 4669 simi
1157 4609 1286 4684 corporis
1308 4610 1386 4666 beati
1410 4608 1544 4666 Germani
1561 4608 1692 4682 episcopi
1714 4613 1744 4666 et
1758 4607 1865 4664 conica

1077 4701 1163 4767 soris,
1177 4699 1226 4772 qui
1242 4698 1320 4772 apud
1338 4699 1505 4756 Ravennam
1529 4697 1624 4770 pridie
1647 4694 1798 4753 Kalendas
1816 4698 1866 4752 Au-

1076 4789 1155 4863 gusti
1169 4786 1291 4844 feliciter
1302 4787 1386 4857 ebiit,
1402 4791 1431 4844 et
1444 4786 1578 4844 Kalendis
1591 4785 1730 4842 Octobris
1739 4802 1798 4842 sua
1810 4788 1865 4840 lan·

1078 4880 1144 4936 dem
1159 4877 1292 4935 redditus
1304 4875 1422 4944 civitati,
1439 4873 1597 4933 honorifica
1623 4874 1752 4930 traditus
1772 4876 1817 4930 est
1828 4889 1866 4929 se-

1077 4965 1215 5042 pultura.
1232 4966 1340 5023 Eodem
1352 4965 1398 5022 die
1410 4964 1734 5037 translatio‘corperum
1744 4967 1794 5020 SS.
1806 4979 1866 5019 con·

1079 5058 1222 5113 fessorum
1236 5054 1359 5130 Remigii
1380 5053 1533 5111 [lemensis
1549 5052 1681 5127 episcopi
1708 5058 1738 5110 et
1752 5051 1865 5110 vodan

1075 5144 1286 5202 Atrebatensis.
1300 5145 1331 5200 ln
1348 5160 1421 5218 pago
1435 5142 1658 5200 Nedeneutense
1672 5141 1773 5199 natale
1783 5144 1865 5197 Sita-

1075 5233 1153 5291 lonis
1166 5234 1313 5307 martyris.
1331 5234 1362 5289 ln
1378 5236 1466 5289 Portu
1486 5232 1579 5289 Gaute
1593 5231 1694 5289 natale
1706 5235 1735 5287 S.
1750 5230 1865 5288 anonis

1077 5322 1262 5379 confessoris.

199 5406 314 5480 regrina
329 5404 451 5461 Domino
465 5408 707 5478 praeparaverata
719 5407 901 5466 Judaeiscsse
916 5411 988 5466 ecci·
1041 5412 1079 5471 VI
1092 5428 1184 5469 nonas
1196 5411 1296 5467 Octob.
1316 5411 1400 5483 Apud
1419 5408 1619 5467 Nicomediam
1632 5408 1733 5467 natale
1747 5413 1777 5465 S.
1791 5407 1864 5464 Eleu·

199 5495 423 5568 surabugdune
434 5495 539 5566 S.Lupi
555 5494 683 5567 episcopi
694 5496 988 5555 exanacboretaAm-

200 5580 296 5638 biania
307 5581 421 5639 civitate
436 5582 533 5638 natale
556 5583 712 5641 SFirmini
728 5584 855 5658 episcopi
867 5590 895 5642 et
911 5604 987 5644 mar-

1076 5501 1162 5558 therii
1176 5498 1322 5573 martyris.
1338 5504 1370 5555 In
1383 5497 1529 5556 Atrebatis
1541 5496 1609 5555 villa
1616 5497 1762 5572 syricinio
1776 5495 1862 5571 passio

1078 5593 1106 5647 S.
1123 5589 1290 5663 Leodegarii
1312 5587 1579 5663 Augustidunensis
1606 5588 1751 5662 episcopi.
1777 5588 1860 5644 Rome
