<?xml version="1.0" encoding="UTF-8"?>
<!DOCTYPE html PUBLIC "-//W3C//DTD XHTML 1.0 Transitional//EN"
    "http://www.w3.org/TR/xhtml1/DTD/xhtml1-transitional.dtd">
<html xmlns="http://www.w3.org/1999/xhtml" xml:lang="en" lang="en">
 <head>
  <title>
</title>
<meta http-equiv="Content-Type" content="text/html;charset=utf-8" />
  <meta name='ocr-system' content='tesseract 3.04.00' />
  <meta name='ocr-capabilities' content='ocr_page ocr_carea ocr_par ocr_line ocrx_word'/>
</head>
<body>
  <div class='ocr_page' id='page_1' title='image "./patrologiaecurs24unkngoog_0537.png"; bbox 0 0 3878 6098; ppageno 0'>
   <div class='ocr_carea' id='block_1_1' title="bbox 118 291 1831 364">
    <p class='ocr_par' dir='ltr' id='par_1_1' title="bbox 118 291 1831 364">
     <span class='ocr_line' id='line_1_1' title="bbox 118 291 1831 364; baseline -0.002 -1"><span class='ocrx_word' id='word_1_1' title='bbox 118 303 196 364; x_wconf 73' lang='lat' dir='ltr'><em>{Otii</em></span> <span class='ocrx_word' id='word_1_2' title='bbox 512 298 678 361; x_wconf 79' lang='lat' dir='ltr'><em>APPEND.</em></span> <span class='ocrx_word' id='word_1_3' title='bbox 703 297 752 358; x_wconf 91' lang='lat' dir='ltr'><em>AD</em></span> <span class='ocrx_word' id='word_1_4' title='bbox 775 296 868 357; x_wconf 84' lang='lat' dir='ltr'>SAEC.</span> <span class='ocrx_word' id='word_1_5' title='bbox 892 295 927 354; x_wconf 91' lang='lat' dir='ltr'><em>X.</em></span> <span class='ocrx_word' id='word_1_6' title='bbox 945 325 983 336; x_wconf 91' lang='lat'><em>-</em></span> <span class='ocrx_word' id='word_1_7' title='bbox 999 291 1251 359; x_wconf 76' lang='lat' dir='ltr'>MONUMDNTA</span> <span class='ocrx_word' id='word_1_8' title='bbox 1273 300 1430 363; x_wconf 83' lang='lat' dir='ltr'><strong>LITURG.</strong></span> <span class='ocrx_word' id='word_1_9' title='bbox 1752 304 1831 364; x_wconf 70' lang='lat' dir='ltr'><em>atus</em></span> 
     </span>
    </p>
   </div>
   <div class='ocr_carea' id='block_1_2' title="bbox 34 427 1834 2640">
    <p class='ocr_par' dir='ltr' id='par_1_2' title="bbox 116 427 1832 1309">
     <span class='ocr_line' id='line_1_2' title="bbox 116 427 1831 509; baseline -0.002 -15"><span class='ocrx_word' id='word_1_10' title='bbox 116 438 257 509; x_wconf 82' lang='lat' dir='ltr'><em>adjutores</em></span> <span class='ocrx_word' id='word_1_11' title='bbox 272 433 391 506; x_wconf 76' lang='lat' dir='ltr'><em>ejusdem</em></span> <span class='ocrx_word' id='word_1_12' title='bbox 415 434 551 505; x_wconf 72' lang='lat' dir='ltr'><strong><em>mysterii,</em></strong></span> <span class='ocrx_word' id='word_1_13' title='bbox 572 435 612 487; x_wconf 87' lang='lat' dir='ltr'><em>ita</em></span> <span class='ocrx_word' id='word_1_14' title='bbox 627 436 656 486; x_wconf 90' lang='lat' dir='ltr'><em>ut</em></span> <span class='ocrx_word' id='word_1_15' title='bbox 680 432 790 485; x_wconf 86' lang='lat' dir='ltr'><em>diaconi</em></span> <span class='ocrx_word' id='word_1_16' title='bbox 803 433 875 485; x_wconf 82' lang='lat' dir='ltr'><em>slent</em></span> <span class='ocrx_word' id='word_1_17' title='bbox 887 433 947 500; x_wconf 87' lang='lat' dir='ltr'><em>posi</em></span> <span class='ocrx_word' id='word_1_18' title='bbox 961 427 989 492; x_wconf 80' lang='grc' dir='ltr'><strong>Α</strong></span> <span class='ocrx_word' id='word_1_19' title='bbox 1006 427 1195 497; x_wconf 76' lang='lat' dir='ltr'><em>adjutorium.</em></span> <span class='ocrx_word' id='word_1_20' title='bbox 1213 432 1381 504; x_wconf 67' lang='lat' dir='ltr'><em>serlarriipb.</em></span> <span class='ocrx_word' id='word_1_21' title='bbox 1397 432 1522 488; x_wconf 82' lang='lat' dir='ltr'><em>Calicem</em></span> <span class='ocrx_word' id='word_1_22' title='bbox 1537 433 1685 489; x_wconf 87' lang='lat' dir='ltr'><em>salutaris.</em></span> <span class='ocrx_word' id='word_1_23' title='bbox 1703 437 1748 489; x_wconf 84' lang='lat' dir='ltr'><em>Ps.</em></span> <span class='ocrx_word' id='word_1_24' title='bbox 1764 437 1831 491; x_wconf 84' lang='lat' dir='ltr'><em>Cre·</em></span> 
     </span>
     <span class='ocr_line' id='line_1_3' title="bbox 116 517 1829 596; baseline -0.002 -14"><span class='ocrx_word' id='word_1_25' title='bbox 116 527 227 582; x_wconf 88' lang='lat' dir='ltr'><em>dorsum</em></span> <span class='ocrx_word' id='word_1_26' title='bbox 246 525 373 596; x_wconf 75' lang='lat' dir='ltr'><strong><em>episcopi,</em></strong></span> <span class='ocrx_word' id='word_1_27' title='bbox 387 523 541 595; x_wconf 80' lang='lat' dir='ltr'><em>presbyteri</em></span> <span class='ocrx_word' id='word_1_28' title='bbox 555 537 618 578; x_wconf 84' lang='lat' dir='ltr'><em>nero</em></span> <span class='ocrx_word' id='word_1_29' title='bbox 632 538 649 575; x_wconf 88' lang='lat' dir='ltr'><em>a</em></span> <span class='ocrx_word' id='word_1_30' title='bbox 663 520 768 575; x_wconf 76' lang='lat' dir='ltr'><em>electris</em></span> <span class='ocrx_word' id='word_1_31' title='bbox 790 523 816 574; x_wconf 90' lang='lat' dir='ltr'><em>ct</em></span> <span class='ocrx_word' id='word_1_32' title='bbox 830 537 848 574; x_wconf 91' lang='lat' dir='ltr'><em>a</em></span> <span class='ocrx_word' id='word_1_33' title='bbox 861 520 946 573; x_wconf 90' lang='lat' dir='ltr'><em>sinis·</em></span> <span class='ocrx_word' id='word_1_34' title='bbox 1001 517 1061 571; x_wconf 89' lang='lat' dir='ltr'><em>didi</em></span> <span class='ocrx_word' id='word_1_35' title='bbox 1078 524 1196 590; x_wconf 86' lang='lat' dir='ltr'><em>propter</em></span> <span class='ocrx_word' id='word_1_36' title='bbox 1210 523 1273 576; x_wconf 85' lang='lat' dir='ltr'><em>Ant.</em></span> <span class='ocrx_word' id='word_1_37' title='bbox 1290 522 1361 577; x_wconf 89' lang='lat' dir='ltr'><em>Cum</em></span> <span class='ocrx_word' id='word_1_38' title='bbox 1378 521 1425 577; x_wconf 90' lang='lat' dir='ltr'><em>his</em></span> <span class='ocrx_word' id='word_1_39' title='bbox 1438 521 1489 593; x_wconf 90' lang='lat' dir='ltr'><em>qui</em></span> <span class='ocrx_word' id='word_1_40' title='bbox 1504 522 1639 578; x_wconf 86' lang='lat' dir='ltr'><em>oderunt..</em></span> <span class='ocrx_word' id='word_1_41' title='bbox 1655 525 1701 578; x_wconf 83' lang='lat' dir='ltr'><em>Ps.</em></span> <span class='ocrx_word' id='word_1_42' title='bbox 1717 526 1758 578; x_wconf 91' lang='lat' dir='ltr'><em>Ad</em></span> <span class='ocrx_word' id='word_1_43' title='bbox 1777 524 1829 578; x_wconf 90' lang='lat' dir='ltr'><em>Do·</em></span> 
     </span>
     <span class='ocr_line' id='line_1_4' title="bbox 119 604 1830 684; baseline -0.001 -13"><span class='ocrx_word' id='word_1_44' title='bbox 119 617 180 671; x_wconf 84' lang='lat' dir='ltr'><em>iris.</em></span> <span class='ocrx_word' id='word_1_45' title='bbox 199 615 296 670; x_wconf 80' lang='lat' dir='ltr'><strong><em>Cruces</em></strong></span> <span class='ocrx_word' id='word_1_46' title='bbox 310 630 373 670; x_wconf 86' lang='lat' dir='ltr'><em>uero</em></span> <span class='ocrx_word' id='word_1_47' title='bbox 388 617 415 669; x_wconf 86' lang='lat' dir='ltr'><em>et</em></span> <span class='ocrx_word' id='word_1_48' title='bbox 429 617 527 667; x_wconf 83' lang='lat' dir='ltr'><em>cnlern</em></span> <span class='ocrx_word' id='word_1_49' title='bbox 541 613 672 683; x_wconf 79' lang='lat' dir='ltr'><em>utrinque</em></span> <span class='ocrx_word' id='word_1_50' title='bbox 686 611 831 664; x_wconf 72' lang='lat' dir='ltr'><em>interillos</em></span> <span class='ocrx_word' id='word_1_51' title='bbox 844 609 944 663; x_wconf 72' lang='lat' dir='ltr'><em>acedia.</em></span> <span class='ocrx_word' id='word_1_52' title='bbox 1002 604 1126 662; x_wconf 90' lang='lat' dir='ltr'><em>minum.</em></span> <span class='ocrx_word' id='word_1_53' title='bbox 1140 608 1174 663; x_wconf 92' lang='lat' dir='ltr'><em>A.</em></span> <span class='ocrx_word' id='word_1_54' title='bbox 1190 610 1232 663; x_wconf 90' lang='lat' dir='ltr'><em>Ab</em></span> <span class='ocrx_word' id='word_1_55' title='bbox 1258 609 1428 665; x_wconf 87' lang='lat' dir='ltr'><em>hominibus</em></span> <span class='ocrx_word' id='word_1_56' title='bbox 1453 610 1576 683; x_wconf 89' lang='lat' dir='ltr'><em>iniquis.</em></span> <span class='ocrx_word' id='word_1_57' title='bbox 1598 613 1643 667; x_wconf 79' lang='lat' dir='ltr'><em>Ps.</em></span> <span class='ocrx_word' id='word_1_58' title='bbox 1670 613 1755 684; x_wconf 83' lang='lat' dir='ltr'><em>Eripe</em></span> <span class='ocrx_word' id='word_1_59' title='bbox 1774 630 1830 670; x_wconf 89' lang='lat' dir='ltr'><em>me.</em></span> 
     </span>
     <span class='ocr_line' id='line_1_5' title="bbox 116 697 1832 771; baseline 0 -12"><span class='ocrx_word' id='word_1_60' title='bbox 116 705 164 760; x_wconf 86' lang='lat' dir='ltr'><em>tiis</em></span> <span class='ocrx_word' id='word_1_61' title='bbox 181 704 223 758; x_wconf 90' lang='lat' dir='ltr'><em>ila</em></span> <span class='ocrx_word' id='word_1_62' title='bbox 237 703 392 758; x_wconf 76' lang='lat' dir='ltr'><em>constitutis</em></span> <span class='ocrx_word' id='word_1_63' title='bbox 416 705 555 757; x_wconf 85' lang='lat' dir='ltr'><em>eoaucriai</em></span> <span class='ocrx_word' id='word_1_64' title='bbox 575 716 602 755; x_wconf 85' lang='lat' dir='ltr'><em>se</em></span> <span class='ocrx_word' id='word_1_65' title='bbox 626 700 763 771; x_wconf 86' lang='lat' dir='ltr'><em>episcopus</em></span> <span class='ocrx_word' id='word_1_66' title='bbox 778 699 885 754; x_wconf 89' lang='lat' dir='ltr'><em>autcni</em></span> <span class='ocrx_word' id='word_1_67' title='bbox 900 698 947 753; x_wconf 85' lang='lat' dir='ltr'><em>ille</em></span> <span class='ocrx_word' id='word_1_68' title='bbox 1001 697 1033 750; x_wconf 93' lang='lat' dir='ltr'><em>A.</em></span> <span class='ocrx_word' id='word_1_69' title='bbox 1063 697 1177 752; x_wconf 80' lang='lat' dir='ltr'><em>custodi</em></span> <span class='ocrx_word' id='word_1_70' title='bbox 1207 715 1253 753; x_wconf 86' lang='lat' dir='ltr'><em>me</em></span> <span class='ocrx_word' id='word_1_71' title='bbox 1279 715 1295 753; x_wconf 89' lang='lat' dir='ltr'><em>a</em></span> <span class='ocrx_word' id='word_1_72' title='bbox 1318 698 1432 771; x_wconf 85' lang='lat' dir='ltr'><em>laqueo.</em></span> <span class='ocrx_word' id='word_1_73' title='bbox 1463 703 1508 754; x_wconf 85' lang='lat' dir='ltr'><em>Ps.</em></span> <span class='ocrx_word' id='word_1_74' title='bbox 1548 700 1669 757; x_wconf 88' lang='lat' dir='ltr'><em>Domine</em></span> <span class='ocrx_word' id='word_1_75' title='bbox 1698 700 1832 759; x_wconf 84' lang='lat' dir='ltr'><em>clamavi.</em></span> 
     </span>
     <span class='ocr_line' id='line_1_6' title="bbox 118 785 1832 866; baseline -0.001 -18"><span class='ocrx_word' id='word_1_76' title='bbox 118 793 283 866; x_wconf 76' lang='lat' dir='ltr'><em>preceperit</em></span> <span class='ocrx_word' id='word_1_77' title='bbox 297 796 352 847; x_wconf 87' lang='lat' dir='ltr'><em>tam</em></span> <span class='ocrx_word' id='word_1_78' title='bbox 368 791 403 846; x_wconf 89' lang='lat' dir='ltr'><em>ad</em></span> <span class='ocrx_word' id='word_1_79' title='bbox 417 793 520 846; x_wconf 83' lang='lat' dir='ltr'><em>elerum</em></span> <span class='ocrx_word' id='word_1_80' title='bbox 535 807 617 861; x_wconf 75' lang='lat' dir='ltr'><em>queam</em></span> <span class='ocrx_word' id='word_1_81' title='bbox 631 789 666 844; x_wconf 92' lang='lat' dir='ltr'><em>nd</em></span> <span class='ocrx_word' id='word_1_82' title='bbox 679 790 848 860; x_wconf 87' lang='lat' dir='ltr'><em>poputum‚el</em></span> <span class='ocrx_word' id='word_1_83' title='bbox 862 789 948 858; x_wconf 79' lang='lat' dir='ltr'><em>saciat</em></span> <span class='ocrx_word' id='word_1_84' title='bbox 1001 785 1033 839; x_wconf 88' lang='lat' dir='ltr'><em>A.</em></span> <span class='ocrx_word' id='word_1_85' title='bbox 1050 785 1276 841; x_wconf 79' lang='lat' dir='ltr'><em>Consideraham</em></span> <span class='ocrx_word' id='word_1_86' title='bbox 1293 788 1328 841; x_wconf 88' lang='lat' dir='ltr'><em>ad</em></span> <span class='ocrx_word' id='word_1_87' title='bbox 1344 788 1551 844; x_wconf 75' lang='lat' dir='ltr'><em>dexteramd’s.</em></span> <span class='ocrx_word' id='word_1_88' title='bbox 1568 789 1648 844; x_wconf 83' lang='lat' dir='ltr'><strong>Voce</strong></span> <span class='ocrx_word' id='word_1_89' title='bbox 1664 793 1832 847; x_wconf 68' lang='lat' dir='ltr'><em>mandentia</em></span> 
     </span>
     <span class='ocr_line' id='line_1_7' title="bbox 116 873 1829 952; baseline -0.001 -14"><span class='ocrx_word' id='word_1_90' title='bbox 116 897 268 938; x_wconf 81' lang='lat' dir='ltr'><em>sermonem</em></span> <span class='ocrx_word' id='word_1_91' title='bbox 295 881 328 935; x_wconf 87' lang='lat' dir='ltr'><em>de</em></span> <span class='ocrx_word' id='word_1_92' title='bbox 358 881 526 952; x_wconf 72' lang='lat' dir='ltr'><em>confectione</em></span> <span class='ocrx_word' id='word_1_93' title='bbox 554 878 716 950; x_wconf 73' lang='lat' dir='ltr'><em>chrysmatis</em></span> <span class='ocrx_word' id='word_1_94' title='bbox 743 881 945 948; x_wconf 83' lang='lat' dir='ltr'><em>canpruentem.</em></span> <span class='ocrx_word' id='word_1_95' title='bbox 1001 889 1055 927; x_wconf 32' lang='lat' dir='ltr'><em>ason</em></span> <span class='ocrx_word' id='word_1_96' title='bbox 1073 873 1243 930; x_wconf 87' lang='lat' dir='ltr'><em>dicnlurnec</em></span> <span class='ocrx_word' id='word_1_97' title='bbox 1256 877 1829 949; x_wconf 79' lang='lat' dir='ltr'><em>uersus.Scdantipb.Crenanlibusautem.</em></span> 
     </span>
     <span class='ocr_line' id='line_1_8' title="bbox 117 962 1831 1039; baseline -0.002 -11"><span class='ocrx_word' id='word_1_98' title='bbox 117 970 418 1028; x_wconf 86' lang='lat' dir='ltr'><em>Deindeconnrrtntse</em></span> <span class='ocrx_word' id='word_1_99' title='bbox 441 968 476 1023; x_wconf 88' lang='lat' dir='ltr'><em>ad</em></span> <span class='ocrx_word' id='word_1_100' title='bbox 500 969 648 1032; x_wconf 82' lang='lat' dir='ltr'><em>Orimtcm,</em></span> <span class='ocrx_word' id='word_1_101' title='bbox 664 971 691 1022; x_wconf 87' lang='lat' dir='ltr'><em>ci</em></span> <span class='ocrx_word' id='word_1_102' title='bbox 715 968 799 1021; x_wconf 89' lang='lat' dir='ltr'><em>intret</em></span> <span class='ocrx_word' id='word_1_103' title='bbox 815 967 843 1020; x_wconf 91' lang='lat' dir='ltr'><em>in</em></span> <span class='ocrx_word' id='word_1_104' title='bbox 858 981 948 1020; x_wconf 88' lang='lat' dir='ltr'><em>consc-</em></span> <span class='ocrx_word' id='word_1_105' title='bbox 1003 963 1047 1016; x_wconf 86' lang='lat' dir='ltr'><em>i’s.</em></span> <span class='ocrx_word' id='word_1_106' title='bbox 1078 962 1257 1034; x_wconf 81' lang='lat' dir='ltr'><em>Magnifical.</em></span> <span class='ocrx_word' id='word_1_107' title='bbox 1282 965 1377 1020; x_wconf 86' lang='lat' dir='ltr'><em>Oratio</em></span> <span class='ocrx_word' id='word_1_108' title='bbox 1402 965 1437 1020; x_wconf 83' lang='lat' dir='ltr'><em>aa</em></span> <span class='ocrx_word' id='word_1_109' title='bbox 1461 969 1614 1038; x_wconf 85' lang='lat' dir='ltr'><em>l&#39;esperum.</em></span> <span class='ocrx_word' id='word_1_110' title='bbox 1643 971 1720 1023; x_wconf 86' lang='lat' dir='ltr'><em>Deus</em></span> <span class='ocrx_word' id='word_1_111' title='bbox 1748 969 1831 1039; x_wconf 75' lang='lat' dir='ltr'><em>cuijus</em></span> 
     </span>
     <span class='ocr_line' id='line_1_9' title="bbox 117 1051 1830 1130; baseline -0.001 -15"><span class='ocrx_word' id='word_1_112' title='bbox 117 1060 254 1116; x_wconf 86' lang='lat' dir='ltr'><em>cntionem</em></span> <span class='ocrx_word' id='word_1_113' title='bbox 279 1059 444 1130; x_wconf 87' lang='lat' dir='ltr'><em>principalis</em></span> <span class='ocrx_word' id='word_1_114' title='bbox 467 1058 641 1129; x_wconf 70' lang='lat' dir='ltr'><em>ctupnnutis.</em></span> <span class='ocrx_word' id='word_1_115' title='bbox 658 1059 691 1112; x_wconf 80' lang='lat' dir='ltr'><em>m</em></span> <span class='ocrx_word' id='word_1_116' title='bbox 717 1057 808 1127; x_wconf 90' lang='lat' dir='ltr'><em>primo</em></span> <span class='ocrx_word' id='word_1_117' title='bbox 835 1056 948 1109; x_wconf 86' lang='lat' dir='ltr'><em>miscral</em></span> <span class='ocrx_word' id='word_1_118' title='bbox 1005 1067 1119 1105; x_wconf 84' lang='lat' dir='ltr'><em>emnam</em></span> <span class='ocrx_word' id='word_1_119' title='bbox 1144 1051 1344 1108; x_wconf 76' lang='lat' dir='ltr'><em>sacratissima</em></span> <span class='ocrx_word' id='word_1_120' title='bbox 1358 1069 1532 1109; x_wconf 81' lang='lat' dir='ltr'>veneramur</span> <span class='ocrx_word' id='word_1_121' title='bbox 1549 1060 1580 1109; x_wconf 89' lang='lat' dir='ltr'><em>ul</em></span> <span class='ocrx_word' id='word_1_122' title='bbox 1602 1071 1635 1110; x_wconf 88' lang='lat' dir='ltr'><em>ea</em></span> <span class='ocrx_word' id='word_1_123' title='bbox 1650 1055 1732 1128; x_wconf 86' lang='lat' dir='ltr'>digni</span> <span class='ocrx_word' id='word_1_124' title='bbox 1754 1057 1830 1113; x_wconf 85' lang='lat' dir='ltr'><em>inve·</em></span> 
     </span>
     <span class='ocr_line' id='line_1_10' title="bbox 119 1139 1829 1218; baseline 0.001 -15"><span class='ocrx_word' id='word_1_125' title='bbox 119 1148 270 1204; x_wconf 79' lang='lat' dir='ltr'><em>balsamum</em></span> <span class='ocrx_word' id='word_1_126' title='bbox 284 1164 347 1202; x_wconf 88' lang='lat' dir='ltr'><em>cum</em></span> <span class='ocrx_word' id='word_1_127' title='bbox 361 1147 428 1211; x_wconf 87' lang='lat' dir='ltr'><em>oleo,</em></span> <span class='ocrx_word' id='word_1_128' title='bbox 445 1146 545 1201; x_wconf 79' lang='lat' dir='ltr'><em>etcindc</em></span> <span class='ocrx_word' id='word_1_129' title='bbox 560 1147 636 1202; x_wconf 75' lang='lat' dir='ltr'><em>berlai</em></span> <span class='ocrx_word' id='word_1_130' title='bbox 652 1151 784 1218; x_wconf 83' lang='lat' dir='ltr'><em>iersnprr</em></span> <span class='ocrx_word' id='word_1_131' title='bbox 799 1145 879 1199; x_wconf 88' lang='lat' dir='ltr'><em>illam</em></span> <span class='ocrx_word' id='word_1_132' title='bbox 893 1160 950 1198; x_wconf 79' lang='lat' dir='ltr'><em>raris·</em></span> <span class='ocrx_word' id='word_1_133' title='bbox 1005 1139 1246 1206; x_wconf 72' lang='lat' dir='ltr'><em>uisnuurmunda</em></span> <span class='ocrx_word' id='word_1_134' title='bbox 1261 1158 1315 1197; x_wconf 85' lang='lat' dir='ltr'><em>nos</em></span> <span class='ocrx_word' id='word_1_135' title='bbox 1330 1158 1498 1213; x_wconf 75' lang='lat' dir='ltr'><em>quesumus</em></span> <span class='ocrx_word' id='word_1_136' title='bbox 1512 1159 1530 1198; x_wconf 83' lang='lat' dir='ltr'><em>a</em></span> <span class='ocrx_word' id='word_1_137' title='bbox 1544 1145 1684 1200; x_wconf 87' lang='lat' dir='ltr'><em>sordibus</em></span> <span class='ocrx_word' id='word_1_138' title='bbox 1700 1153 1829 1217; x_wconf 85' lang='lat' dir='ltr'><em>peeca&#39;o·</em></span> 
     </span>
     <span class='ocr_line' id='line_1_11' title="bbox 116 1229 1829 1309; baseline 0.006 -30"><span class='ocrx_word' id='word_1_139' title='bbox 116 1236 235 1309; x_wconf 66' lang='lat' dir='ltr'><em>punam,</em></span> <span class='ocrx_word' id='word_1_140' title='bbox 252 1239 278 1290; x_wconf 61' lang='lat' dir='ltr'><em>et</em></span> <span class='ocrx_word' id='word_1_141' title='bbox 292 1236 365 1291; x_wconf 56' lang='lat' dir='ltr'><em>(lpas</em></span> <span class='ocrx_word' id='word_1_142' title='bbox 380 1237 455 1291; x_wconf 60' lang='lat' dir='ltr'><em>repra</em></span> <span class='ocrx_word' id='word_1_143' title='bbox 469 1251 532 1290; x_wconf 83' lang='lat' dir='ltr'><em>eom</em></span> <span class='ocrx_word' id='word_1_144' title='bbox 546 1253 557 1290; x_wconf 81' lang='grc'><em>,·</em></span> <span class='ocrx_word' id='word_1_145' title='bbox 1005 1229 1133 1301; x_wconf 88' lang='lat' dir='ltr'><em>rum,qui</em></span> <span class='ocrx_word' id='word_1_146' title='bbox 1150 1231 1184 1284; x_wconf 84' lang='lat' dir='ltr'><em>sd</em></span> <span class='ocrx_word' id='word_1_147' title='bbox 1201 1229 1412 1286; x_wconf 88' lang='lat' dir='ltr'><em>insinuandum</em></span> <span class='ocrx_word' id='word_1_148' title='bbox 1438 1231 1525 1303; x_wconf 78' lang='lat' dir='ltr'><em>nobis</em></span> <span class='ocrx_word' id='word_1_149' title='bbox 1544 1231 1720 1288; x_wconf 83' lang='lat' dir='ltr'><em>humilitatis</em></span> <span class='ocrx_word' id='word_1_150' title='bbox 1735 1250 1829 1290; x_wconf 80' lang='lat' dir='ltr'><em>exem·</em></span> 
     </span>
    </p>

    <p class='ocr_par' dir='ltr' id='par_1_3' title="bbox 118 1317 1834 1928">
     <span class='ocr_line' id='line_1_12' title="bbox 155 1317 1828 1395; baseline -0.001 -16"><span class='ocrx_word' id='word_1_151' title='bbox 155 1324 290 1379; x_wconf 79' lang='lat' dir='ltr'><em>Exorcizo</em></span> <span class='ocrx_word' id='word_1_152' title='bbox 307 1329 335 1379; x_wconf 87' lang='lat' dir='ltr'><em>le</em></span> <span class='ocrx_word' id='word_1_153' title='bbox 350 1328 483 1379; x_wconf 85' lang='lat' dir='ltr'><em>ereatura</em></span> <span class='ocrx_word' id='word_1_154' title='bbox 498 1322 552 1378; x_wconf 86' lang='lat' dir='ltr'><em>olei</em></span> <span class='ocrx_word' id='word_1_155' title='bbox 578 1339 629 1395; x_wconf 87' lang='lat' dir='ltr'><em>per</em></span> <span class='ocrx_word' id='word_1_156' title='bbox 648 1323 740 1377; x_wconf 86' lang='lat' dir='ltr'><em>Deum</em></span> <span class='ocrx_word' id='word_1_157' title='bbox 757 1324 870 1378; x_wconf 71' lang='lat' dir='ltr'><em>Patrem</em></span> <span class='ocrx_word' id='word_1_158' title='bbox 887 1338 949 1378; x_wconf 92' lang='lat' dir='ltr'><em>om·</em></span> <span class='ocrx_word' id='word_1_159' title='bbox 1004 1317 1085 1389; x_wconf 86' lang='lat' dir='ltr'><em>plum</em></span> <span class='ocrx_word' id='word_1_160' title='bbox 1101 1319 1828 1395; x_wconf 77' lang='lat' dir='ltr'><em>pedesluorumdignatuseslavarodiscipulorum</em></span> 
     </span>
     <span class='ocr_line' id='line_1_13' title="bbox 118 1406 1829 1486; baseline 0 -19"><span class='ocrx_word' id='word_1_161' title='bbox 118 1413 311 1486; x_wconf 81' lang='lat' dir='ltr'><em>nipotentem‚</em></span> <span class='ocrx_word' id='word_1_162' title='bbox 329 1417 383 1467; x_wconf 80' lang='lat' dir='ltr'><em>eso.</em></span> <span class='ocrx_word' id='word_1_163' title='bbox 402 1417 443 1479; x_wconf 89' lang='lat' dir='ltr'><em>(ut</em></span> <span class='ocrx_word' id='word_1_164' title='bbox 459 1417 523 1467; x_wconf 80' lang='lat' dir='ltr'><em>lons.</em></span> <span class='ocrx_word' id='word_1_165' title='bbox 540 1414 560 1465; x_wconf 89' lang='lat' dir='ltr'><em>t.</em></span> <span class='ocrx_word' id='word_1_166' title='bbox 577 1413 647 1467; x_wconf 85' lang='lat' dir='ltr'><em>lton.</em></span> <span class='ocrx_word' id='word_1_167' title='bbox 662 1428 689 1482; x_wconf 91' lang='lat' dir='ltr'><em>p.</em></span> <span class='ocrx_word' id='word_1_168' title='bbox 706 1413 762 1480; x_wconf 71' lang='lat'><strong>711.)</strong></span> <span class='ocrx_word' id='word_1_169' title='bbox 784 1416 837 1466; x_wconf 80' lang='lat' dir='ltr'><em>Por</em></span> <span class='ocrx_word' id='word_1_170' title='bbox 851 1411 950 1467; x_wconf 84' lang='lat' dir='ltr'><em>omnia</em></span> <span class='ocrx_word' id='word_1_171' title='bbox 1005 1406 1054 1477; x_wconf 90' lang='lat' dir='ltr'><em>qui</em></span> <span class='ocrx_word' id='word_1_172' title='bbox 1070 1424 1137 1461; x_wconf 91' lang='lat' dir='ltr'><em>oum</em></span> <span class='ocrx_word' id='word_1_173' title='bbox 1153 1408 1210 1463; x_wconf 91' lang='lat' dir='ltr'><em>Deo</em></span> <span class='ocrx_word' id='word_1_174' title='bbox 1227 1408 1574 1465; x_wconf 70' lang='lat' dir='ltr'><em>Putrettumautemscola</em></span> <span class='ocrx_word' id='word_1_175' title='bbox 1583 1411 1705 1481; x_wconf 87' lang='lat' dir='ltr'><em>primum</em></span> <span class='ocrx_word' id='word_1_176' title='bbox 1721 1413 1829 1484; x_wconf 83' lang='lat' dir='ltr'><em>antipa.</em></span> 
     </span>
     <span class='ocr_line' id='line_1_14' title="bbox 120 1495 1832 1571; baseline -0.001 -14"><span class='ocrx_word' id='word_1_177' title='bbox 120 1501 228 1557; x_wconf 78' lang='lat' dir='ltr'><em>seacula</em></span> <span class='ocrx_word' id='word_1_178' title='bbox 244 1499 428 1557; x_wconf 76' lang='lat' dir='ltr'><em>saeculorum.</em></span> <span class='ocrx_word' id='word_1_179' title='bbox 445 1502 548 1554; x_wconf 88' lang='lat' dir='ltr'><em>Amen.</em></span> <span class='ocrx_word' id='word_1_180' title='bbox 565 1499 707 1555; x_wconf 84' lang='lat' dir='ltr'><em>Dominus</em></span> <span class='ocrx_word' id='word_1_181' title='bbox 720 1500 868 1555; x_wconf 82' lang='lat' dir='ltr'><em>vobiso.El</em></span> <span class='ocrx_word' id='word_1_182' title='bbox 883 1518 949 1555; x_wconf 89' lang='lat' dir='ltr'><em>cum</em></span> <span class='ocrx_word' id='word_1_183' title='bbox 1004 1495 1209 1550; x_wconf 79' lang='lat' dir='ltr'><em>rtr&#39;ril.Cnlicem</em></span> <span class='ocrx_word' id='word_1_184' title='bbox 1226 1496 1478 1553; x_wconf 74' lang='lat' dir='ltr'><em>salutarisslaiim</em></span> <span class='ocrx_word' id='word_1_185' title='bbox 1493 1499 1545 1554; x_wconf 79' lang='lat' dir='ltr'><em>diro</em></span> <span class='ocrx_word' id='word_1_186' title='bbox 1560 1499 1656 1555; x_wconf 75' lang='lat' dir='ltr'><em>acoliti</em></span> <span class='ocrx_word' id='word_1_187' title='bbox 1668 1503 1832 1571; x_wconf 82' lang='lat' dir='ltr'><em>peraticum</em></span> 
     </span>
     <span class='ocr_line' id='line_1_15' title="bbox 124 1585 1832 1662; baseline -0.001 -17"><span class='ocrx_word' id='word_1_188' title='bbox 124 1589 230 1662; x_wconf 71' lang='lat' dir='ltr'><em>spiritu</em></span> <span class='ocrx_word' id='word_1_189' title='bbox 247 1589 434 1645; x_wconf 84' lang='lat' dir='ltr'><em>luo.Sursun1</em></span> <span class='ocrx_word' id='word_1_190' title='bbox 451 1589 699 1644; x_wconf 83' lang='lat' dir='ltr'><em>eordn.Hubemus</em></span> <span class='ocrx_word' id='word_1_191' title='bbox 714 1590 748 1644; x_wconf 87' lang='lat' dir='ltr'><em>nd</em></span> <span class='ocrx_word' id='word_1_192' title='bbox 768 1590 949 1644; x_wconf 71' lang='lat' dir='ltr'><em>DnuuuGrn-</em></span> <span class='ocrx_word' id='word_1_193' title='bbox 1005 1585 1092 1654; x_wconf 86' lang='lat' dir='ltr'><em>nipris</em></span> <span class='ocrx_word' id='word_1_194' title='bbox 1107 1585 1207 1639; x_wconf 87' lang='lat' dir='ltr'><em>casulis</em></span> <span class='ocrx_word' id='word_1_195' title='bbox 1222 1587 1358 1657; x_wconf 78' lang='lat' dir='ltr'><em>incipiant-</em></span> <span class='ocrx_word' id='word_1_196' title='bbox 1382 1588 1522 1658; x_wconf 68' lang='lat' dir='ltr'><em>expoliare</em></span> <span class='ocrx_word' id='word_1_197' title='bbox 1536 1589 1650 1652; x_wconf 85' lang='lat' dir='ltr'><em>altaria,</em></span> <span class='ocrx_word' id='word_1_198' title='bbox 1671 1605 1756 1660; x_wconf 79' lang='lat' dir='ltr'><em>usquc</em></span> <span class='ocrx_word' id='word_1_199' title='bbox 1769 1589 1832 1645; x_wconf 77' lang='lat' dir='ltr'><em>dean</em></span> 
     </span>
     <span class='ocr_line' id='line_1_16' title="bbox 121 1675 1833 1750; baseline 0.001 -18"><span class='ocrx_word' id='word_1_200' title='bbox 121 1678 177 1735; x_wconf 84' lang='lat' dir='ltr'><em>tias</em></span> <span class='ocrx_word' id='word_1_201' title='bbox 192 1694 315 1750; x_wconf 82' lang='lat' dir='ltr'><em>agamus</em></span> <span class='ocrx_word' id='word_1_202' title='bbox 329 1683 390 1732; x_wconf 90' lang='lat' dir='ltr'><em>Duo</em></span> <span class='ocrx_word' id='word_1_203' title='bbox 402 1678 459 1732; x_wconf 86' lang='lat' dir='ltr'><em>Deo</em></span> <span class='ocrx_word' id='word_1_204' title='bbox 470 1677 708 1750; x_wconf 81' lang='lat' dir='ltr'><em>nostroDignum</em></span> <span class='ocrx_word' id='word_1_205' title='bbox 725 1683 753 1732; x_wconf 84' lang='lat' dir='ltr'><em>et</em></span> <span class='ocrx_word' id='word_1_206' title='bbox 763 1679 879 1749; x_wconf 85' lang='lat' dir='ltr'><em>justum</em></span> <span class='ocrx_word' id='word_1_207' title='bbox 895 1681 948 1734; x_wconf 79' lang='lat' dir='ltr'><em>est.</em></span> <span class='ocrx_word' id='word_1_208' title='bbox 1004 1675 1104 1744; x_wconf 75' lang='lat' dir='ltr'><em>finitur</em></span> <span class='ocrx_word' id='word_1_209' title='bbox 1119 1691 1226 1745; x_wconf 69' lang='lat' dir='ltr'><em>rrcsprra</em></span> <span class='ocrx_word' id='word_1_210' title='bbox 1236 1680 1327 1746; x_wconf 83' lang='lat' dir='ltr'><em>postea</em></span> <span class='ocrx_word' id='word_1_211' title='bbox 1344 1677 1510 1732; x_wconf 72' lang='lat' dir='ltr'><em>telleriani</em></span> <span class='ocrx_word' id='word_1_212' title='bbox 1523 1693 1634 1748; x_wconf 81' lang='lat' dir='ltr'><em>uespera</em></span> <span class='ocrx_word' id='word_1_213' title='bbox 1646 1683 1739 1733; x_wconf 86' lang='lat' dir='ltr'><em>autem</em></span> <span class='ocrx_word' id='word_1_214' title='bbox 1755 1679 1833 1750; x_wconf 75' lang='lat' dir='ltr'><em>liujus</em></span> 
     </span>
     <span class='ocr_line' id='line_1_17' title="bbox 125 1763 1832 1859; baseline 0.001 -38"><span class='ocrx_word' id='word_1_215' title='bbox 125 1767 483 1838; x_wconf 82' lang='lat' dir='ltr'><em>Veredignumeijuslum</em></span> <span class='ocrx_word' id='word_1_216' title='bbox 500 1769 672 1838; x_wconf 76' lang='lat' dir='ltr'><em>est‚aquu1n</em></span> <span class='ocrx_word' id='word_1_217' title='bbox 689 1771 717 1821; x_wconf 83' lang='lat' dir='ltr'><em>et</em></span> <span class='ocrx_word' id='word_1_218' title='bbox 738 1765 876 1822; x_wconf 85' lang='lat' dir='ltr'><em>salutare.</em></span> <span class='ocrx_word' id='word_1_219' title='bbox 892 1767 950 1822; x_wconf 89' lang='lat' dir='ltr'><em>Nos</em></span> <span class='ocrx_word' id='word_1_220' title='bbox 964 1793 989 1859; x_wconf 77' lang='grc' dir='ltr'><strong>Β</strong></span> <span class='ocrx_word' id='word_1_221' title='bbox 1004 1763 1061 1817; x_wconf 85' lang='lat' dir='ltr'><em>dici</em></span> <span class='ocrx_word' id='word_1_222' title='bbox 1075 1764 1147 1817; x_wconf 78' lang='lat' dir='ltr'><em>rrrrdn</em></span> <span class='ocrx_word' id='word_1_223' title='bbox 1163 1768 1226 1819; x_wconf 78' lang='lat' dir='ltr'><em>stunt</em></span> <span class='ocrx_word' id='word_1_224' title='bbox 1241 1765 1342 1819; x_wconf 90' lang='lat' dir='ltr'><em>altaria</em></span> <span class='ocrx_word' id='word_1_225' title='bbox 1359 1782 1442 1837; x_wconf 78' lang='lat' dir='ltr'><em>usaue</em></span> <span class='ocrx_word' id='word_1_226' title='bbox 1456 1767 1485 1820; x_wconf 86' lang='lat' dir='ltr'><em>in</em></span> <span class='ocrx_word' id='word_1_227' title='bbox 1501 1783 1583 1822; x_wconf 82' lang='lat' dir='ltr'><em>ranrre</em></span> <span class='ocrx_word' id='word_1_228' title='bbox 1596 1767 1722 1823; x_wconf 88' lang='lat' dir='ltr'><em>sabbati:</em></span> <span class='ocrx_word' id='word_1_229' title='bbox 1735 1769 1832 1839; x_wconf 68' lang='lat' dir='ltr'><em>Exple-</em></span> 
     </span>
     <span class='ocr_line' id='line_1_18' title="bbox 122 1853 1834 1928; baseline 0 -17"><span class='ocrx_word' id='word_1_230' title='bbox 122 1856 173 1912; x_wconf 91' lang='lat' dir='ltr'><em>libi</em></span> <span class='ocrx_word' id='word_1_231' title='bbox 189 1872 305 1928; x_wconf 87' lang='lat' dir='ltr'><em>semper</em></span> <span class='ocrx_word' id='word_1_232' title='bbox 319 1861 347 1910; x_wconf 85' lang='lat' dir='ltr'><em>et</em></span> <span class='ocrx_word' id='word_1_233' title='bbox 366 1856 475 1927; x_wconf 86' lang='lat' dir='ltr'><em>ubique</em></span> <span class='ocrx_word' id='word_1_234' title='bbox 490 1854 600 1927; x_wconf 83' lang='lat' dir='ltr'><em>gratias</em></span> <span class='ocrx_word' id='word_1_235' title='bbox 615 1870 710 1926; x_wconf 81' lang='lat' dir='ltr'><em>agere,</em></span> <span class='ocrx_word' id='word_1_236' title='bbox 727 1859 781 1910; x_wconf 87' lang='lat' dir='ltr'><em>ela.</em></span> <span class='ocrx_word' id='word_1_237' title='bbox 799 1855 847 1926; x_wconf 87' lang='lat' dir='ltr'><em>(ib.</em></span> <span class='ocrx_word' id='word_1_238' title='bbox 862 1856 949 1927; x_wconf 73' lang='lat' dir='ltr'><em>pro.)</em></span> <span class='ocrx_word' id='word_1_239' title='bbox 1006 1853 1180 1907; x_wconf 88' lang='lat' dir='ltr'><em>lisam-nibus</em></span> <span class='ocrx_word' id='word_1_240' title='bbox 1205 1854 1327 1924; x_wconf 86' lang='lat' dir='ltr'><em>procedit</em></span> <span class='ocrx_word' id='word_1_241' title='bbox 1355 1855 1470 1909; x_wconf 81' lang='lat' dir='ltr'><em>doninus</em></span> <span class='ocrx_word' id='word_1_242' title='bbox 1496 1856 1642 1927; x_wconf 70' lang='lat' dir='ltr'><em>Episcopus</em></span> <span class='ocrx_word' id='word_1_243' title='bbox 1669 1873 1732 1911; x_wconf 81' lang='lat' dir='ltr'><em>earn</em></span> <span class='ocrx_word' id='word_1_244' title='bbox 1760 1858 1834 1912; x_wconf 85' lang='lat' dir='ltr'><em>ornm&#39;</em></span> 
     </span>
    </p>

    <p class='ocr_par' dir='ltr' id='par_1_4' title="bbox 34 1941 1833 2640">
     <span class='ocr_line' id='line_1_19' title="bbox 158 1941 1833 2017; baseline 0.001 -17"><span class='ocrx_word' id='word_1_245' title='bbox 158 1947 251 2000; x_wconf 81' lang='lat' dir='ltr'><em>Finita</em></span> <span class='ocrx_word' id='word_1_246' title='bbox 292 1945 480 2000; x_wconf 84' lang='lat' dir='ltr'><em>benedictione</em></span> <span class='ocrx_word' id='word_1_247' title='bbox 519 1946 633 1999; x_wconf 78' lang='lat' dir='ltr'><em>claranus</em></span> <span class='ocrx_word' id='word_1_248' title='bbox 670 1946 813 2017; x_wconf 73' lang='lat' dir='ltr'><em>Episcopus</em></span> <span class='ocrx_word' id='word_1_249' title='bbox 850 1946 950 2000; x_wconf 82' lang='lat' dir='ltr'><em>salutet</em></span> <span class='ocrx_word' id='word_1_250' title='bbox 1004 1941 1149 1997; x_wconf 75' lang='lat' dir='ltr'><em>alteritate</em></span> <span class='ocrx_word' id='word_1_251' title='bbox 1163 1960 1225 1997; x_wconf 80' lang='lat' dir='ltr'><em>cram</em></span> <span class='ocrx_word' id='word_1_252' title='bbox 1238 1944 1397 2015; x_wconf 86' lang='lat' dir='ltr'><em>presbiteris</em></span> <span class='ocrx_word' id='word_1_253' title='bbox 1411 1949 1437 2000; x_wconf 90' lang='lat' dir='ltr'><em>ct</em></span> <span class='ocrx_word' id='word_1_254' title='bbox 1450 1946 1523 2000; x_wconf 81' lang='lat' dir='ltr'><em>clero</em></span> <span class='ocrx_word' id='word_1_255' title='bbox 1536 1946 1562 1999; x_wconf 91' lang='lat' dir='ltr'><em>si</em></span> <span class='ocrx_word' id='word_1_256' title='bbox 1576 1945 1635 2000; x_wconf 84' lang='lat' dir='ltr'><em>rull</em></span> <span class='ocrx_word' id='word_1_257' title='bbox 1650 1946 1833 2017; x_wconf 82' lang='lat' dir='ltr'><em>antcmlposl</em></span> 
     </span>
     <span class='ocr_line' id='line_1_20' title="bbox 123 2031 1832 2106; baseline -0.001 -15"><span class='ocrx_word' id='word_1_258' title='bbox 123 2033 247 2091; x_wconf 86' lang='lat' dir='ltr'><em>Cbrisma</em></span> <span class='ocrx_word' id='word_1_259' title='bbox 261 2034 367 2090; x_wconf 85' lang='lat' dir='ltr'><em>nmium</em></span> <span class='ocrx_word' id='word_1_260' title='bbox 379 2038 405 2089; x_wconf 90' lang='lat' dir='ltr'><em>cl</em></span> <span class='ocrx_word' id='word_1_261' title='bbox 419 2035 543 2089; x_wconf 83' lang='lat' dir='ltr'><em>ministri</em></span> <span class='ocrx_word' id='word_1_262' title='bbox 556 2036 604 2106; x_wconf 75' lang='lat' dir='ltr'><em>arri</em></span> <span class='ocrx_word' id='word_1_263' title='bbox 613 2034 697 2104; x_wconf 76' lang='lat' dir='ltr'><em>juata</em></span> <span class='ocrx_word' id='word_1_264' title='bbox 712 2051 774 2089; x_wconf 80' lang='lat' dir='ltr'><em>euni</em></span> <span class='ocrx_word' id='word_1_265' title='bbox 792 2039 895 2100; x_wconf 67' lang='lat' dir='ltr'><em>sir-alet</em></span> <span class='ocrx_word' id='word_1_266' title='bbox 909 2035 950 2089; x_wconf 88' lang='lat' dir='ltr'><em>ila</em></span> <span class='ocrx_word' id='word_1_267' title='bbox 1003 2031 1094 2086; x_wconf 83' lang='lat' dir='ltr'><em>eibum</em></span> <span class='ocrx_word' id='word_1_268' title='bbox 1109 2032 1143 2086; x_wconf 91' lang='lat' dir='ltr'><em>ad</em></span> <span class='ocrx_word' id='word_1_269' title='bbox 1159 2033 1247 2087; x_wconf 79' lang='lat' dir='ltr'><em>lacuna</em></span> <span class='ocrx_word' id='word_1_270' title='bbox 1261 2034 1309 2088; x_wconf 89' lang='lat' dir='ltr'><em>nbi</em></span> <span class='ocrx_word' id='word_1_271' title='bbox 1327 2034 1489 2089; x_wconf 90' lang='lat' dir='ltr'><em>mandatnm</em></span> <span class='ocrx_word' id='word_1_272' title='bbox 1512 2035 1571 2089; x_wconf 85' lang='lat' dir='ltr'><em>oali</em></span> <span class='ocrx_word' id='word_1_273' title='bbox 1592 2036 1735 2106; x_wconf 81' lang='lat' dir='ltr'><em>perficere.</em></span> <span class='ocrx_word' id='word_1_274' title='bbox 1761 2037 1832 2092; x_wconf 70' lang='lat' dir='ltr'><em>ilaus</em></span> 
     </span>
     <span class='ocr_line' id='line_1_21' title="bbox 122 2121 1833 2196; baseline 0.001 -18"><span class='ocrx_word' id='word_1_275' title='bbox 122 2125 224 2178; x_wconf 85' lang='lat' dir='ltr'><em>ilerum</em></span> <span class='ocrx_word' id='word_1_276' title='bbox 236 2139 286 2194; x_wconf 86' lang='lat' dir='ltr'><em>per</em></span> <span class='ocrx_word' id='word_1_277' title='bbox 300 2123 424 2178; x_wconf 87' lang='lat' dir='ltr'><em>ordinem</em></span> <span class='ocrx_word' id='word_1_278' title='bbox 439 2123 588 2189; x_wconf 63' lang='lat' dir='ltr'><em>‹lesceruled</em></span> <span class='ocrx_word' id='word_1_279' title='bbox 613 2124 684 2177; x_wconf 88' lang='lat' dir='ltr'><em>sicat</em></span> <span class='ocrx_word' id='word_1_280' title='bbox 706 2123 836 2178; x_wconf 83' lang='lat' dir='ltr'><em>ascendii.</em></span> <span class='ocrx_word' id='word_1_281' title='bbox 858 2126 889 2178; x_wconf 77' lang='lat' dir='ltr'><em>ni</em></span> <span class='ocrx_word' id='word_1_282' title='bbox 913 2128 950 2178; x_wconf 86' lang='lat' dir='ltr'><em>te·</em></span> <span class='ocrx_word' id='word_1_283' title='bbox 1004 2138 1038 2175; x_wconf 79' lang='lat' dir='ltr'><em>ee</em></span> <span class='ocrx_word' id='word_1_284' title='bbox 1051 2121 1223 2177; x_wconf 88' lang='lat' dir='ltr'><em>subdiaconis</em></span> <span class='ocrx_word' id='word_1_285' title='bbox 1237 2139 1299 2177; x_wconf 76' lang='lat' dir='ltr'><em>curra</em></span> <span class='ocrx_word' id='word_1_286' title='bbox 1322 2125 1473 2193; x_wconf 79' lang='lat' dir='ltr'><em>Dennprtio</em></span> <span class='ocrx_word' id='word_1_287' title='bbox 1496 2128 1522 2178; x_wconf 86' lang='lat' dir='ltr'><em>ei</em></span> <span class='ocrx_word' id='word_1_288' title='bbox 1534 2126 1618 2196; x_wconf 74' lang='lat' dir='ltr'><em>pruni</em></span> <span class='ocrx_word' id='word_1_289' title='bbox 1638 2140 1702 2178; x_wconf 82' lang='lat' dir='ltr'><em>cunr</em></span> <span class='ocrx_word' id='word_1_290' title='bbox 1715 2141 1794 2179; x_wconf 75' lang='lat' dir='ltr'><em>errice</em></span> <span class='ocrx_word' id='word_1_291' title='bbox 1807 2129 1833 2180; x_wconf 87' lang='lat' dir='ltr'><em>el</em></span> 
     </span>
     <span class='ocr_line' id='line_1_22' title="bbox 34 2203 1832 2284; baseline 0.001 -18"><span class='ocrx_word' id='word_1_292' title='bbox 34 2231 38 2248; x_wconf 88' lang='lat'><em>·</em></span> <span class='ocrx_word' id='word_1_293' title='bbox 121 2216 203 2267; x_wconf 73' lang='lat' dir='ltr'><em>ruente</em></span> <span class='ocrx_word' id='word_1_294' title='bbox 218 2213 372 2284; x_wconf 76' lang='lat' dir='ltr'><em>ampullam</em></span> <span class='ocrx_word' id='word_1_295' title='bbox 398 2213 510 2267; x_wconf 85' lang='lat' dir='ltr'><em>accolito</em></span> <span class='ocrx_word' id='word_1_296' title='bbox 534 2211 674 2282; x_wconf 75' lang='lat' dir='ltr'><em>elct&#39;cratur</em></span> <span class='ocrx_word' id='word_1_297' title='bbox 688 2213 812 2267; x_wconf 86' lang='lat' dir='ltr'><em>ararn&#39;bns</em></span> <span class='ocrx_word' id='word_1_298' title='bbox 826 2217 950 2282; x_wconf 85' lang='lat' dir='ltr'><em>cooperta</em></span> <span class='ocrx_word' id='word_1_299' title='bbox 1003 2203 1105 2266; x_wconf 86' lang='lat' dir='ltr'><em>dnobus</em></span> <span class='ocrx_word' id='word_1_300' title='bbox 1119 2213 1204 2266; x_wconf 87' lang='lat' dir='ltr'><em>cercis</em></span> <span class='ocrx_word' id='word_1_301' title='bbox 1218 2211 1378 2266; x_wconf 76' lang='lat' dir='ltr'><em>ardentibus</em></span> <span class='ocrx_word' id='word_1_302' title='bbox 1392 2216 1419 2266; x_wconf 88' lang='lat' dir='ltr'><em>ei</em></span> <span class='ocrx_word' id='word_1_303' title='bbox 1433 2214 1552 2277; x_wconf 84' lang='lat' dir='ltr'><em>incenso,</em></span> <span class='ocrx_word' id='word_1_304' title='bbox 1566 2214 1662 2284; x_wconf 88' lang='lat' dir='ltr'><em>parali</em></span> <span class='ocrx_word' id='word_1_305' title='bbox 1683 2214 1832 2284; x_wconf 78' lang='lat' dir='ltr'><em>procedam</em></span> 
     </span>
     <span class='ocr_line' id='line_1_23' title="bbox 122 2300 1832 2372; baseline 0.001 -17"><span class='ocrx_word' id='word_1_306' title='bbox 122 2301 158 2355; x_wconf 90' lang='lat' dir='ltr'><em>od</em></span> <span class='ocrx_word' id='word_1_307' title='bbox 172 2300 349 2355; x_wconf 88' lang='lat' dir='ltr'><em>salutandum</em></span> <span class='ocrx_word' id='word_1_308' title='bbox 362 2317 411 2370; x_wconf 90' lang='lat' dir='ltr'><em>per</em></span> <span class='ocrx_word' id='word_1_309' title='bbox 425 2300 559 2364; x_wconf 85' lang='lat' dir='ltr'><em>ordinem,</em></span> <span class='ocrx_word' id='word_1_310' title='bbox 576 2304 606 2354; x_wconf 90' lang='lat' dir='ltr'><em>ut</em></span> <span class='ocrx_word' id='word_1_311' title='bbox 620 2318 637 2354; x_wconf 92' lang='lat' dir='ltr'><em>a</em></span> <span class='ocrx_word' id='word_1_312' title='bbox 651 2301 844 2356; x_wconf 74' lang='lat' dir='ltr'><em>reinducenda</em></span> <span class='ocrx_word' id='word_1_313' title='bbox 859 2302 950 2355; x_wconf 84' lang='lat' dir='ltr'><em>uidea-</em></span> <span class='ocrx_word' id='word_1_314' title='bbox 1003 2317 1065 2354; x_wconf 74' lang='lat' dir='ltr'><em>clerte</em></span> <span class='ocrx_word' id='word_1_315' title='bbox 1079 2300 1274 2355; x_wconf 84' lang='lat' dir='ltr'><em>arctsirliadono</em></span> <span class='ocrx_word' id='word_1_316' title='bbox 1289 2302 1319 2354; x_wconf 89' lang='lat' dir='ltr'><em>in</em></span> <span class='ocrx_word' id='word_1_317' title='bbox 1333 2302 1422 2355; x_wconf 88' lang='lat' dir='ltr'><em>locum</em></span> <span class='ocrx_word' id='word_1_318' title='bbox 1436 2302 1484 2356; x_wconf 86' lang='lat' dir='ltr'><em>ubi</em></span> <span class='ocrx_word' id='word_1_319' title='bbox 1496 2304 1597 2372; x_wconf 73' lang='lat' dir='ltr'><em>[ratres</em></span> <span class='ocrx_word' id='word_1_320' title='bbox 1612 2301 1647 2356; x_wconf 80' lang='lat' dir='ltr'><em>acl</em></span> <span class='ocrx_word' id='word_1_321' title='bbox 1668 2303 1832 2357; x_wconf 83' lang='lat' dir='ltr'><em>renudatum</em></span> 
     </span>
     <span class='ocr_line' id='line_1_24' title="bbox 123 2389 1830 2462; baseline 0.001 -18"><span class='ocrx_word' id='word_1_322' title='bbox 123 2394 178 2444; x_wconf 87' lang='lat' dir='ltr'><em>tur.</em></span> <span class='ocrx_word' id='word_1_323' title='bbox 195 2391 248 2445; x_wconf 87' lang='lat' dir='ltr'><em>iloc</em></span> <span class='ocrx_word' id='word_1_324' title='bbox 261 2392 353 2443; x_wconf 79' lang='lat' dir='ltr'><em>auiam</em></span> <span class='ocrx_word' id='word_1_325' title='bbox 368 2390 440 2459; x_wconf 79' lang='lat' dir='ltr'><em>tireio</em></span> <span class='ocrx_word' id='word_1_326' title='bbox 454 2405 558 2443; x_wconf 87' lang='lat' dir='ltr'><em>summo</em></span> <span class='ocrx_word' id='word_1_327' title='bbox 574 2389 675 2444; x_wconf 77' lang='lat' dir='ltr'><em>licrnorc</em></span> <span class='ocrx_word' id='word_1_328' title='bbox 688 2394 950 2460; x_wconf 79' lang='lat' dir='ltr'><em>procuretur,usque</em></span> <span class='ocrx_word' id='word_1_329' title='bbox 1003 2391 1177 2444; x_wconf 82' lang='lat' dir='ltr'><em>conueniunt.</em></span> <span class='ocrx_word' id='word_1_330' title='bbox 1202 2391 1234 2444; x_wconf 81' lang='lat' dir='ltr'><em>Et</em></span> <span class='ocrx_word' id='word_1_331' title='bbox 1260 2391 1350 2461; x_wconf 90' lang='lat' dir='ltr'><em>primo</em></span> <span class='ocrx_word' id='word_1_332' title='bbox 1377 2391 1501 2445; x_wconf 87' lang='lat' dir='ltr'><em>ornaimn</em></span> <span class='ocrx_word' id='word_1_333' title='bbox 1529 2391 1632 2459; x_wconf 80' lang='lat' dir='ltr'><em>lepitur</em></span> <span class='ocrx_word' id='word_1_334' title='bbox 1655 2391 1830 2462; x_wconf 73' lang='lat' dir='ltr'><em>erranpetium</em></span> 
     </span>
     <span class='ocr_line' id='line_1_25' title="bbox 122 2477 1830 2552; baseline 0.002 -20"><span class='ocrx_word' id='word_1_335' title='bbox 122 2477 187 2532; x_wconf 78' lang='lat' dir='ltr'><em>rtrum</em></span> <span class='ocrx_word' id='word_1_336' title='bbox 201 2478 290 2532; x_wconf 81' lang='lat' dir='ltr'><em>alleca</em></span> <span class='ocrx_word' id='word_1_337' title='bbox 303 2478 426 2547; x_wconf 83' lang='lat' dir='ltr'><em>arnputia</em></span> <span class='ocrx_word' id='word_1_338' title='bbox 441 2477 568 2532; x_wconf 48' lang='lat' dir='ltr'><em>aiscvandat-</em></span> <span class='ocrx_word' id='word_1_339' title='bbox 583 2482 610 2532; x_wconf 88' lang='lat' dir='ltr'><em>et</em></span> <span class='ocrx_word' id='word_1_340' title='bbox 633 2479 735 2532; x_wconf 86' lang='lat' dir='ltr'><em>ilerum</em></span> <span class='ocrx_word' id='word_1_341' title='bbox 750 2478 902 2541; x_wconf 72' lang='lat' dir='ltr'><em>descendat,</em></span> <span class='ocrx_word' id='word_1_342' title='bbox 919 2482 949 2533; x_wconf 90' lang='lat' dir='ltr'><em>ut</em></span> <span class='ocrx_word' id='word_1_343' title='bbox 1002 2478 1150 2533; x_wconf 84' lang='lat' dir='ltr'><em>secandum</em></span> <span class='ocrx_word' id='word_1_344' title='bbox 1164 2480 1307 2545; x_wconf 84' lang='lat' dir='ltr'><em>loannem,</em></span> <span class='ocrx_word' id='word_1_345' title='bbox 1324 2481 1396 2534; x_wconf 85' lang='lat' dir='ltr'><em>Aule</em></span> <span class='ocrx_word' id='word_1_346' title='bbox 1409 2480 1486 2534; x_wconf 90' lang='lat' dir='ltr'><em>diem</em></span> <span class='ocrx_word' id='word_1_347' title='bbox 1498 2482 1604 2534; x_wconf 86' lang='lat' dir='ltr'><em>ieslum</em></span> <span class='ocrx_word' id='word_1_348' title='bbox 1622 2480 1830 2552; x_wconf 69' lang='lat' dir='ltr'><em>pascendum</em></span> 
     </span>
     <span class='ocr_line' id='line_1_26' title="bbox 124 2565 1829 2640; baseline 0.001 -19"><span class='ocrx_word' id='word_1_349' title='bbox 124 2567 211 2621; x_wconf 80' lang='lat' dir='ltr'><em>umba</em></span> <span class='ocrx_word' id='word_1_350' title='bbox 226 2565 374 2637; x_wconf 81' lang='lat' dir='ltr'><em>bonom&#39;pice</em></span> <span class='ocrx_word' id='word_1_351' title='bbox 388 2566 422 2620; x_wconf 90' lang='lat' dir='ltr'><em>nd</em></span> <span class='ocrx_word' id='word_1_352' title='bbox 438 2567 524 2620; x_wconf 81' lang='lat' dir='ltr'><em>lacuna</em></span> <span class='ocrx_word' id='word_1_353' title='bbox 540 2583 619 2621; x_wconf 88' lang='lat' dir='ltr'><em>snam</em></span> <span class='ocrx_word' id='word_1_354' title='bbox 634 2567 756 2622; x_wconf 85' lang='lat' dir='ltr'><em>rntennt.</em></span> <span class='ocrx_word' id='word_1_355' title='bbox 1002 2568 1136 2638; x_wconf 75' lang='lat' dir='ltr'><em>fratribus</em></span> <span class='ocrx_word' id='word_1_356' title='bbox 1150 2572 1245 2622; x_wconf 74' lang='lat' dir='ltr'><em>murino</em></span> <span class='ocrx_word' id='word_1_357' title='bbox 1258 2585 1314 2623; x_wconf 86' lang='lat' dir='ltr'><em>sose</em></span> <span class='ocrx_word' id='word_1_358' title='bbox 1338 2569 1493 2623; x_wconf 87' lang='lat' dir='ltr'><em>lauant-ibus</em></span> <span class='ocrx_word' id='word_1_359' title='bbox 1507 2572 1658 2623; x_wconf 88' lang='lat' dir='ltr'><em>cantantur</em></span> <span class='ocrx_word' id='word_1_360' title='bbox 1672 2569 1782 2640; x_wconf 69' lang='lat' dir='ltr'><em>anuph,</em></span> <span class='ocrx_word' id='word_1_361' title='bbox 1796 2569 1829 2623; x_wconf 83' lang='lat' dir='ltr'><em>dc</em></span> 
     </span>
    </p>
   </div>
   <div class='ocr_carea' id='block_1_3' title="bbox 398 2698 673 2739">
    <p class='ocr_par' dir='ltr' id='par_1_5' title="bbox 398 2698 673 2739">
     <span class='ocr_line' id='line_1_27' title="bbox 398 2698 673 2739; baseline -0.004 -3"><span class='ocrx_word' id='word_1_362' title='bbox 398 2699 580 2739; x_wconf 75' lang='lat' dir='ltr'><em>uxouulsuus</em></span> <span class='ocrx_word' id='word_1_363' title='bbox 600 2698 673 2737; x_wconf 74' lang='lat' dir='ltr'><em>oum.</em></span> 
     </span>
    </p>
   </div>
   <div class='ocr_carea' id='block_1_4' title="bbox 122 2788 949 3130">
    <p class='ocr_par' dir='ltr' id='par_1_6' title="bbox 122 2788 949 3130">
     <span class='ocr_line' id='line_1_28' title="bbox 159 2788 949 2861; baseline 0.003 -16"><span class='ocrx_word' id='word_1_364' title='bbox 159 2788 341 2845; x_wconf 85' lang='lat' dir='ltr'><em>Descendenlc</em></span> <span class='ocrx_word' id='word_1_365' title='bbox 362 2794 455 2845; x_wconf 86' lang='lat' dir='ltr'><em>aulem</em></span> <span class='ocrx_word' id='word_1_366' title='bbox 469 2791 591 2861; x_wconf 87' lang='lat' dir='ltr'><em>arnpulla</em></span> <span class='ocrx_word' id='word_1_367' title='bbox 607 2807 668 2845; x_wconf 81' lang='lat' dir='ltr'><em>curn</em></span> <span class='ocrx_word' id='word_1_368' title='bbox 689 2790 841 2847; x_wconf 77' lang='lat' dir='ltr'><em>Cirrinnate</em></span> <span class='ocrx_word' id='word_1_369' title='bbox 855 2794 949 2847; x_wconf 88' lang='lat' dir='ltr'><em>statim</em></span> 
     </span>
     <span class='ocr_line' id='line_1_29' title="bbox 124 2878 949 2952; baseline 0.002 -17"><span class='ocrx_word' id='word_1_370' title='bbox 124 2878 182 2935; x_wconf 90' lang='lat' dir='ltr'><em>alia</em></span> <span class='ocrx_word' id='word_1_371' title='bbox 196 2896 258 2933; x_wconf 86' lang='lat' dir='ltr'><em>eum</em></span> <span class='ocrx_word' id='word_1_372' title='bbox 273 2879 330 2934; x_wconf 89' lang='lat' dir='ltr'><em>olco</em></span> <span class='ocrx_word' id='word_1_373' title='bbox 354 2881 585 2935; x_wconf 83' lang='lat' dir='ltr'><em>catecuminorum</em></span> <span class='ocrx_word' id='word_1_374' title='bbox 601 2885 724 2952; x_wconf 89' lang='lat' dir='ltr'><em>cooperta</em></span> <span class='ocrx_word' id='word_1_375' title='bbox 739 2881 866 2937; x_wconf 79' lang='lat' dir='ltr'><em>ascendut</em></span> <span class='ocrx_word' id='word_1_376' title='bbox 879 2883 949 2938; x_wconf 83' lang='lat' dir='ltr'><em>sicul</em></span> 
     </span>
     <span class='ocr_line' id='line_1_30' title="bbox 122 2969 949 3042; baseline 0.006 -21"><span class='ocrx_word' id='word_1_377' title='bbox 122 2969 201 3039; x_wconf 91' lang='lat' dir='ltr'><em>prior</em></span> <span class='ocrx_word' id='word_1_378' title='bbox 216 2983 299 3039; x_wconf 78' lang='lat' dir='ltr'><em>usquc</em></span> <span class='ocrx_word' id='word_1_379' title='bbox 312 2971 377 3022; x_wconf 86' lang='lat' dir='ltr'><em>unte</em></span> <span class='ocrx_word' id='word_1_380' title='bbox 399 2970 569 3040; x_wconf 84' lang='lat' dir='ltr'><em>Episcopum.</em></span> <span class='ocrx_word' id='word_1_381' title='bbox 595 2971 628 3023; x_wconf 77' lang='lat' dir='ltr'><em>ur</em></span> <span class='ocrx_word' id='word_1_382' title='bbox 651 2970 776 3024; x_wconf 70' lang='lat' dir='ltr'><em>bulioiin</em></span> <span class='ocrx_word' id='word_1_383' title='bbox 801 2973 888 3042; x_wconf 84' lang='lat' dir='ltr'><em>r&#39;psam</em></span> <span class='ocrx_word' id='word_1_384' title='bbox 908 2977 949 3028; x_wconf 84' lang='lat' dir='ltr'><em>ter</em></span> 
     </span>
     <span class='ocr_line' id='line_1_31' title="bbox 124 3057 946 3130; baseline 0.006 -20"><span class='ocrx_word' id='word_1_385' title='bbox 124 3057 194 3111; x_wconf 88' lang='lat' dir='ltr'><em>sicui</em></span> <span class='ocrx_word' id='word_1_386' title='bbox 210 3057 238 3110; x_wconf 88' lang='lat' dir='ltr'><em>ia</em></span> <span class='ocrx_word' id='word_1_387' title='bbox 250 3057 433 3127; x_wconf 81' lang='lat' dir='ltr'><em>pm&#39;orern‚sed</em></span> <span class='ocrx_word' id='word_1_388' title='bbox 448 3058 531 3112; x_wconf 89' lang='lat' dir='ltr'><em>tacite</em></span> <span class='ocrx_word' id='word_1_389' title='bbox 544 3058 641 3113; x_wconf 85' lang='lat' dir='ltr'><em>antiae</em></span> <span class='ocrx_word' id='word_1_390' title='bbox 654 3075 706 3130; x_wconf 80' lang='lat' dir='ltr'><em>quo</em></span> <span class='ocrx_word' id='word_1_391' title='bbox 720 3075 803 3130; x_wconf 88' lang='lat' dir='ltr'><em>supra</em></span> <span class='ocrx_word' id='word_1_392' title='bbox 817 3061 946 3127; x_wconf 85' lang='lat' dir='ltr'><em>delatam,</em></span> 
     </span>
    </p>
   </div>
   <div class='ocr_carea' id='block_1_5' title="bbox 125 3145 985 3229">
    <p class='ocr_par' dir='ltr' id='par_1_7' title="bbox 125 3145 985 3229">
     <span class='ocr_line' id='line_1_32' title="bbox 125 3145 985 3229; baseline 0.001 -28"><span class='ocrx_word' id='word_1_393' title='bbox 125 3149 152 3201; x_wconf 86' lang='lat' dir='ltr'><em>ei</em></span> <span class='ocrx_word' id='word_1_394' title='bbox 167 3145 304 3216; x_wconf 86' lang='lat' dir='ltr'><em>imprimis</em></span> <span class='ocrx_word' id='word_1_395' title='bbox 318 3145 404 3216; x_wconf 71' lang='lat' dir='ltr'><em>[acini</em></span> <span class='ocrx_word' id='word_1_396' title='bbox 419 3146 446 3200; x_wconf 83' lang='lat' dir='ltr'><em>ci</em></span> <span class='ocrx_word' id='word_1_397' title='bbox 459 3147 650 3211; x_wconf 79' lang='lat' dir='ltr'><em>eeercisrnnm,</em></span> <span class='ocrx_word' id='word_1_398' title='bbox 676 3150 702 3202; x_wconf 85' lang='lat' dir='ltr'><em>ei</em></span> <span class='ocrx_word' id='word_1_399' title='bbox 726 3147 865 3203; x_wconf 81' lang='lat' dir='ltr'><em>trerrcdicnl</em></span> <span class='ocrx_word' id='word_1_400' title='bbox 888 3160 985 3229; x_wconf 73' lang='lat' dir='ltr'><em>rensc</em></span> 
     </span>
    </p>
   </div>
   <div class='ocr_carea' id='block_1_6' title="bbox 47 3234 947 5715">
    <p class='ocr_par' dir='ltr' id='par_1_8' title="bbox 124 3234 475 3307">
     <span class='ocr_line' id='line_1_33' title="bbox 124 3234 475 3307; baseline 0.003 -18"><span class='ocrx_word' id='word_1_401' title='bbox 124 3235 203 3307; x_wconf 81' lang='lat' dir='ltr'><em>qumi</em></span> <span class='ocrx_word' id='word_1_402' title='bbox 217 3234 307 3306; x_wconf 83' lang='lat' dir='ltr'><em>lepras</em></span> <span class='ocrx_word' id='word_1_403' title='bbox 322 3235 475 3291; x_wconf 85' lang='lat' dir='ltr'><em>lectionem.</em></span> 
     </span>
    </p>

    <p class='ocr_par' dir='ltr' id='par_1_9' title="bbox 123 3323 947 3488">
     <span class='ocr_line' id='line_1_34' title="bbox 158 3323 947 3384; baseline 0.006 -6"><span class='ocrx_word' id='word_1_404' title='bbox 158 3323 293 3379; x_wconf 80' lang='lat' dir='ltr'><em>Exoroizo</em></span> <span class='ocrx_word' id='word_1_405' title='bbox 308 3327 334 3380; x_wconf 88' lang='lat' dir='ltr'><em>lo</em></span> <span class='ocrx_word' id='word_1_406' title='bbox 350 3329 482 3380; x_wconf 86' lang='lat' dir='ltr'><em>creatura</em></span> <span class='ocrx_word' id='word_1_407' title='bbox 507 3323 561 3381; x_wconf 86' lang='lat' dir='ltr'><em>olai</em></span> <span class='ocrx_word' id='word_1_408' title='bbox 587 3325 615 3380; x_wconf 89' lang='lat' dir='ltr'><em>in</em></span> <span class='ocrx_word' id='word_1_409' title='bbox 646 3325 763 3381; x_wconf 87' lang='lat' dir='ltr'><em>nomine</em></span> <span class='ocrx_word' id='word_1_410' title='bbox 786 3325 836 3381; x_wconf 89' lang='lat' dir='ltr'><em>Dei</em></span> <span class='ocrx_word' id='word_1_411' title='bbox 852 3327 947 3384; x_wconf 84' lang='lat' dir='ltr'><em>Patris</em></span> 
     </span>
     <span class='ocr_line' id='line_1_35' title="bbox 123 3413 875 3488; baseline 0 -17"><span class='ocrx_word' id='word_1_412' title='bbox 123 3413 333 3487; x_wconf 74' lang='lat' dir='ltr'><em>omnipotentis</em></span> <span class='ocrx_word' id='word_1_413' title='bbox 348 3417 402 3470; x_wconf 87' lang='lat' dir='ltr'><em>elo.</em></span> <span class='ocrx_word' id='word_1_414' title='bbox 420 3413 502 3486; x_wconf 75' lang='lat' dir='ltr'><em>(Tonu</em></span> <span class='ocrx_word' id='word_1_415' title='bbox 520 3415 614 3470; x_wconf 84' lang='lat' dir='ltr'><em>Ibion.</em></span> <span class='ocrx_word' id='word_1_416' title='bbox 629 3434 692 3487; x_wconf 80' lang='lat' dir='ltr'><em>pap.</em></span> <span class='ocrx_word' id='word_1_417' title='bbox 708 3417 752 3471; x_wconf 77' lang='lat' dir='ltr'><em>m.</em></span> <span class='ocrx_word' id='word_1_418' title='bbox 770 3416 820 3471; x_wconf 89' lang='lat' dir='ltr'><em>col.</em></span> <span class='ocrx_word' id='word_1_419' title='bbox 839 3417 875 3488; x_wconf 83' lang='lat'><em>1.)</em></span> 
     </span>
    </p>

    <p class='ocr_par' dir='ltr' id='par_1_10' title="bbox 121 3502 946 3664">
     <span class='ocr_line' id='line_1_36' title="bbox 158 3502 946 3563; baseline 0.005 -6"><span class='ocrx_word' id='word_1_420' title='bbox 158 3502 315 3558; x_wconf 80' lang='lat' dir='ltr'><em>Treaedical</em></span> <span class='ocrx_word' id='word_1_421' title='bbox 330 3502 472 3559; x_wconf 87' lang='lat' dir='ltr'><em>Dominus</em></span> <span class='ocrx_word' id='word_1_422' title='bbox 497 3503 657 3561; x_wconf 76' lang='lat' dir='ltr'><em>vobiscum.</em></span> <span class='ocrx_word' id='word_1_423' title='bbox 682 3505 759 3563; x_wconf 87' lang='lat' dir='ltr'><em>Deus</em></span> <span class='ocrx_word' id='word_1_424' title='bbox 784 3505 946 3563; x_wconf 88' lang='lat' dir='ltr'><em>incremen-</em></span> 
     </span>
     <span class='ocr_line' id='line_1_37' title="bbox 121 3592 515 3664; baseline 0 -16"><span class='ocrx_word' id='word_1_425' title='bbox 121 3595 229 3660; x_wconf 82' lang='lat' dir='ltr'><em>torum,</em></span> <span class='ocrx_word' id='word_1_426' title='bbox 246 3596 300 3648; x_wconf 86' lang='lat' dir='ltr'><em>eto.</em></span> <span class='ocrx_word' id='word_1_427' title='bbox 317 3592 365 3664; x_wconf 86' lang='lat' dir='ltr'><em>(ib.</em></span> <span class='ocrx_word' id='word_1_428' title='bbox 379 3609 443 3664; x_wconf 84' lang='lat' dir='ltr'><em>pap.</em></span> <span class='ocrx_word' id='word_1_429' title='bbox 459 3595 515 3661; x_wconf 81' lang='lat'>75.)</span> 
     </span>
    </p>

    <p class='ocr_par' dir='ltr' id='par_1_11' title="bbox 110 3680 947 5270">
     <span class='ocr_line' id='line_1_38' title="bbox 159 3680 946 3754; baseline 0.004 -18"><span class='ocrx_word' id='word_1_430' title='bbox 159 3683 229 3736; x_wconf 74' lang='lat' dir='ltr'><em>Turno</em></span> <span class='ocrx_word' id='word_1_431' title='bbox 243 3680 357 3736; x_wconf 87' lang='lat' dir='ltr'><em>domnus</em></span> <span class='ocrx_word' id='word_1_432' title='bbox 372 3682 517 3753; x_wconf 83' lang='lat' dir='ltr'><em>Episcopus</em></span> <span class='ocrx_word' id='word_1_433' title='bbox 538 3686 564 3737; x_wconf 90' lang='lat' dir='ltr'><em>el</em></span> <span class='ocrx_word' id='word_1_434' title='bbox 590 3683 638 3754; x_wconf 75' lang='lat' dir='ltr'><em>prii</em></span> <span class='ocrx_word' id='word_1_435' title='bbox 653 3682 736 3754; x_wconf 75' lang='lat' dir='ltr'><em>jersia</em></span> <span class='ocrx_word' id='word_1_436' title='bbox 752 3700 813 3738; x_wconf 78' lang='lat' dir='ltr'><em>cirin.</em></span> <span class='ocrx_word' id='word_1_437' title='bbox 828 3687 891 3738; x_wconf 74' lang='lat' dir='ltr'><em>sient</em></span> <span class='ocrx_word' id='word_1_438' title='bbox 905 3701 946 3738; x_wconf 90' lang='lat' dir='ltr'><em>sa-</em></span> 
     </span>
     <span class='ocr_line' id='line_1_39' title="bbox 122 3769 946 3843; baseline 0.004 -18"><span class='ocrx_word' id='word_1_439' title='bbox 122 3771 210 3825; x_wconf 86' lang='lat' dir='ltr'><em>lutent</em></span> <span class='ocrx_word' id='word_1_440' title='bbox 224 3786 285 3826; x_wconf 89' lang='lat' dir='ltr'><em>enm</em></span> <span class='ocrx_word' id='word_1_441' title='bbox 299 3774 324 3825; x_wconf 85' lang='lat' dir='ltr'><em>et</em></span> <span class='ocrx_word' id='word_1_442' title='bbox 339 3769 481 3826; x_wconf 86' lang='lat' dir='ltr'><em>descendat</em></span> <span class='ocrx_word' id='word_1_443' title='bbox 493 3788 543 3843; x_wconf 87' lang='lat' dir='ltr'><em>per</em></span> <span class='ocrx_word' id='word_1_444' title='bbox 566 3772 689 3827; x_wconf 82' lang='lat' dir='ltr'><em>ordinem</em></span> <span class='ocrx_word' id='word_1_445' title='bbox 712 3773 782 3827; x_wconf 88' lang='lat' dir='ltr'><em>sicut</em></span> <span class='ocrx_word' id='word_1_446' title='bbox 805 3774 903 3839; x_wconf 79' lang='lat' dir='ltr'><em>(illurn,</em></span> <span class='ocrx_word' id='word_1_447' title='bbox 920 3778 946 3828; x_wconf 88' lang='lat' dir='ltr'><em>cl</em></span> 
     </span>
     <span class='ocr_line' id='line_1_40' title="bbox 122 3859 947 3934; baseline 0.004 -20"><span class='ocrx_word' id='word_1_448' title='bbox 122 3859 262 3929; x_wconf 75' lang='lat' dir='ltr'><em>deseratur</em></span> <span class='ocrx_word' id='word_1_449' title='bbox 284 3859 459 3914; x_wconf 85' lang='lat' dir='ltr'><em>omnibusad</em></span> <span class='ocrx_word' id='word_1_450' title='bbox 486 3861 672 3925; x_wconf 87' lang='lat' dir='ltr'><em>salutandum,</em></span> <span class='ocrx_word' id='word_1_451' title='bbox 698 3860 740 3915; x_wconf 88' lang='lat' dir='ltr'><em>bis</em></span> <span class='ocrx_word' id='word_1_452' title='bbox 764 3863 803 3917; x_wconf 89' lang='lat' dir='ltr'><em>ita</em></span> <span class='ocrx_word' id='word_1_453' title='bbox 828 3864 947 3934; x_wconf 85' lang='lat' dir='ltr'><em>peractis</em></span> 
     </span>
     <span class='ocr_line' id='line_1_41' title="bbox 122 3946 946 4022; baseline 0.006 -21"><span class='ocrx_word' id='word_1_454' title='bbox 122 3946 213 4001; x_wconf 81' lang='lat' dir='ltr'><em>coriam</em></span> <span class='ocrx_word' id='word_1_455' title='bbox 228 3947 323 4002; x_wconf 87' lang='lat' dir='ltr'><em>ordine</em></span> <span class='ocrx_word' id='word_1_456' title='bbox 338 3953 364 4002; x_wconf 86' lang='lat' dir='ltr'><em>el</em></span> <span class='ocrx_word' id='word_1_457' title='bbox 377 3948 471 4004; x_wconf 86' lang='lat' dir='ltr'><em>decore</em></span> <span class='ocrx_word' id='word_1_458' title='bbox 486 3965 538 4022; x_wconf 76' lang='lat' dir='ltr'><em>quo</em></span> <span class='ocrx_word' id='word_1_459' title='bbox 561 3948 739 4005; x_wconf 85' lang='lat' dir='ltr'><em>nscemlcrant</em></span> <span class='ocrx_word' id='word_1_460' title='bbox 763 3951 792 4005; x_wconf 87' lang='lat' dir='ltr'><em>in</em></span> <span class='ocrx_word' id='word_1_461' title='bbox 808 3952 946 4007; x_wconf 85' lang='lat' dir='ltr'><em>ecclesiam</em></span> 
     </span>
     <span class='ocr_line' id='line_1_42' title="bbox 121 4034 946 4111; baseline 0.008 -22"><span class='ocrx_word' id='word_1_462' title='bbox 121 4034 234 4090; x_wconf 76' lang='lat' dir='ltr'><em>redeant</em></span> <span class='ocrx_word' id='word_1_463' title='bbox 248 4037 334 4092; x_wconf 84' lang='lat' dir='ltr'><em>ambae</em></span> <span class='ocrx_word' id='word_1_464' title='bbox 348 4036 383 4091; x_wconf 92' lang='lat' dir='ltr'><em>ad</em></span> <span class='ocrx_word' id='word_1_465' title='bbox 397 4040 564 4102; x_wconf 75' lang='lat' dir='ltr'><em>sacrarium,-</em></span> <span class='ocrx_word' id='word_1_466' title='bbox 579 4042 643 4093; x_wconf 87' lang='lat' dir='ltr'><em>lunr</em></span> <span class='ocrx_word' id='word_1_467' title='bbox 658 4039 729 4094; x_wconf 84' lang='lat' dir='ltr'><em>turcl</em></span> <span class='ocrx_word' id='word_1_468' title='bbox 744 4042 872 4111; x_wconf 70' lang='lat' dir='ltr'><em>pontific</em></span> <span class='ocrx_word' id='word_1_469' title='bbox 885 4059 946 4096; x_wconf 90' lang='lat' dir='ltr'><em>ma-</em></span> 
     </span>
     <span class='ocr_line' id='line_1_43' title="bbox 120 4124 945 4202; baseline 0.01 -24"><span class='ocrx_word' id='word_1_470' title='bbox 120 4140 173 4178; x_wconf 89' lang='lat' dir='ltr'><em>nus</em></span> <span class='ocrx_word' id='word_1_471' title='bbox 200 4128 226 4178; x_wconf 87' lang='lat' dir='ltr'><em>ci</em></span> <span class='ocrx_word' id='word_1_472' title='bbox 253 4124 363 4181; x_wconf 87' lang='lat' dir='ltr'><em>diaconi</em></span> <span class='ocrx_word' id='word_1_473' title='bbox 390 4126 492 4182; x_wconf 83' lang='lat' dir='ltr'><em>raduni</em></span> <span class='ocrx_word' id='word_1_474' title='bbox 520 4128 554 4181; x_wconf 89' lang='lat' dir='ltr'><em>nd</em></span> <span class='ocrx_word' id='word_1_475' title='bbox 582 4128 681 4193; x_wconf 84' lang='lat' dir='ltr'><em>altare,</em></span> <span class='ocrx_word' id='word_1_476' title='bbox 711 4133 736 4184; x_wconf 84' lang='lat' dir='ltr'><em>ci</em></span> <span class='ocrx_word' id='word_1_477' title='bbox 763 4129 945 4202; x_wconf 86' lang='lat' dir='ltr'><em>discoperinal</em></span> 
     </span>
     <span class='ocr_line' id='line_1_44' title="bbox 119 4215 945 4286; baseline 0.008 -18"><span class='ocrx_word' id='word_1_478' title='bbox 119 4217 223 4269; x_wconf 86' lang='lat' dir='ltr'><em>sancia.</em></span> <span class='ocrx_word' id='word_1_479' title='bbox 239 4215 272 4270; x_wconf 82' lang='lat' dir='ltr'><em>Ei</em></span> <span class='ocrx_word' id='word_1_480' title='bbox 291 4216 418 4286; x_wconf 72' lang='lat' dir='ltr'><em>pomifer</em></span> <span class='ocrx_word' id='word_1_481' title='bbox 432 4217 542 4271; x_wconf 84' lang='lat' dir='ltr'><em>ueniens</em></span> <span class='ocrx_word' id='word_1_482' title='bbox 555 4217 590 4271; x_wconf 89' lang='lat' dir='ltr'><em>nd</em></span> <span class='ocrx_word' id='word_1_483' title='bbox 613 4217 701 4271; x_wconf 83' lang='lat' dir='ltr'><em>aliare</em></span> <span class='ocrx_word' id='word_1_484' title='bbox 715 4217 819 4274; x_wconf 81' lang='lat' dir='ltr'><em>diuidat</em></span> <span class='ocrx_word' id='word_1_485' title='bbox 841 4220 945 4275; x_wconf 86' lang='lat' dir='ltr'><em>oblutus</em></span> 
     </span>
     <span class='ocr_line' id='line_1_45' title="bbox 118 4301 945 4378; baseline 0.007 -20"><span class='ocrx_word' id='word_1_486' title='bbox 118 4301 153 4358; x_wconf 85' lang='lat' dir='ltr'><em>ad</em></span> <span class='ocrx_word' id='word_1_487' title='bbox 170 4303 350 4376; x_wconf 75' lang='lat' dir='ltr'><em>sranpcadas,</em></span> <span class='ocrx_word' id='word_1_488' title='bbox 379 4309 404 4360; x_wconf 87' lang='lat' dir='ltr'><em>el</em></span> <span class='ocrx_word' id='word_1_489' title='bbox 419 4305 599 4361; x_wconf 86' lang='lat' dir='ltr'><em>conununiret</em></span> <span class='ocrx_word' id='word_1_490' title='bbox 609 4307 697 4362; x_wconf 76' lang='lat' dir='ltr'><em>arsuris</em></span> <span class='ocrx_word' id='word_1_491' title='bbox 709 4309 825 4378; x_wconf 83' lang='lat' dir='ltr'><em>populns</em></span> <span class='ocrx_word' id='word_1_492' title='bbox 850 4309 945 4365; x_wconf 87' lang='lat' dir='ltr'><em>ordine</em></span> 
     </span>
     <span class='ocr_line' id='line_1_46' title="bbox 115 4387 944 4467; baseline 0.007 -19"><span class='ocrx_word' id='word_1_493' title='bbox 115 4409 164 4448; x_wconf 90' lang='lat' dir='ltr'><em>suo</em></span> <span class='ocrx_word' id='word_1_494' title='bbox 178 4387 205 4450; x_wconf 84' lang='lat' dir='ltr'><em>ei</em></span> <span class='ocrx_word' id='word_1_495' title='bbox 218 4398 309 4448; x_wconf 86' lang='lat' dir='ltr'><em>surani</em></span> <span class='ocrx_word' id='word_1_496' title='bbox 323 4393 356 4450; x_wconf 88' lang='lat' dir='ltr'><em>de</em></span> <span class='ocrx_word' id='word_1_497' title='bbox 371 4396 437 4467; x_wconf 88' lang='lat' dir='ltr'><em>ipsis</em></span> <span class='ocrx_word' id='word_1_498' title='bbox 451 4395 555 4450; x_wconf 86' lang='lat' dir='ltr'><em>ablutas</em></span> <span class='ocrx_word' id='word_1_499' title='bbox 579 4396 700 4466; x_wconf 77' lang='lat' dir='ltr'><em>inlcpras</em></span> <span class='ocrx_word' id='word_1_500' title='bbox 724 4395 758 4450; x_wconf 85' lang='lat' dir='ltr'><em>ml</em></span> <span class='ocrx_word' id='word_1_501' title='bbox 781 4399 944 4454; x_wconf 84' lang='lat' dir='ltr'><em>seruandum</em></span> 
     </span>
     <span class='ocr_line' id='line_1_47' title="bbox 117 4483 944 4556; baseline 0.006 -19"><span class='ocrx_word' id='word_1_502' title='bbox 117 4499 204 4554; x_wconf 82' lang='lat' dir='ltr'><em>usquc</em></span> <span class='ocrx_word' id='word_1_503' title='bbox 217 4499 299 4538; x_wconf 89' lang='lat' dir='ltr'><em>manc</em></span> <span class='ocrx_word' id='word_1_504' title='bbox 321 4483 378 4539; x_wconf 89' lang='lat' dir='ltr'><em>dici</em></span> <span class='ocrx_word' id='word_1_505' title='bbox 389 4499 543 4556; x_wconf 78' lang='lat' dir='ltr'><em>purascere,</em></span> <span class='ocrx_word' id='word_1_506' title='bbox 560 4483 593 4539; x_wconf 80' lang='lat' dir='ltr'><em>cle</em></span> <span class='ocrx_word' id='word_1_507' title='bbox 620 4483 717 4555; x_wconf 77' lang='lat' dir='ltr'><em>quitus</em></span> <span class='ocrx_word' id='word_1_508' title='bbox 744 4489 944 4542; x_wconf 82' lang='lat' dir='ltr'><em>roranumiccni</em></span> 
     </span>
     <span class='ocr_line' id='line_1_48' title="bbox 115 4571 944 4648; baseline 0.007 -22"><span class='ocrx_word' id='word_1_509' title='bbox 115 4571 214 4643; x_wconf 78' lang='lat' dir='ltr'><em>absque</em></span> <span class='ocrx_word' id='word_1_510' title='bbox 228 4573 362 4643; x_wconf 76' lang='lat' dir='ltr'><em>sarrpuine</em></span> <span class='ocrx_word' id='word_1_511' title='bbox 385 4573 507 4637; x_wconf 90' lang='lat' dir='ltr'><em>Domini,</em></span> <span class='ocrx_word' id='word_1_512' title='bbox 522 4573 634 4645; x_wconf 75' lang='lat' dir='ltr'><em>struppis</em></span> <span class='ocrx_word' id='word_1_513' title='bbox 648 4589 711 4628; x_wconf 84' lang='lat' dir='ltr'><em>cero</em></span> <span class='ocrx_word' id='word_1_514' title='bbox 734 4574 828 4630; x_wconf 80' lang='lat' dir='ltr'><em>enimn</em></span> <span class='ocrx_word' id='word_1_515' title='bbox 842 4576 887 4631; x_wconf 80' lang='lat' dir='ltr'><em>elie</em></span> <span class='ocrx_word' id='word_1_516' title='bbox 897 4594 944 4648; x_wconf 86' lang='lat' dir='ltr'><em>pe·</em></span> 
     </span>
     <span class='ocr_line' id='line_1_49' title="bbox 114 4660 941 4738; baseline 0.008 -24"><span class='ocrx_word' id='word_1_517' title='bbox 114 4660 190 4714; x_wconf 85' lang='lat' dir='ltr'><em>nitus</em></span> <span class='ocrx_word' id='word_1_518' title='bbox 203 4665 387 4717; x_wconf 86' lang='lat' dir='ltr'><em>consarnaiur.</em></span> <span class='ocrx_word' id='word_1_519' title='bbox 405 4664 438 4717; x_wconf 83' lang='lat' dir='ltr'><em>Et</em></span> <span class='ocrx_word' id='word_1_520' title='bbox 451 4663 523 4717; x_wconf 87' lang='lat' dir='ltr'><em>scola</em></span> <span class='ocrx_word' id='word_1_521' title='bbox 538 4663 645 4717; x_wconf 71' lang='lat' dir='ltr'><em>{turrile</em></span> <span class='ocrx_word' id='word_1_522' title='bbox 668 4663 759 4734; x_wconf 32' lang='lat' dir='ltr'><em>‘ipisus</em></span> <span class='ocrx_word' id='word_1_523' title='bbox 777 4665 828 4719; x_wconf 83' lang='lat' dir='ltr'><em>Dei</em></span> <span class='ocrx_word' id='word_1_524' title='bbox 842 4665 941 4738; x_wconf 77' lang='lat' dir='ltr'><em>absque</em></span> 
     </span>
     <span class='ocr_line' id='line_1_50' title="bbox 114 4749 940 4825; baseline 0.012 -22"><span class='ocrx_word' id='word_1_525' title='bbox 114 4749 203 4804; x_wconf 75' lang='lat' dir='ltr'><em>esame</em></span> <span class='ocrx_word' id='word_1_526' title='bbox 219 4752 245 4804; x_wconf 89' lang='lat' dir='ltr'><em>et</em></span> <span class='ocrx_word' id='word_1_527' title='bbox 258 4752 457 4806; x_wconf 86' lang='lat' dir='ltr'><em>communione.</em></span> <span class='ocrx_word' id='word_1_528' title='bbox 475 4750 618 4807; x_wconf 82' lang='lat' dir='ltr'><em>Dominus</em></span> <span class='ocrx_word' id='word_1_529' title='bbox 633 4751 731 4807; x_wconf 81' lang='lat' dir='ltr'><em>iesus.</em></span> <span class='ocrx_word' id='word_1_530' title='bbox 747 4769 813 4807; x_wconf 90' lang='lat' dir='ltr'><em>eum</em></span> <span class='ocrx_word' id='word_1_531' title='bbox 827 4753 940 4825; x_wconf 83' lang='lat' dir='ltr'><em>psalmo</em></span> 
     </span>
     <span class='ocr_line' id='line_1_51' title="bbox 113 4837 940 4917; baseline 0.006 -25"><span class='ocrx_word' id='word_1_532' title='bbox 113 4841 141 4893; x_wconf 88' lang='lat' dir='ltr'><em>el</em></span> <span class='ocrx_word' id='word_1_533' title='bbox 158 4837 258 4911; x_wconf 81' lang='lat' dir='ltr'><em>glorio.</em></span> <span class='ocrx_word' id='word_1_534' title='bbox 276 4841 380 4895; x_wconf 82' lang='lat' dir='ltr'><em>Frnciis</em></span> <span class='ocrx_word' id='word_1_535' title='bbox 404 4844 497 4895; x_wconf 86' lang='lat' dir='ltr'><em>aulem</em></span> <span class='ocrx_word' id='word_1_536' title='bbox 511 4841 609 4895; x_wconf 88' lang='lat' dir='ltr'><em>oblatis</em></span> <span class='ocrx_word' id='word_1_537' title='bbox 624 4844 940 4917; x_wconf 82' lang='lat' dir='ltr'><em>conununicenlpresbp-</em></span> 
     </span>
     <span class='ocr_line' id='line_1_52' title="bbox 113 4930 940 5001; baseline 0.007 -17"><span class='ocrx_word' id='word_1_538' title='bbox 113 4931 166 4984; x_wconf 87' lang='lat' dir='ltr'><em>teri</em></span> <span class='ocrx_word' id='word_1_539' title='bbox 178 4932 278 5001; x_wconf 84' lang='lat' dir='ltr'><em>primo,</em></span> <span class='ocrx_word' id='word_1_540' title='bbox 292 4934 385 5000; x_wconf 81' lang='lat' dir='ltr'><em>postea</em></span> <span class='ocrx_word' id='word_1_541' title='bbox 399 4930 518 4996; x_wconf 88' lang='lat' dir='ltr'><em>diaconi,</em></span> <span class='ocrx_word' id='word_1_542' title='bbox 543 4935 570 4986; x_wconf 87' lang='lat' dir='ltr'><em>ct</em></span> <span class='ocrx_word' id='word_1_543' title='bbox 593 4934 687 4986; x_wconf 80' lang='lat' dir='ltr'><em>crciari</em></span> <span class='ocrx_word' id='word_1_544' title='bbox 710 4949 811 4988; x_wconf 78' lang='lat' dir='ltr'><em>orarios.</em></span> <span class='ocrx_word' id='word_1_545' title='bbox 839 4935 871 4989; x_wconf 82' lang='lat' dir='ltr'><em>Ei</em></span> <span class='ocrx_word' id='word_1_546' title='bbox 899 4937 940 4990; x_wconf 92' lang='lat' dir='ltr'><em>ila</em></span> 
     </span>
     <span class='ocr_line' id='line_1_53' title="bbox 110 5019 939 5093; baseline 0.007 -19"><span class='ocrx_word' id='word_1_547' title='bbox 110 5021 270 5091; x_wconf 79' lang='lat' dir='ltr'><em>perficiatur</em></span> <span class='ocrx_word' id='word_1_548' title='bbox 284 5021 361 5075; x_wconf 82' lang='lat' dir='ltr'><em>Missa</em></span> <span class='ocrx_word' id='word_1_549' title='bbox 378 5019 474 5074; x_wconf 77' lang='lat' dir='ltr'><em>antina</em></span> <span class='ocrx_word' id='word_1_550' title='bbox 489 5036 545 5074; x_wconf 79' lang='lat' dir='ltr'><em>sna</em></span> <span class='ocrx_word' id='word_1_551' title='bbox 561 5021 599 5075; x_wconf 83' lang='lat' dir='ltr'><em>Ad</em></span> <span class='ocrx_word' id='word_1_552' title='bbox 615 5021 717 5093; x_wconf 80' lang='lat' dir='ltr'><em>Campi.</em></span> <span class='ocrx_word' id='word_1_553' title='bbox 744 5022 848 5079; x_wconf 74' lang='lat' dir='ltr'><em>deiecti</em></span> <span class='ocrx_word' id='word_1_554' title='bbox 865 5024 939 5080; x_wconf 84' lang='lat' dir='ltr'><em>viia·</em></span> 
     </span>
     <span class='ocr_line' id='line_1_54' title="bbox 111 5106 939 5184; baseline 0.01 -22"><span class='ocrx_word' id='word_1_555' title='bbox 111 5106 190 5164; x_wconf 87' lang='lat' dir='ltr'><em>libus</em></span> <span class='ocrx_word' id='word_1_556' title='bbox 205 5107 453 5180; x_wconf 76' lang='lat' dir='ltr'><em>alimentisSupcr</em></span> <span class='ocrx_word' id='word_1_557' title='bbox 464 5111 606 5180; x_wconf 87' lang='lat' dir='ltr'><em>poputum.</em></span> <span class='ocrx_word' id='word_1_558' title='bbox 623 5110 753 5166; x_wconf 83' lang='lat' dir='ltr'><em>Concedo</em></span> <span class='ocrx_word' id='word_1_559' title='bbox 768 5128 939 5184; x_wconf 78' lang='lat' dir='ltr'><em>quesumus</em></span> 
     </span>
     <span class='ocr_line' id='line_1_55' title="bbox 111 5195 586 5270; baseline -0.004 -17"><span class='ocrx_word' id='word_1_560' title='bbox 111 5195 243 5264; x_wconf 88' lang='lat' dir='ltr'><em>Domine,</em></span> <span class='ocrx_word' id='word_1_561' title='bbox 260 5203 292 5252; x_wconf 86' lang='lat' dir='ltr'><em>ut</em></span> <span class='ocrx_word' id='word_1_562' title='bbox 308 5200 477 5270; x_wconf 81' lang='lat' dir='ltr'><em>perceptum</em></span> <span class='ocrx_word' id='word_1_563' title='bbox 494 5196 586 5252; x_wconf 88' lang='lat' dir='ltr'><em>novis.</em></span> 
     </span>
    </p>

    <p class='ocr_par' dir='ltr' id='par_1_12' title="bbox 47 5286 938 5626">
     <span class='ocr_line' id='line_1_56' title="bbox 144 5286 938 5362; baseline 0.009 -21"><span class='ocrx_word' id='word_1_564' title='bbox 144 5286 179 5341; x_wconf 84' lang='lat' dir='ltr'><em>Ei</em></span> <span class='ocrx_word' id='word_1_565' title='bbox 190 5287 317 5359; x_wconf 77' lang='lat' dir='ltr'><em>poniifcse</em></span> <span class='ocrx_word' id='word_1_566' title='bbox 330 5286 473 5343; x_wconf 86' lang='lat' dir='ltr'><em>descendat</em></span> <span class='ocrx_word' id='word_1_567' title='bbox 488 5287 518 5341; x_wconf 90' lang='lat' dir='ltr'><em>in</em></span> <span class='ocrx_word' id='word_1_568' title='bbox 541 5289 695 5342; x_wconf 87' lang='lat' dir='ltr'><em>sacrarium</em></span> <span class='ocrx_word' id='word_1_569' title='bbox 717 5290 851 5345; x_wconf 83' lang='lat' dir='ltr'><em>rnnrnlnns</em></span> <span class='ocrx_word' id='word_1_570' title='bbox 864 5308 938 5362; x_wconf 87' lang='lat' dir='ltr'><em>pres·</em></span> 
     </span>
     <span class='ocr_line' id='line_1_57' title="bbox 110 5373 938 5453; baseline 0.01 -25"><span class='ocrx_word' id='word_1_571' title='bbox 110 5373 205 5430; x_wconf 86' lang='lat' dir='ltr'><em>biteris</em></span> <span class='ocrx_word' id='word_1_572' title='bbox 218 5373 288 5446; x_wconf 73' lang='lat' dir='ltr'><em>quoa</em></span> <span class='ocrx_word' id='word_1_573' title='bbox 302 5375 429 5441; x_wconf 83' lang='lat' dir='ltr'><em>uoluerit,</em></span> <span class='ocrx_word' id='word_1_574' title='bbox 447 5373 653 5448; x_wconf 64' lang='lat' dir='ltr'><em>tunc2Clrrismo</em></span> <span class='ocrx_word' id='word_1_575' title='bbox 668 5392 767 5453; x_wconf 76' lang='lat' dir='ltr'><em>noun-m</em></span> <span class='ocrx_word' id='word_1_576' title='bbox 789 5380 938 5435; x_wconf 79' lang='lat' dir='ltr'><em>arriserat-ur</em></span> 
     </span>
     <span class='ocr_line' id='line_1_58' title="bbox 108 5463 937 5535; baseline 0.011 -19"><span class='ocrx_word' id='word_1_577' title='bbox 108 5464 280 5528; x_wconf 72' lang='lat' dir='ltr'><em>animosiori,</em></span> <span class='ocrx_word' id='word_1_578' title='bbox 295 5464 320 5518; x_wconf 89' lang='lat' dir='ltr'><em>si</em></span> <span class='ocrx_word' id='word_1_579' title='bbox 333 5463 399 5535; x_wconf 84' lang='lat' dir='ltr'><em>quid</em></span> <span class='ocrx_word' id='word_1_580' title='bbox 413 5464 553 5519; x_wconf 88' lang='lat' dir='ltr'><em>residuum</em></span> <span class='ocrx_word' id='word_1_581' title='bbox 567 5465 753 5529; x_wconf 62' lang='lat' dir='ltr'><em>absimiliter</em></span> <span class='ocrx_word' id='word_1_582' title='bbox 767 5469 793 5521; x_wconf 84' lang='lat' dir='ltr'><em>et</em></span> <span class='ocrx_word' id='word_1_583' title='bbox 808 5467 937 5535; x_wconf 87' lang='lat' dir='ltr'><em>oleum‚cl</em></span> 
     </span>
     <span class='ocr_line' id='line_1_59' title="bbox 47 5548 844 5626; baseline 0.006 -18"><span class='ocrx_word' id='word_1_584' title='bbox 47 5611 49 5615; x_wconf 66' lang='grc'>,</span> <span class='ocrx_word' id='word_1_585' title='bbox 109 5548 150 5609; x_wconf 85' lang='lat' dir='ltr'><em>ita</em></span> <span class='ocrx_word' id='word_1_586' title='bbox 164 5549 304 5607; x_wconf 81' lang='lat' dir='ltr'><em>dividatur</em></span> <span class='ocrx_word' id='word_1_587' title='bbox 315 5568 365 5625; x_wconf 87' lang='lat' dir='ltr'><em>per</em></span> <span class='ocrx_word' id='word_1_588' title='bbox 376 5553 549 5626; x_wconf 74' lang='lat' dir='ltr'><em>presbiteros,</em></span> <span class='ocrx_word' id='word_1_589' title='bbox 566 5557 592 5609; x_wconf 88' lang='lat' dir='ltr'><em>el</em></span> <span class='ocrx_word' id='word_1_590' title='bbox 605 5554 686 5626; x_wconf 78' lang='lat' dir='ltr'><em>pinita</em></span> <span class='ocrx_word' id='word_1_591' title='bbox 701 5559 763 5612; x_wconf 88' lang='lat' dir='ltr'><em>suut</em></span> <span class='ocrx_word' id='word_1_592' title='bbox 781 5556 844 5613; x_wconf 90' lang='lat' dir='ltr'><em>isla.</em></span> 
     </span>
    </p>

    <p class='ocr_par' dir='ltr' id='par_1_13' title="bbox 144 5637 935 5715">
     <span class='ocr_line' id='line_1_60' title="bbox 144 5637 935 5715; baseline 0.01 -15"><span class='ocrx_word' id='word_1_593' title='bbox 144 5637 184 5700; x_wconf 82' lang='lat' dir='ltr'><em>dd</em></span> <span class='ocrx_word' id='word_1_594' title='bbox 198 5653 338 5715; x_wconf 85' lang='lat' dir='ltr'><em>vesperum</em></span> <span class='ocrx_word' id='word_1_595' title='bbox 352 5641 383 5698; x_wconf 88' lang='lat' dir='ltr'><em>in</em></span> <span class='ocrx_word' id='word_1_596' title='bbox 397 5658 472 5700; x_wconf 78' lang='lat' dir='ltr'><em>earnm</em></span> <span class='ocrx_word' id='word_1_597' title='bbox 486 5642 667 5701; x_wconf 70' lang='lat' dir='ltr'><em>liminibus</em></span> <span class='ocrx_word' id='word_1_598' title='bbox 682 5642 792 5703; x_wconf 83' lang='lat' dir='ltr'><em>dicotur</em></span> <span class='ocrx_word' id='word_1_599' title='bbox 817 5649 890 5706; x_wconf 84' lang='lat' dir='ltr'><em>Deus</em></span> <span class='ocrx_word' id='word_1_600' title='bbox 906 5647 935 5708; x_wconf 86' lang='lat' dir='ltr'><em>in</em></span> 
     </span>
    </p>
   </div>
   <div class='ocr_carea' id='block_1_7' title="bbox 999 2655 1829 4511">
    <p class='ocr_par' dir='ltr' id='par_1_14' title="bbox 1000 2655 1829 3960">
     <span class='ocr_line' id='line_1_61' title="bbox 1002 2655 1828 2712; baseline 0.002 -2"><span class='ocrx_word' id='word_1_601' title='bbox 1002 2658 1155 2710; x_wconf 81' lang='lat' dir='ltr'><em>crenaDni.</em></span> <span class='ocrx_word' id='word_1_602' title='bbox 1186 2657 1273 2711; x_wconf 84' lang='lat' dir='ltr'><em>Coena</em></span> <span class='ocrx_word' id='word_1_603' title='bbox 1301 2657 1379 2711; x_wconf 84' lang='lat' dir='ltr'><em>iacta</em></span> <span class='ocrx_word' id='word_1_604' title='bbox 1406 2655 1477 2711; x_wconf 85' lang='lat' dir='ltr'><em>dicit</em></span> <span class='ocrx_word' id='word_1_605' title='bbox 1502 2656 1600 2712; x_wconf 80' lang='lat' dir='ltr'><em>iesus.</em></span> <span class='ocrx_word' id='word_1_606' title='bbox 1630 2659 1676 2712; x_wconf 66' lang='lat' dir='ltr'><em>its.</em></span> <span class='ocrx_word' id='word_1_607' title='bbox 1694 2657 1828 2712; x_wconf 78' lang='lat' dir='ltr'><em>Miserere</em></span> 
     </span>
     <span class='ocr_line' id='line_1_62' title="bbox 1004 2745 1829 2817; baseline 0.002 -19"><span class='ocrx_word' id='word_1_608' title='bbox 1004 2745 1071 2810; x_wconf 88' lang='lat' dir='ltr'><em>moi,</em></span> <span class='ocrx_word' id='word_1_609' title='bbox 1086 2748 1118 2800; x_wconf 90' lang='lat' dir='ltr'><em>A.</em></span> <span class='ocrx_word' id='word_1_610' title='bbox 1137 2745 1293 2817; x_wconf 74' lang='lat' dir='ltr'><em>Postquam</em></span> <span class='ocrx_word' id='word_1_611' title='bbox 1318 2746 1454 2800; x_wconf 78' lang='lat' dir='ltr'><em>surrexit.</em></span> <span class='ocrx_word' id='word_1_612' title='bbox 1479 2747 1524 2801; x_wconf 84' lang='lat' dir='ltr'><em>Ps.</em></span> <span class='ocrx_word' id='word_1_613' title='bbox 1554 2745 1631 2800; x_wconf 86' lang='lat' dir='ltr'><em>Deus</em></span> <span class='ocrx_word' id='word_1_614' title='bbox 1655 2745 1829 2801; x_wconf 87' lang='lat' dir='ltr'><em>misereatur</em></span> 
     </span>
     <span class='ocr_line' id='line_1_63' title="bbox 1003 2820 1826 2906; baseline 0.002 -19"><span class='ocrx_word' id='word_1_615' title='bbox 1003 2833 1106 2890; x_wconf 86' lang='lat' dir='ltr'><em>nostri.</em></span> <span class='ocrx_word' id='word_1_616' title='bbox 1124 2839 1156 2887; x_wconf 85' lang='lat' dir='ltr'><em>A.</em></span> <span class='ocrx_word' id='word_1_617' title='bbox 1173 2832 1202 2888; x_wconf 89' lang='lat' dir='ltr'><em>Si</em></span> <span class='ocrx_word' id='word_1_618' title='bbox 1217 2820 1269 2906; x_wconf 70' lang='grc' dir='ltr'><em>θὲο</em></span> <span class='ocrx_word' id='word_1_619' title='bbox 1294 2832 1436 2889; x_wconf 90' lang='lat' dir='ltr'><em>Dominus</em></span> <span class='ocrx_word' id='word_1_620' title='bbox 1459 2839 1488 2888; x_wconf 90' lang='lat' dir='ltr'><em>el</em></span> <span class='ocrx_word' id='word_1_621' title='bbox 1502 2832 1652 2906; x_wconf 87' lang='lat' dir='ltr'><em>magister.</em></span> <span class='ocrx_word' id='word_1_622' title='bbox 1673 2835 1719 2888; x_wconf 85' lang='lat' dir='ltr'><em>Ps.</em></span> <span class='ocrx_word' id='word_1_623' title='bbox 1736 2835 1826 2900; x_wconf 87' lang='lat' dir='ltr'><em>Quam</em></span> 
     </span>
     <span class='ocr_line' id='line_1_64' title="bbox 1002 2922 1826 2994; baseline 0 -17"><span class='ocrx_word' id='word_1_624' title='bbox 1002 2923 1118 2978; x_wconf 87' lang='lat' dir='ltr'><em>dileola.</em></span> <span class='ocrx_word' id='word_1_625' title='bbox 1134 2925 1167 2977; x_wconf 91' lang='lat' dir='ltr'><em>A.</em></span> <span class='ocrx_word' id='word_1_626' title='bbox 1184 2923 1215 2977; x_wconf 86' lang='lat' dir='ltr'><em>in</em></span> <span class='ocrx_word' id='word_1_627' title='bbox 1231 2923 1285 2978; x_wconf 92' lang='lat' dir='ltr'><em>hoo</em></span> <span class='ocrx_word' id='word_1_628' title='bbox 1299 2926 1485 2994; x_wconf 73' lang='lat' dir='ltr'><em>cognoscent.</em></span> <span class='ocrx_word' id='word_1_629' title='bbox 1501 2924 1545 2977; x_wconf 88' lang='lat' dir='ltr'><em>Ps.</em></span> <span class='ocrx_word' id='word_1_630' title='bbox 1571 2922 1693 2978; x_wconf 88' lang='lat' dir='ltr'><em>Domine</em></span> <span class='ocrx_word' id='word_1_631' title='bbox 1712 2922 1826 2978; x_wconf 82' lang='lat' dir='ltr'><em>exaudi.</em></span> 
     </span>
     <span class='ocr_line' id='line_1_65' title="bbox 1002 3010 1827 3083; baseline -0.002 -17"><span class='ocrx_word' id='word_1_632' title='bbox 1002 3013 1034 3068; x_wconf 94' lang='lat' dir='ltr'><em>A.</em></span> <span class='ocrx_word' id='word_1_633' title='bbox 1051 3011 1194 3067; x_wconf 86' lang='lat' dir='ltr'><em>Dominus</em></span> <span class='ocrx_word' id='word_1_634' title='bbox 1210 3012 1505 3083; x_wconf 69' lang='lat' dir='ltr'><em>postquamPsdienii</em></span> <span class='ocrx_word' id='word_1_635' title='bbox 1517 3010 1709 3067; x_wconf 77' lang='lat' dir='ltr'><em>immaculati.</em></span> <span class='ocrx_word' id='word_1_636' title='bbox 1725 3011 1827 3067; x_wconf 76' lang='lat' dir='ltr'><em>Auiti-</em></span> 
     </span>
     <span class='ocr_line' id='line_1_66' title="bbox 1004 3100 1826 3173; baseline -0.001 -17"><span class='ocrx_word' id='word_1_637' title='bbox 1004 3117 1109 3172; x_wconf 83' lang='lat' dir='ltr'><em>gamus</em></span> <span class='ocrx_word' id='word_1_638' title='bbox 1125 3118 1188 3156; x_wconf 88' lang='lat' dir='ltr'><em>nos.</em></span> <span class='ocrx_word' id='word_1_639' title='bbox 1206 3103 1249 3156; x_wconf 81' lang='lat' dir='ltr'><em>Ps.</em></span> <span class='ocrx_word' id='word_1_640' title='bbox 1267 3101 1337 3156; x_wconf 77' lang='lat' dir='ltr'><em>Eece</em></span> <span class='ocrx_word' id='word_1_641' title='bbox 1353 3118 1440 3173; x_wconf 87' lang='lat' dir='ltr'><em>quam</em></span> <span class='ocrx_word' id='word_1_642' title='bbox 1463 3102 1585 3156; x_wconf 72' lang='lat' dir='ltr'><em>tionum.</em></span> <span class='ocrx_word' id='word_1_643' title='bbox 1607 3103 1640 3156; x_wconf 90' lang='lat' dir='ltr'><em>A.</em></span> <span class='ocrx_word' id='word_1_644' title='bbox 1658 3100 1826 3156; x_wconf 82' lang='lat' dir='ltr'><em>Mandatum</em></span> 
     </span>
     <span class='ocr_line' id='line_1_67' title="bbox 1004 3189 1825 3255; baseline -0.002 -10"><span class='ocrx_word' id='word_1_645' title='bbox 1004 3207 1121 3245; x_wconf 89' lang='lat' dir='ltr'><em>novum.</em></span> <span class='ocrx_word' id='word_1_646' title='bbox 1138 3191 1170 3255; x_wconf 88' lang='lat' dir='ltr'><em>A,</em></span> <span class='ocrx_word' id='word_1_647' title='bbox 1188 3190 1218 3246; x_wconf 88' lang='lat' dir='ltr'><em>ln</em></span> <span class='ocrx_word' id='word_1_648' title='bbox 1241 3189 1344 3245; x_wconf 89' lang='lat' dir='ltr'><em>diebus</em></span> <span class='ocrx_word' id='word_1_649' title='bbox 1368 3189 1437 3245; x_wconf 89' lang='lat' dir='ltr'><em>illis.</em></span> <span class='ocrx_word' id='word_1_650' title='bbox 1462 3191 1495 3245; x_wconf 92' lang='grc' dir='ltr'><em>Α.</em></span> <span class='ocrx_word' id='word_1_651' title='bbox 1512 3191 1585 3244; x_wconf 86' lang='lat' dir='ltr'><em>Ante</em></span> <span class='ocrx_word' id='word_1_652' title='bbox 1610 3189 1690 3245; x_wconf 86' lang='lat' dir='ltr'><em>diem</em></span> <span class='ocrx_word' id='word_1_653' title='bbox 1711 3190 1825 3244; x_wconf 82' lang='lat' dir='ltr'><em>testum.</em></span> 
     </span>
     <span class='ocr_line' id='line_1_68' title="bbox 1003 3275 1825 3334; baseline 0.001 -3"><span class='ocrx_word' id='word_1_654' title='bbox 1003 3278 1034 3331; x_wconf 90' lang='lat' dir='ltr'><em>A.</em></span> <span class='ocrx_word' id='word_1_655' title='bbox 1051 3276 1109 3332; x_wconf 87' lang='lat' dir='ltr'><em>Vos</em></span> <span class='ocrx_word' id='word_1_656' title='bbox 1124 3276 1232 3332; x_wconf 83' lang='lat' dir='ltr'><em>vocalis</em></span> <span class='ocrx_word' id='word_1_657' title='bbox 1246 3293 1302 3332; x_wconf 86' lang='lat' dir='ltr'><em>me.</em></span> <span class='ocrx_word' id='word_1_658' title='bbox 1319 3278 1341 3330; x_wconf 95' lang='lat' dir='ltr'>A</span> <span class='ocrx_word' id='word_1_659' title='bbox 1357 3275 1477 3331; x_wconf 87' lang='lat' dir='ltr'><em>Domine</em></span> <span class='ocrx_word' id='word_1_660' title='bbox 1492 3281 1523 3332; x_wconf 87' lang='lat' dir='ltr'><em>tu</em></span> <span class='ocrx_word' id='word_1_661' title='bbox 1540 3276 1612 3331; x_wconf 92' lang='lat' dir='ltr'><em>mihi</em></span> <span class='ocrx_word' id='word_1_662' title='bbox 1628 3275 1720 3333; x_wconf 81' lang='lat' dir='ltr'><em>lavas.</em></span> <span class='ocrx_word' id='word_1_663' title='bbox 1737 3278 1825 3334; x_wconf 85' lang='lat' dir='ltr'><em>drotio</em></span> 
     </span>
     <span class='ocr_line' id='line_1_69' title="bbox 1000 3365 1825 3438; baseline 0 -17"><span class='ocrx_word' id='word_1_664' title='bbox 1000 3371 1060 3438; x_wconf 86' lang='lat' dir='ltr'><em>posi</em></span> <span class='ocrx_word' id='word_1_665' title='bbox 1082 3366 1252 3422; x_wconf 84' lang='lat' dir='ltr'><em>mandalum.</em></span> <span class='ocrx_word' id='word_1_666' title='bbox 1277 3368 1341 3421; x_wconf 82' lang='lat' dir='ltr'><em>Posi</em></span> <span class='ocrx_word' id='word_1_667' title='bbox 1364 3367 1503 3421; x_wconf 81' lang='lat' dir='ltr'><em>lavacrum</em></span> <span class='ocrx_word' id='word_1_668' title='bbox 1524 3365 1667 3437; x_wconf 63' lang='lat' dir='ltr'><em>periurant</em></span> <span class='ocrx_word' id='word_1_669' title='bbox 1688 3372 1748 3438; x_wconf 80' lang='lat' dir='ltr'><em>past</em></span> <span class='ocrx_word' id='word_1_670' title='bbox 1773 3368 1825 3436; x_wconf 70' lang='lat' dir='ltr'><em>lra-</em></span> 
     </span>
     <span class='ocr_line' id='line_1_70' title="bbox 1001 3454 1823 3529; baseline 0 -19"><span class='ocrx_word' id='word_1_671' title='bbox 1001 3456 1119 3511; x_wconf 87' lang='lat' dir='ltr'><em>clionem</em></span> <span class='ocrx_word' id='word_1_672' title='bbox 1141 3457 1222 3527; x_wconf 88' lang='lat' dir='ltr'><em>panis</em></span> <span class='ocrx_word' id='word_1_673' title='bbox 1235 3454 1349 3510; x_wconf 72' lang='lat' dir='ltr'><em>dinarius</em></span> <span class='ocrx_word' id='word_1_674' title='bbox 1372 3457 1516 3527; x_wconf 82' lang='lat' dir='ltr'><em>Episcopus</em></span> <span class='ocrx_word' id='word_1_675' title='bbox 1539 3455 1582 3510; x_wconf 86' lang='lat' dir='ltr'><em>oet</em></span> <span class='ocrx_word' id='word_1_676' title='bbox 1603 3457 1823 3529; x_wconf 74' lang='lat' dir='ltr'><em>presbyterum</em></span> 
     </span>
     <span class='ocr_line' id='line_1_71' title="bbox 1002 3543 1820 3616; baseline -0.002 -17"><span class='ocrx_word' id='word_1_677' title='bbox 1002 3546 1114 3601; x_wconf 79' lang='lat' dir='ltr'><em>uitulini</em></span> <span class='ocrx_word' id='word_1_678' title='bbox 1128 3544 1291 3599; x_wconf 81' lang='lat' dir='ltr'><em>troseersus:</em></span> <span class='ocrx_word' id='word_1_679' title='bbox 1302 3543 1491 3616; x_wconf 76' lang='lat' dir='ltr'><em>suscepimus</em></span> <span class='ocrx_word' id='word_1_680' title='bbox 1504 3549 1580 3599; x_wconf 88' lang='lat' dir='ltr'><em>Deus</em></span> <span class='ocrx_word' id='word_1_681' title='bbox 1595 3545 1820 3600; x_wconf 85' lang='lat' dir='ltr'><em>misericordiam</em></span> 
     </span>
     <span class='ocr_line' id='line_1_72' title="bbox 1003 3632 1818 3705; baseline -0.004 -16"><span class='ocrx_word' id='word_1_682' title='bbox 1003 3639 1082 3690; x_wconf 86' lang='lat' dir='ltr'><em>tuam</em></span> <span class='ocrx_word' id='word_1_683' title='bbox 1099 3634 1128 3689; x_wconf 91' lang='lat' dir='ltr'><em>in</em></span> <span class='ocrx_word' id='word_1_684' title='bbox 1146 3632 1241 3689; x_wconf 87' lang='lat' dir='ltr'><em>medio</em></span> <span class='ocrx_word' id='word_1_685' title='bbox 1258 3632 1370 3705; x_wconf 84' lang='lat' dir='ltr'><em>templi.</em></span> <span class='ocrx_word' id='word_1_686' title='bbox 1388 3634 1430 3689; x_wconf 83' lang='lat' dir='ltr'><em>Tu</em></span> <span class='ocrx_word' id='word_1_687' title='bbox 1444 3632 1592 3688; x_wconf 85' lang='lat' dir='ltr'><em>mandasti</em></span> <span class='ocrx_word' id='word_1_688' title='bbox 1607 3635 1750 3689; x_wconf 88' lang='lat' dir='ltr'><em>mandata</em></span> <span class='ocrx_word' id='word_1_689' title='bbox 1766 3639 1818 3696; x_wconf 83' lang='lat' dir='ltr'><em>tua,</em></span> 
     </span>
     <span class='ocr_line' id='line_1_73' title="bbox 1001 3722 1818 3795; baseline -0.005 -15"><span class='ocrx_word' id='word_1_690' title='bbox 1001 3723 1141 3780; x_wconf 79' lang='lat' dir='ltr'><em>custodiri</em></span> <span class='ocrx_word' id='word_1_691' title='bbox 1157 3722 1301 3780; x_wconf 74' lang='lat' dir='ltr'><em>nimis&#39;I&#39;u</em></span> <span class='ocrx_word' id='word_1_692' title='bbox 1317 3722 1419 3779; x_wconf 80' lang='lat' dir='ltr'><em>lavasti</em></span> <span class='ocrx_word' id='word_1_693' title='bbox 1435 3722 1748 3795; x_wconf 86' lang='lat' dir='ltr'><em>pedesdiscipulormn</em></span> <span class='ocrx_word' id='word_1_694' title='bbox 1764 3728 1818 3777; x_wconf 90' lang='lat' dir='ltr'><em>tuo·</em></span> 
     </span>
     <span class='ocr_line' id='line_1_74' title="bbox 1001 3810 1815 3886; baseline -0.006 -17"><span class='ocrx_word' id='word_1_695' title='bbox 1001 3813 1175 3886; x_wconf 86' lang='lat' dir='ltr'><em>run1.0pera</em></span> <span class='ocrx_word' id='word_1_696' title='bbox 1190 3830 1331 3869; x_wconf 84' lang='lat' dir='ltr'><em>manuum</em></span> <span class='ocrx_word' id='word_1_697' title='bbox 1348 3818 1464 3869; x_wconf 83' lang='lat' dir='ltr'><em>tuarum</em></span> <span class='ocrx_word' id='word_1_698' title='bbox 1482 3816 1541 3867; x_wconf 86' lang='lat' dir='ltr'><em>Due</em></span> <span class='ocrx_word' id='word_1_699' title='bbox 1560 3829 1619 3867; x_wconf 91' lang='lat' dir='ltr'><em>non</em></span> <span class='ocrx_word' id='word_1_700' title='bbox 1638 3811 1781 3884; x_wconf 83' lang='lat' dir='ltr'><em>despicias</em></span> <span class='ocrx_word' id='word_1_701' title='bbox 1794 3810 1815 3864; x_wconf 90' lang='lat' dir='ltr'><em>in</em></span> 
     </span>
     <span class='ocr_line' id='line_1_75' title="bbox 1001 3911 1144 3960; baseline -0.014 0"><span class='ocrx_word' id='word_1_702' title='bbox 1001 3911 1144 3960; x_wconf 77' lang='lat' dir='ltr'><em>eternum.</em></span> 
     </span>
    </p>

    <p class='ocr_par' dir='ltr' id='par_1_15' title="bbox 999 3990 1810 4511">
     <span class='ocr_line' id='line_1_76' title="bbox 1035 3990 1810 4062; baseline -0.006 -16"><span class='ocrx_word' id='word_1_703' title='bbox 1035 3993 1142 4047; x_wconf 85' lang='lat' dir='ltr'><em>Adesto</em></span> <span class='ocrx_word' id='word_1_704' title='bbox 1160 3991 1278 4048; x_wconf 88' lang='lat' dir='ltr'><em>Domine</em></span> <span class='ocrx_word' id='word_1_705' title='bbox 1294 3991 1398 4047; x_wconf 82' lang='lat' dir='ltr'><em>osstoiis</em></span> <span class='ocrx_word' id='word_1_706' title='bbox 1413 3995 1519 4046; x_wconf 79' lang='lat' dir='ltr'><em>nostre</em></span> <span class='ocrx_word' id='word_1_707' title='bbox 1535 3990 1697 4050; x_wconf 77' lang='lat' dir='ltr'><em>servitutis.</em></span> <span class='ocrx_word' id='word_1_708' title='bbox 1712 3991 1778 4062; x_wconf 84' lang='lat' dir='ltr'><em>quia</em></span> <span class='ocrx_word' id='word_1_709' title='bbox 1790 3995 1810 4041; x_wconf 93' lang='lat' dir='ltr'><em>tu</em></span> 
     </span>
     <span class='ocr_line' id='line_1_77' title="bbox 1001 4078 1809 4153; baseline -0.007 -17"><span class='ocrx_word' id='word_1_710' title='bbox 1001 4081 1088 4153; x_wconf 86' lang='lat' dir='ltr'><em>pedes</em></span> <span class='ocrx_word' id='word_1_711' title='bbox 1103 4081 1198 4135; x_wconf 84' lang='lat' dir='ltr'><em>lavare</em></span> <span class='ocrx_word' id='word_1_712' title='bbox 1214 4079 1674 4152; x_wconf 80' lang='lat' dir='ltr'><em>dignatusestuisdiscipulis.Ne</em></span> <span class='ocrx_word' id='word_1_713' title='bbox 1683 4078 1809 4150; x_wconf 85' lang='lat' dir='ltr'><em>despicias</em></span> 
     </span>
     <span class='ocr_line' id='line_1_78' title="bbox 1000 4168 1808 4243; baseline -0.011 -16"><span class='ocrx_word' id='word_1_714' title='bbox 1000 4188 1087 4243; x_wconf 87' lang='lat' dir='ltr'><em>opera</em></span> <span class='ocrx_word' id='word_1_715' title='bbox 1102 4186 1243 4224; x_wconf 88' lang='lat' dir='ltr'><em>manuum</em></span> <span class='ocrx_word' id='word_1_716' title='bbox 1261 4175 1388 4234; x_wconf 77' lang='lat' dir='ltr'><em>triacum,</em></span> <span class='ocrx_word' id='word_1_717' title='bbox 1405 4186 1468 4241; x_wconf 86' lang='lat' dir='ltr'><em>quae</em></span> <span class='ocrx_word' id='word_1_718' title='bbox 1480 4168 1565 4225; x_wconf 90' lang='lat' dir='ltr'><em>nobis</em></span> <span class='ocrx_word' id='word_1_719' title='bbox 1579 4169 1732 4224; x_wconf 85' lang='lat' dir='ltr'><em>retinenda</em></span> <span class='ocrx_word' id='word_1_720' title='bbox 1746 4180 1808 4221; x_wconf 86' lang='lat' dir='ltr'><em>mm·</em></span> 
     </span>
     <span class='ocr_line' id='line_1_79' title="bbox 999 4257 1806 4330; baseline -0.012 -13"><span class='ocrx_word' id='word_1_721' title='bbox 999 4260 1121 4327; x_wconf 67' lang='lat' dir='ltr'><em>dost-iuri</em></span> <span class='ocrx_word' id='word_1_722' title='bbox 1135 4259 1211 4315; x_wconf 84' lang='lat' dir='ltr'><em>sicul</em></span> <span class='ocrx_word' id='word_1_723' title='bbox 1226 4257 1422 4315; x_wconf 78' lang='lat' dir='ltr'><em>hioexleriora</em></span> <span class='ocrx_word' id='word_1_724' title='bbox 1432 4257 1593 4313; x_wconf 87' lang='lat' dir='ltr'><em>abluuntur</em></span> <span class='ocrx_word' id='word_1_725' title='bbox 1603 4258 1806 4330; x_wconf 82' lang='lat' dir='ltr'><em>inquinamenta</em></span> 
     </span>
     <span class='ocr_line' id='line_1_80' title="bbox 999 4347 1802 4418; baseline -0.011 -11"><span class='ocrx_word' id='word_1_726' title='bbox 999 4351 1041 4407; x_wconf 91' lang='lat' dir='ltr'><em>sio</em></span> <span class='ocrx_word' id='word_1_727' title='bbox 1056 4353 1107 4404; x_wconf 88' lang='lat' dir='ltr'><em>alo</em></span> <span class='ocrx_word' id='word_1_728' title='bbox 1116 4348 1247 4404; x_wconf 90' lang='lat' dir='ltr'><em>omnium</em></span> <span class='ocrx_word' id='word_1_729' title='bbox 1259 4353 1392 4402; x_wconf 69' lang='lat' dir='ltr'><em>nostrum</em></span> <span class='ocrx_word' id='word_1_730' title='bbox 1404 4347 1543 4404; x_wconf 83' lang='lat' dir='ltr'><em>interiora</em></span> <span class='ocrx_word' id='word_1_731' title='bbox 1552 4347 1802 4418; x_wconf 74' lang='lat' dir='ltr'><em>laventurpeaeala</em></span> 
     </span>
     <span class='ocr_line' id='line_1_81' title="bbox 999 4434 1802 4511; baseline -0.011 -16"><span class='ocrx_word' id='word_1_732' title='bbox 999 4439 1077 4511; x_wconf 86' lang='lat' dir='ltr'><em>quod</em></span> <span class='ocrx_word' id='word_1_733' title='bbox 1093 4439 1155 4510; x_wconf 87' lang='lat' dir='ltr'><em>ipse</em></span> <span class='ocrx_word' id='word_1_734' title='bbox 1171 4441 1306 4509; x_wconf 78' lang='lat' dir='ltr'><em>prestare</em></span> <span class='ocrx_word' id='word_1_735' title='bbox 1321 4434 1448 4508; x_wconf 81' lang='lat' dir='ltr'><em>dignetis</em></span> <span class='ocrx_word' id='word_1_736' title='bbox 1464 4435 1513 4508; x_wconf 92' lang='lat' dir='ltr'><em>qui</em></span> <span class='ocrx_word' id='word_1_737' title='bbox 1528 4434 1802 4502; x_wconf 62' lang='lat' dir='ltr'><em>vivisptestuous</em></span> 
     </span>
    </p>
   </div>
   <div class='ocr_carea' id='block_1_8' title="bbox 958 4521 1799 4600">
    <p class='ocr_par' dir='ltr' id='par_1_16' title="bbox 958 4521 1799 4600">
     <span class='ocr_line' id='line_1_82' title="bbox 958 4521 1799 4600; baseline -0.018 -16"><span class='ocrx_word' id='word_1_738' title='bbox 958 4530 982 4597; x_wconf 81' lang='lat' dir='ltr'><em>D</em></span> <span class='ocrx_word' id='word_1_739' title='bbox 998 4527 1048 4600; x_wconf 87' lang='lat' dir='ltr'><em>qui</em></span> <span class='ocrx_word' id='word_1_740' title='bbox 1064 4526 1277 4598; x_wconf 84' lang='lat' dir='ltr'><em>discipulorum</em></span> <span class='ocrx_word' id='word_1_741' title='bbox 1291 4530 1408 4580; x_wconf 84' lang='lat' dir='ltr'><em>tuorum</em></span> <span class='ocrx_word' id='word_1_742' title='bbox 1425 4525 1513 4596; x_wconf 85' lang='lat' dir='ltr'><em>pedes</em></span> <span class='ocrx_word' id='word_1_743' title='bbox 1526 4523 1706 4595; x_wconf 84' lang='lat' dir='ltr'><em>abluenspio</em></span> <span class='ocrx_word' id='word_1_744' title='bbox 1719 4521 1799 4578; x_wconf 81' lang='lat' dir='ltr'><em>atiena</em></span> 
     </span>
    </p>
   </div>
   <div class='ocr_carea' id='block_1_9' title="bbox 993 4609 1797 5224">
    <p class='ocr_par' dir='ltr' id='par_1_17' title="bbox 993 4609 1797 5224">
     <span class='ocr_line' id='line_1_83' title="bbox 998 4609 1797 4686; baseline -0.011 -13"><span class='ocrx_word' id='word_1_745' title='bbox 998 4617 1040 4673; x_wconf 86' lang='lat' dir='ltr'><em>ais</em></span> <span class='ocrx_word' id='word_1_746' title='bbox 1053 4616 1218 4686; x_wconf 84' lang='lat' dir='ltr'><em>exemptum</em></span> <span class='ocrx_word' id='word_1_747' title='bbox 1226 4609 1797 4686; x_wconf 68' lang='lat' dir='ltr'><em>prebuisti‚mandstumquededistism-</em></span> 
     </span>
     <span class='ocr_line' id='line_1_84' title="bbox 994 4700 1795 4778; baseline -0.019 -16"><span class='ocrx_word' id='word_1_748' title='bbox 994 4707 1064 4763; x_wconf 89' lang='lat' dir='ltr'><em>eede</em></span> <span class='ocrx_word' id='word_1_749' title='bbox 1078 4703 1221 4778; x_wconf 76' lang='lat' dir='ltr'><em>propitius</em></span> <span class='ocrx_word' id='word_1_750' title='bbox 1237 4707 1269 4757; x_wconf 86' lang='lat' dir='ltr'><em>ut</em></span> <span class='ocrx_word' id='word_1_751' title='bbox 1284 4718 1335 4774; x_wconf 89' lang='lat' dir='ltr'><em>per</em></span> <span class='ocrx_word' id='word_1_752' title='bbox 1349 4700 1523 4773; x_wconf 87' lang='lat' dir='ltr'><em>obsequium</em></span> <span class='ocrx_word' id='word_1_753' title='bbox 1537 4701 1740 4756; x_wconf 73' lang='lat' dir='ltr'><em>mandatorum</em></span> <span class='ocrx_word' id='word_1_754' title='bbox 1751 4701 1795 4749; x_wconf 89' lang='lat' dir='ltr'><em>tuo·</em></span> 
     </span>
     <span class='ocr_line' id='line_1_85' title="bbox 994 4776 1792 4861; baseline -0.013 -10"><span class='ocrx_word' id='word_1_755' title='bbox 994 4813 1061 4851; x_wconf 90' lang='lat' dir='ltr'><em>rum</em></span> <span class='ocrx_word' id='word_1_756' title='bbox 1076 4811 1178 4850; x_wconf 87' lang='lat' dir='ltr'><em>eorum</em></span> <span class='ocrx_word' id='word_1_757' title='bbox 1193 4793 1314 4848; x_wconf 85' lang='lat' dir='ltr'><em>obtentu</em></span> <span class='ocrx_word' id='word_1_758' title='bbox 1329 4790 1365 4846; x_wconf 88' lang='lat' dir='ltr'><em>de</em></span> <span class='ocrx_word' id='word_1_759' title='bbox 1379 4795 1429 4846; x_wconf 81' lang='lat' dir='ltr'><em>tuo</em></span> <span class='ocrx_word' id='word_1_760' title='bbox 1443 4788 1577 4845; x_wconf 78' lang='lat' dir='ltr'><em>letemur</em></span> <span class='ocrx_word' id='word_1_761' title='bbox 1597 4793 1725 4861; x_wconf 80' lang='lat' dir='ltr'><em>aspectu,</em></span> <span class='ocrx_word' id='word_1_762' title='bbox 1739 4776 1792 4855; x_wconf 87' lang='lat' dir='ltr'><em>qaod</em></span> 
     </span>
     <span class='ocr_line' id='line_1_86' title="bbox 993 4863 1790 4956; baseline -0.016 -15"><span class='ocrx_word' id='word_1_763' title='bbox 993 4885 1056 4956; x_wconf 88' lang='lat' dir='ltr'><em>ipse</em></span> <span class='ocrx_word' id='word_1_764' title='bbox 1071 4885 1219 4955; x_wconf 83' lang='lat' dir='ltr'><em>praestaro.</em></span> <span class='ocrx_word' id='word_1_765' title='bbox 1235 4881 1306 4936; x_wconf 63' lang='lat' dir='ltr'><em>illia⁴</em></span> <span class='ocrx_word' id='word_1_766' title='bbox 1324 4880 1427 4934; x_wconf 84' lang='lat' dir='ltr'><em>Annus</em></span> <span class='ocrx_word' id='word_1_767' title='bbox 1442 4877 1612 4934; x_wconf 84' lang='lat' dir='ltr'><em>misericors</em></span> <span class='ocrx_word' id='word_1_768' title='bbox 1628 4881 1711 4942; x_wconf 83' lang='lat' dir='ltr'><em>Deus,</em></span> <span class='ocrx_word' id='word_1_769' title='bbox 1722 4879 1747 4930; x_wconf 87' lang='lat' dir='ltr'><em>ui</em></span> <span class='ocrx_word' id='word_1_770' title='bbox 1757 4863 1790 4939; x_wconf 60' lang='grc' dir='ltr'><em>φή</em></span> 
     </span>
     <span class='ocr_line' id='line_1_87' title="bbox 993 4955 1786 5043; baseline -0.016 -15"><span class='ocrx_word' id='word_1_771' title='bbox 993 4975 1091 5028; x_wconf 86' lang='lat' dir='ltr'><em>divina</em></span> <span class='ocrx_word' id='word_1_772' title='bbox 1104 4975 1247 5043; x_wconf 79' lang='lat' dir='ltr'><em>presepia</em></span> <span class='ocrx_word' id='word_1_773' title='bbox 1261 4967 1395 5024; x_wconf 80' lang='lat' dir='ltr'><em>violando</em></span> <span class='ocrx_word' id='word_1_774' title='bbox 1410 4983 1427 5022; x_wconf 86' lang='lat' dir='ltr'><em>a</em></span> <span class='ocrx_word' id='word_1_775' title='bbox 1442 4966 1569 5038; x_wconf 81' lang='lat' dir='ltr'><em>paradisi</em></span> <span class='ocrx_word' id='word_1_776' title='bbox 1587 4965 1721 5022; x_wconf 83' lang='lat' dir='ltr'><em>selioilale</em></span> <span class='ocrx_word' id='word_1_777' title='bbox 1735 4955 1786 5015; x_wconf 78' lang='lat' dir='ltr'><em>deri·</em></span> 
     </span>
     <span class='ocr_line' id='line_1_88' title="bbox 993 5053 1784 5126; baseline -0.015 -10"><span class='ocrx_word' id='word_1_778' title='bbox 993 5059 1142 5126; x_wconf 80' lang='lat' dir='ltr'><em>diunrs‚ad</em></span> <span class='ocrx_word' id='word_1_779' title='bbox 1159 5064 1270 5113; x_wconf 77' lang='lat' dir='ltr'><em>eterne</em></span> <span class='ocrx_word' id='word_1_780' title='bbox 1292 5053 1482 5111; x_wconf 72' lang='lat' dir='ltr'><em>beatitudinis</em></span> <span class='ocrx_word' id='word_1_781' title='bbox 1498 5055 1654 5110; x_wconf 84' lang='lat' dir='ltr'><em>redeamus</em></span> <span class='ocrx_word' id='word_1_782' title='bbox 1670 5056 1784 5109; x_wconf 76' lang='lat' dir='ltr'><em>accessun</em></span> 
     </span>
     <span class='ocr_line' id='line_1_89' title="bbox 994 5133 1782 5224; baseline -0.011 -19"><span class='ocrx_word' id='word_1_783' title='bbox 994 5168 1045 5224; x_wconf 86' lang='lat' dir='ltr'><em>per</em></span> <span class='ocrx_word' id='word_1_784' title='bbox 1075 5152 1193 5203; x_wconf 85' lang='lat' dir='ltr'><em>luorum</em></span> <span class='ocrx_word' id='word_1_785' title='bbox 1218 5144 1380 5201; x_wconf 82' lang='lat' dir='ltr'><em>custodiam</em></span> <span class='ocrx_word' id='word_1_786' title='bbox 1406 5143 1624 5200; x_wconf 86' lang='lat' dir='ltr'><em>mandatorum.</em></span> <span class='ocrx_word' id='word_1_787' title='bbox 1646 5139 1723 5207; x_wconf 84' lang='lat' dir='ltr'><em>Quod</em></span> <span class='ocrx_word' id='word_1_788' title='bbox 1743 5133 1782 5203; x_wconf 64' lang='lat' dir='ltr'><em>itii</em></span> 
     </span>
    </p>
   </div>
   <div class='ocr_carea' id='block_1_10' title="bbox 992 5241 1141 5313">
    <p class='ocr_par' dir='ltr' id='par_1_18' title="bbox 992 5241 1141 5313">
     <span class='ocr_line' id='line_1_90' title="bbox 992 5241 1141 5313; baseline -0.013 -19"><span class='ocrx_word' id='word_1_789' title='bbox 992 5241 1141 5313; x_wconf 74' lang='lat' dir='ltr'><em>prestare.</em></span> 
     </span>
    </p>
   </div>
   <div class='ocr_carea' id='block_1_11' title="bbox 1184 5350 1627 5408">
    <p class='ocr_par' dir='ltr' id='par_1_19' title="bbox 1184 5350 1627 5408">
     <span class='ocr_line' id='line_1_91' title="bbox 1184 5350 1627 5408; baseline -0.005 0"><span class='ocrx_word' id='word_1_790' title='bbox 1184 5351 1290 5408; x_wconf 80' lang='lat' dir='ltr'>FERIA</span> <span class='ocrx_word' id='word_1_791' title='bbox 1303 5350 1339 5406; x_wconf 94' lang='lat' dir='ltr'><em>V.</em></span> <span class='ocrx_word' id='word_1_792' title='bbox 1355 5350 1464 5408; x_wconf 83' lang='lat' dir='ltr'>COENA</span> <span class='ocrx_word' id='word_1_793' title='bbox 1487 5350 1627 5408; x_wconf 86' lang='lat' dir='ltr'><strong>DOMINI.</strong></span> 
     </span>
    </p>
   </div>
   <div class='ocr_carea' id='block_1_12' title="bbox 989 5435 1777 5708">
    <p class='ocr_par' dir='ltr' id='par_1_20' title="bbox 989 5435 1777 5708">
     <span class='ocr_line' id='line_1_92' title="bbox 1027 5435 1777 5530; baseline -0.017 -11"><span class='ocrx_word' id='word_1_794' title='bbox 1027 5462 1113 5519; x_wconf 85' lang='lat' dir='ltr'><em>btrdia</em></span> <span class='ocrx_word' id='word_1_795' title='bbox 1129 5463 1205 5516; x_wconf 85' lang='lat' dir='ltr'><em>nocto</em></span> <span class='ocrx_word' id='word_1_796' title='bbox 1219 5456 1384 5530; x_wconf 75' lang='lat' dir='ltr'><em>serraculum</em></span> <span class='ocrx_word' id='word_1_797' title='bbox 1407 5462 1456 5524; x_wconf 87' lang='lat' dir='ltr'><em>est,</em></span> <span class='ocrx_word' id='word_1_798' title='bbox 1472 5461 1499 5514; x_wconf 87' lang='lat' dir='ltr'><em>el</em></span> <span class='ocrx_word' id='word_1_799' title='bbox 1519 5460 1644 5530; x_wconf 78' lang='lat' dir='ltr'><em>tanpilur</em></span> <span class='ocrx_word' id='word_1_800' title='bbox 1657 5457 1750 5527; x_wconf 72' lang='lat' dir='ltr'><em>siarum·</em></span> <span class='ocrx_word' id='word_1_801' title='bbox 1760 5435 1777 5490; x_wconf 67' lang='lat' dir='ltr'><em>li</em></span> 
     </span>
     <span class='ocr_line' id='line_1_93' title="bbox 989 5527 1775 5629; baseline -0.022 -18"><span class='ocrx_word' id='word_1_802' title='bbox 989 5558 1048 5629; x_wconf 90' lang='lat' dir='ltr'><em>post</em></span> <span class='ocrx_word' id='word_1_803' title='bbox 1064 5553 1119 5609; x_wconf 77' lang='lat' dir='ltr'><em>line</em></span> <span class='ocrx_word' id='word_1_804' title='bbox 1135 5565 1187 5606; x_wconf 88' lang='lat' dir='ltr'><em>nou</em></span> <span class='ocrx_word' id='word_1_805' title='bbox 1213 5549 1337 5620; x_wconf 83' lang='lat' dir='ltr'><em>tanpilur</em></span> <span class='ocrx_word' id='word_1_806' title='bbox 1350 5549 1405 5605; x_wconf 88' lang='lat' dir='ltr'><em>nisi</em></span> <span class='ocrx_word' id='word_1_807' title='bbox 1424 5549 1454 5604; x_wconf 88' lang='lat' dir='ltr'><em>in</em></span> <span class='ocrx_word' id='word_1_808' title='bbox 1468 5552 1547 5605; x_wconf 85' lang='lat' dir='ltr'><em>nocie</em></span> <span class='ocrx_word' id='word_1_809' title='bbox 1560 5527 1775 5628; x_wconf 70' lang='lat' dir='ltr'><em>sanetum-(nelli</em></span> 
     </span>
     <span class='ocr_line' id='line_1_94' title="bbox 991 5626 1775 5708; baseline -0.024 -5"><span class='ocrx_word' id='word_1_810' title='bbox 991 5643 1100 5704; x_wconf 59' lang='lat' dir='ltr'><em>east-tua</em></span> <span class='ocrx_word' id='word_1_811' title='bbox 1115 5639 1149 5699; x_wconf 89' lang='lat' dir='ltr'><em>ad</em></span> <span class='ocrx_word' id='word_1_812' title='bbox 1164 5639 1347 5708; x_wconf 72' lang='lat' dir='ltr'><em>raatuiiuum</em></span> <span class='ocrx_word' id='word_1_813' title='bbox 1359 5642 1388 5696; x_wconf 89' lang='lat' dir='ltr'><em>at</em></span> <span class='ocrx_word' id='word_1_814' title='bbox 1411 5654 1474 5697; x_wconf 89' lang='lat' dir='ltr'><em>vero</em></span> <span class='ocrx_word' id='word_1_815' title='bbox 1488 5637 1600 5697; x_wconf 84' lang='lat' dir='ltr'><em>ecclesia</em></span> <span class='ocrx_word' id='word_1_816' title='bbox 1624 5633 1696 5695; x_wconf 77' lang='lat' dir='ltr'><em>melai</em></span> <span class='ocrx_word' id='word_1_817' title='bbox 1705 5626 1775 5687; x_wconf 74' lang='lat' dir='ltr'><em>trabi</em></span> 
     </span>
    </p>
   </div>
   <div class='ocr_carea' id='block_1_13' title="bbox 0 0 1944 6098">
    <p class='ocr_par' dir='ltr' id='par_1_21' title="bbox 0 0 1944 6098">
     <span class='ocr_line' id='line_1_95' title="bbox 0 0 1944 6098; baseline 0 0"><span class='ocrx_word' id='word_1_818' title='bbox 0 0 1944 6098; x_wconf 95' lang='lat' dir='ltr'><em> </em></span> 
     </span>
    </p>
   </div>
  </div>
 </body>
</html>
