3878 6098
118 263 178 331 lbi
447 267 616 328 APPEND.
640 269 692 328 ltu
714 267 808 329 SAEG.
832 267 870 327 X.
886 299 925 309 --
940 264 1191 328 Mendaeum
1214 263 1495 329 DIPLOMA'I'IGA.
1768 263 1830 324 488

119 401 149 461 ui
165 410 232 457 cum
248 398 310 458 suis
321 399 512 458 ferocissimis
524 400 642 474 regibus
654 415 748 473 usque
758 399 940 472 Norvsgiam‚
957 396 1138 472 Asignoits
1151 400 1185 453 ut
1194 397 1258 470 lam
1274 396 1402 471 amplius
1417 414 1476 455 non
1486 396 1586 454 sitias
1599 399 1758 470 nequejus
1773 397 1830 457 oie·

119 489 279 547 inanimam
295 493 407 563 partem
421 489 576 558 Hiberniae,
593 505 660 546 cum
680 499 735 545 sua
760 487 945 544 nobilissima
1000 486 1068 544 rieis
1082 486 1261 546 reclamandi
1271 486 1440 560 quidquam
1450 487 1534 556 iudc3
1546 487 1655 561 quippe
1663 486 1717 560 qui
1731 486 1829 562 magis

118 577 233 636 civitate
247 577 383 648 Dublina,
399 579 557 652 auglorum
575 595 663 652 reguo
687 578 857 651 subjugare;
870 591 945 649 quos
998 576 1160 649 elegerunt,
1177 591 1244 633 cum
1260 576 1308 633 sui
1322 576 1433 634 ordinis
1448 576 1579 649 periculo
1593 581 1622 634 et
1637 574 1828 635 ecclesiastici

118 667 207 724 etiam
223 680 326 725 omues
342 667 416 724 mais
432 668 564 742 imperiis
579 666 654 724 oolla
674 667 811 736 subdere,
826 666 877 723 Dei
901 666 943 722 la·
998 663 1133 721 beneficii
1146 662 1312 736 dispendio,
1328 663 1390 720 suis
1405 663 1546 720 uxoribus
1563 664 1712 721 adhaerere
1736 681 1828 738 quem

116 761 200 813 vente
215 758 319 830 gratia,
335 757 426 831 coegi.
998 756 1056 810 Deo
1071 756 1149 809 caste
1164 756 1192 809 et
1206 752 1345 810 canonice
1360 752 1479 811 servire.
1492 754 1527 808 Et
1540 752 1606 810 ideo
1631 757 1740 810 cuncta
1762 771 1827 828 que

153 848 334 919 Quapropter
348 850 377 901 et
391 861 444 918 ego
460 845 566 901 Christi
582 845 705 918 gloriam
729 849 758 900 et
781 844 898 901 laudem
913 843 943 900 iu
998 839 1040 896 illi
1057 840 1230 898 deecclesia
1244 841 1451 915 possederunt,
1465 843 1608 915 cumipse
1622 841 1827 911 ecclosia,sivs

116 951 206 1008 reguo
222 951 287 990 meo
302 933 437 999 exaltare,
454 937 483 990 et
497 935 562 1006 ejus
579 934 730 990 servitium
751 932 942 1006 amplificare,
997 930 1273 1001 ecclesiastioa‚sive
1288 931 1519 1002 sacularia‚tam
1534 930 1654 988 mobilia
1669 948 1760 1005 quam
1769 930 1826 987 im·

115 1025 236 1079 devotus
248 1023 423 1095 disposui‚st
432 1039 484 1095 per
493 1039 573 1080 meos
584 1021 685 1081 fideles
695 1024 834 1091 fautores,
848 1024 943 1079 Duos·
998 1019 1130 1086 mobilia,-
1140 1019 1213 1092 ipsis
1226 1021 1275 1076 Dei
1285 1021 1376 1077 servis
1386 1019 1587 1078 monachissb
1597 1021 1653 1077 beo
1663 1021 1711 1077 die
1727 1037 1828 1094 perpo-

114 1116 216 1168 tanum
232 1110 368 1166 videlicet
393 1111 657 1185 archiepiscopum,
674 1117 704 1169 et
724 1111 942 1169 ethelwoldum
997 1108 1828 1184 tualiterregiaemunilicentieJuredeincepspossidends

114 1216 147 1256 ao
158 1198 329 1256 Oswaldum
340 1199 493 1273 episcopos
501 1201 590 1274 (quod
601 1201 674 1256 mihi
693 1203 791 1258 Patres
806 1200 943 1274 spiritus·
996 1198 1080 1255 trado
1096 1202 1124 1255 st
1139 1197 1291 1272 consigno,
1307 1199 1348 1255 ita
1363 1199 1496 1269 firmiter,
1513 1205 1546 1255 ut
1561 1198 1634 1256 nulli
1644 1198 1826 1272 principum,

112 1288 153 1345 les
169 1293 198 1344 et
208 1288 409 1345 consiliatores
420 1289 504 1363 elegi)
515 1306 623 1363 magna
638 1307 672 1346 cx
683 1291 940 1362 parte‚secundum
996 1302 1049 1343 nec
1060 1287 1147 1343 etiam
1163 1285 1216 1345 ulli
1230 1287 1368 1360 episcopo
1383 1288 1562 1355 succedenti,
1578 1289 1622 1344 las
1647 1287 1673 1344 si
1693 1293 1747 1344 aut
1760 1287 1826 1344 lici-

111 1380 347 1453 quoddisposui,
364 1379 482 1452 perfeci,
499 1384 556 1436 etc.
996 1379 1059 1432 tum
1075 1375 1237 1449 quidquam
1253 1375 1321 1434 iude
1335 1378 1517 1447 subtrahere,
1527 1382 1578 1434 aut
1592 1378 1761 1451 pervadere,
1773 1382 1827 1436 aut

148 1470 177 1526 Si
208 1469 327 1542 quidem
351 1471 534 1542 temporibus
559 1473 779 1527 autecessorum
807 1483 940 1526 meorum
995 1466 1032 1522 ab
1048 1481 1149 1522 eorum
1164 1468 1308 1538 potestate
1322 1466 1484 1540 subripere,
1501 1466 1570 1524 etin
1587 1467 1826 1541 clericorumjus

112 1575 214 1632 regum
240 1558 413 1632 auglorum,
430 1560 617 1625 monasteria,
639 1563 699 1616 tam
729 1558 940 1615 monachorum
995 1555 1102 1611 iterum
1118 1554 1281 1625 traducere,
1299 1556 1430 1629 quaudiu
1445 1557 1517 1613 fides
1532 1555 1701 1614 Christiana
1716 1556 1747 1613 in
1768 1558 1825 1614 lin·

111 1666 201 1722 quam
212 1647 372 1722 virginum,
386 1649 546 1718 destructa,
563 1649 681 1723 penitus
697 1649 804 1721 rejecta
827 1647 857 1703 in
879 1651 942 1704 tota
995 1642 1055 1724 glis
1069 1644 1248 1718 perduravit,
1260 1648 1316 1701 eto.

110 1737 214 1812 Anglia
229 1742 322 1807 eraut,
338 1754 403 1810 quae
418 1754 470 1812 ego
486 1739 521 1794 ad
537 1739 589 1795 Dei
604 1737 721 1794 laudem
738 1754 789 1811 pro
812 1735 940 1793 remedio
1031 1733 1117 1789 Facta
1132 1733 1357 1791 suutboeoauno
1369 1733 1524 1791 Dominicae
1535 1734 1823 1808 incarnationis9dt,

111 1827 215 1884 anima
231 1843 301 1882 mess
326 1843 473 1899 reparare,
488 1832 518 1883 et
541 1844 692 1883 sorvorum
714 1831 743 1883 et
764 1825 938 1883 ancillarum
992 1821 1151 1880 indictione
1165 1837 1227 1895 vru,
1244 1824 1325 1896 regui
1339 1840 1406 1881 vcro
1430 1824 1536 1897 lidgari
1557 1824 1720 1898 Anglorum
1744 1825 1822 1899 rogis

111 1915 161 1971 Dei
176 1932 333 1972 nnmerum
354 1915 550 1989 multiplicare
570 1916 680 1973 devovi.
697 1916 819 1989 stipsis
835 1931 939 1988 supra·
992 1916 1083 1980 sexto,
1102 1911 1132 1968 in
1148 1912 1227 1986 regia
1242 1913 1314 1969 urbe
1331 1929 1394 1986 quae
1414 1913 1450 1969 ab
1474 1913 1579 1970 incolis
1583 1956 1674 1971 .....
1691 1915 1822 1973 uomina·

112 2004 197 2060 dictis
217 2005 290 2061 meis
316 2006 553 2078 cooperatoribus
577 2007 696 2062 strenus
725 2004 937 2072 annitentibus,
991 2004 1054 2070 tur;
1070 2001 1100 2056 iu
1117 2001 1207 2057 natali
1222 2001 1350 2070 Domini,
1368 2001 1524 2059 testivitate
1539 2004 1711 2060 sauctorum·
1734 2002 1820 2061 luno·

107 2094 170 2166 jam
183 2095 379 2168 quadraginta
393 2098 422 2151 et
437 2102 547 2168 septem
563 2095 817 2152 monasterieoum
834 2110 938 2150 mona·
993 2091 1133 2159 centium,
1151 2090 1223 2149 laria
1237 2095 1353 2165 quarta.

111 2181 173 2238 ohis
188 2188 216 2239 et
230 2182 505 2239 sanctimonialibus
529 2181 668 2239 constitui
685 2199 692 2238 ι
709 2186 737 2238 et
761 2180 786 2238 si
805 2181 938 2237 Christus
1286 2197 1549 2238 sosscarrrrouss.2

110 2271 201 2328 vitam
219 2272 294 2328 mihi
309 2271 413 2327 tandiu
429 2272 616 2340 concesserit,
628 2287 722 2343 usque
736 2270 773 2326 ad
795 2269 939 2342 quinqua·
1027 2271 1086 2344 Ego
1101 2269 1223 2343 lladgar,
1235 2269 1364 2327 basileus
1379 2270 1540 2344 auglorum
1554 2274 1582 2328 et
1597 2271 1762 2345 imperator
1774 2287 1817 2330 re·

112 2360 260 2431 gesimum
290 2359 474 2416 remissionis
502 2363 657 2416 numerum
681 2358 722 2430 (id
747 2357 936 2430 satiamini),
991 2375 1062 2432 gum
1072 2358 1215 2432 gentium,
1227 2372 1294 2415 cum
1303 2369 1449 2417 consensa
1460 2364 1488 2416 et
1497 2361 1666 2434 principum
1682 2364 1714 2418 et
1728 2360 1818 2419 archi·

110 2462 182 2504 mea
197 2440 306 2505 devote
321 2448 372 2504 Dei
389 2447 595 2504 munificentie
619 2446 796 2505 oblationem
819 2451 937 2519 proten·
990 2448 1195 2520 episcoporum
1211 2457 1356 2516 meorum,
1373 2449 1449 2506 hanc
1473 2449 1707 2508 munificentiam
1732 2450 1815 2524 siguo

111 2537 178 2592 dere
195 2536 320 2593 decrevi.
990 2538 1087 2593 crucis
1101 2537 1266 2594 corroboro.

145 2623 227 2681 Unde
243 2643 321 2682 nunc
336 2625 366 2682 in
382 2626 518 2699 prasenti
531 2627 753 2696 monasterium,
769 2627 846 2699 quod
863 2643 935 2700 pra·
1025 2626 1220 2700 ldgoAEllritb,
1232 2626 1334 2702 regina
1347 2627 1530 2700 consensi,et
1543 2628 1627 2701 siguo
1642 2629 1740 2686 crucis
1751 2644 1816 2686 ccu-

110 2715 207 2772 dictue
219 2715 394 2772 reverendus
404 2715 560 2790 episcopus
570 2715 771 2785 Oswaldus,in
782 2717 850 2772 sede
862 2715 936 2789 epis·
989 2714 1114 2772 llrmavi.

109 2805 202 2878 oopali
218 2804 476 2878 wiogreceastere,
488 2805 519 2860 iu
535 2805 644 2862 honore
659 2807 765 2862 sancte
781 2805 831 2862 Dei
851 2804 936 2879 geni·
1023 2805 1083 2878 Ego
1099 2804 1242 2874 Dunstau,
1259 2804 1496 2880 archieplsoopus
1511 2806 1744 2865 Dorobernensis
1769 2807 1817 2865 lle·

109 2893 192 2949 tricis
207 2892 303 2950 illaria
318 2893 516 2967 amplificavit,
533 2899 561 2951 ct
575 2893 735 2951 eliminetis
760 2894 935 2951 clericorum
988 2892 1082 2950 sicsic
1098 2892 1216 2964 christi,
1232 2895 1367 2952 consensi
1379 2900 1408 2953 st
1421 2895 1593 2969 subscripsi.

109 2981 213 3038 neniis
226 2985 255 3039 et
270 2982 384 3056 spurcis
399 2982 688 3057 lasciviis,religiosis
707 2983 755 3040 Dei
771 2983 861 3040 servis
876 2999 938 3040 mo·
1023 2983 1082 3057 ligo
1092 2982 1208 3053 Oso'itol,
1218 2983 1456 3058 archiepiscopus
1468 2984 1661 3043 rourecensis
1671 2983 1816 3052 iterim

109 3070 212 3127 nachis
227 3087 291 3129 meo
301 3088 448 3129 consensu
463 3074 491 3128 et
507 3072 603 3130 lavore
613 3071 936 3145 confultus[al.,suliui·
988 3071 1123 3129 consensi
1138 3076 1167 3128 et
1178 3071 1351 3146 subscripsi.

108 3160 168 3234 tus]
178 3159 301 3218 locavit:
314 3177 367 3235 ego
378 3162 452 3236 ipsis
464 3161 632 3219 monastica
643 3162 792 3234 religionis
806 3162 877 3217 viris
892 3177 936 3218 re·
952 3147 974 3214 C
1028 3162 1087 3234 Ego
1101 3161 1205 3234 Aferio,
1217 3163 1286 3218 dux.

108 3248 166 3323 gali
178 3248 351 3306 auctoritate
361 3250 546 3320 confirment
556 3248 678 3306 consilio
689 3255 718 3306 et
728 3249 936 3322 astipulatione
1025 3251 1085 3324 Ego
1099 3251 1263 3322 Bruthnod,
1280 3251 1348 3309 dux.

108 3337 275 3413 principum
286 3342 315 3396 et
325 3338 503 3412 optimatum
514 3354 648 3396 meorum
659 3339 813 3399 corroboro
824 3341 852 3396 ct
866 3354 935 3396 oon·
1026 3340 1085 3413 ligo
1100 3339 1244 3414 adrigari,
1260 3340 1330 3397 dux.

425 3701 786 3852 CHARTA
841 3698 1108 3852 REGIS
1159 3711 1494 3853 unctui

569 3994 642 4036 NOVO
660 3995 815 4036 WINTONIAE
834 3992 1014 4037 Moussueuro
1030 3993 1106 4042 QUOD
1126 3993 1224 4034 uiuant
1243 3993 1353 4034 VOGAN'I'

879 4139 1043 4212 Concessa,

109 4305 142 4361 ln
165 4321 218 4380 qno
242 4304 404 4378 enectorum
429 4307 513 4378 refert
537 4307 701 4362 creationem
726 4314 808 4379 otpne
829 4307 946 4379 tapsum,
962 4304 1101 4363 nerninem
1121 4299 1184 4377 lteri
1208 4304 1243 4362 od
1266 4305 1456 4379 capessendum
1470 4321 1532 4362 enm
1544 4305 1623 4378 prote
1634 4322 1688 4363 sna
1703 4323 1821 4365 meres

140 4405 201 4477 jam
218 4406 339 4478 ipsorum
353 4403 487 4462 ordinem.
505 4403 619 4474 inuidet,
636 4406 737 4476 inpnit,
753 4405 802 4462 too
816 4404 953 4474 diabolas,
967 4403 1118 4477 frendente
1139 4406 1354 4461 circumventum
1376 4406 1422 4459 sui
1443 4421 1505 4460 enm
1526 4404 1605 4476 prote
1626 4405 1718 4463 reddit
1738 4406 1825 4463 edui-

143 4504 214 4570 tem,·
230 4505 278 4560 tos
302 4505 433 4560 misertus
460 4503 583 4559 Christus
603 4502 729 4573 redemit,
745 4512 771 4559 et
797 4505 844 4561 tos
869 4505 942 4560 inter
969 4504 1059 4575 ipsum
1073 4518 1165 4572 sepem
1187 4503 1336 4573 ltdpnrum,
1353 4504 1402 4575 qni
1424 4510 1500 4559 tanta
1523 4509 1619 4575 rapine
1638 4504 1820 4574 benipnitote,

145 4609 231 4658 totum
244 4617 272 4658 se
286 4601 403 4675 effundit
415 4603 444 4658 in
460 4600 658 4674 protitndinnn
671 4610 696 4659 et
712 4603 782 4660 tona
796 4614 887 4674 opere
903 4601 1011 4661 clurino
1026 4602 1112 4674 ipitor
1125 4608 1152 4657 et
1165 4601 1287 4673 familie
1300 4608 1360 4659 ntae
1379 4602 1504 4674 plurimo
1527 4601 1619 4659 condit
1636 4605 1813 4673 mensem,

144 4715 286 4772 unumque
300 4700 350 4756 tor
366 4699 529 4771 Wintoniae,·
542 4703 619 4775 cnjus
629 4703 769 4759 cenobitis
782 4702 850 4759 vitae
864 4700 975 4772 reputas
989 4709 1015 4758 et
1031 4701 1181 4759 honestetis
1195 4703 1321 4776 imponit,
1336 4708 1391 4758 tom
1409 4701 1604 4758 ecclesiasticas
1626 4716 1712 4774 quom
1733 4716 1814 4761 σω·

147 4796 228 4852 lares.

864 4898 1068 4982 (ennoean.)

144 5053 202 5127 (te)
216 5053 322 5129 Incipit
335 5054 437 5113 charta
450 5056 595 5131 privilegii
609 5056 974 5133 lldgaribeuignissirnin
1021 5060 1201 5134 omnipotenti
1213 5058 1326 5117 emmo
1350 5059 1463 5134 duoque
1483 5056 1616 5131 qmnnet
1637 5056 1739 5118 lens
1760 5059 1814 5135 ries

108 5144 250 5219 principis
265 5148 406 5203 concessa
420 5162 493 5204 novo
509 5140 845 5205 monosterioWiutonio
855 5148 935 5222 qood
990 5149 1082 5207 tondis
1094 5142 1240 5221 moerentia
1251 5148 1391 5208 mnoerrtt.

108 5234 195 5292 modo
205 5234 288 5308 Hyde
302 5233 481 5308 appellatum
493 5236 579 5308 cujus
600 5233 719 5295 rubrica
734 5236 935 5296 siccanosllo·
1282 5237 1492 5316 cAPITULUM
1507 5246 1529 5304 l.

107 5326 179 5383 tur:
1025 5325 1227 5402 omnipotens,
1242 5326 1333 5387 totius
1348 5320 1490 5386 meane
1514 5315 1659 5399 mattos,
1674 5312 1816 5388 nenati

108 5411 207 5470 Euesa
218 5426 269 5472 ren
282 5411 332 5472 too
343 5415 526 5488 priviteoinm
538 5431 606 5474 novo
621 5414 707 5474 edidit
718 5419 936 5489 monasteriem
988 5416 1096 5490 pietate
1110 5417 1248 5479 universa
1262 5414 1385 5478 mirifice
1400 5415 1572 5491 moderatur
1584 5416 1654 5493 quea
1673 5413 1816 5493 condidit,

143 5563 199 5638 (12)
211 5564 254 5622 dx
266 5564 405 5624 chronico
420 5568 589 5627 monasterii
604 5567 817 5628 Wintouiensis
838 5569 916 5646 quod
929 5569 1010 5646 Hyde
1026 5569 1186 5640 dicebatur,
