3878 6098
62 296 101 358 aa
505 261 778 361 nrsroaueuu
799 297 913 360 siaiu
927 296 1128 372 ounraaa.
1145 337 1183 348 -
1199 301 1272 365 nia.
1296 304 1335 368 n.
1741 302 1790 375 aa

97 428 145 484 35.
163 428 222 484 fter
237 445 254 483 a
268 429 327 483 sair
343 427 492 484 aaronem
506 432 666 497 accersitur,
678 447 710 485 ac
723 447 785 485 cvm
799 433 900 503 piratis
914 432 945 499 Α.
956 432 991 487 de
1007 435 1192 505 quorundam
1213 436 1379 493 calamitate
1404 438 1497 496 multa
1519 441 1696 514 disponeret,
1713 462 1780 502 cam

61 516 425 580 dimicat—Ouiautcm
443 518 522 590 regis
546 520 829 590 partestuebantur‚
847 537 899 593 per
952 521 1086 590 interm,
1109 541 1179 579 suas
1206 524 1235 581 in
1265 531 1344 582 veste
1373 528 1513 600 preciosa
1544 532 1668 598 sederet,
1694 536 1782 605 atque

63 605 179 679 legatos
198 622 267 662 eum
293 604 479 672 accersitum,
496 607 620 662 Redemi
644 608 781 664 decenter
804 609 896 665 susci·
952 612 1029 683 apud
1059 611 1126 668 illos
1154 619 1274 670 extensa
1301 633 1390 672 manu
1419 618 1779 692 concinnaretur,mnjore

60 695 158 768 piunt.
179 694 235 751 Ubi
264 712 331 751 cum
361 695 388 750 ei
418 695 583 762 referre-⁸,
609 713 706 769 regern
735 697 896 770 piratarum
951 699 1153 772 apoplexiaoh
1174 703 1406 775 superfluitatem
1432 707 1590 763 humorum
1616 711 1731 781 eaptns,
1749 709 1779 764 in

62 784 178 840 Setrich
195 800 265 839 cum
280 782 374 840 classe
390 784 645 857 copiosa'fluvium
666 786 834 857 Sequanam
851 787 895 842 in·
951 785 1016 857 ipsa
1031 804 1128 843 rerum
1153 790 1336 847 ordinatione
1358 794 1526 850 constrictis
1552 795 1690 852 manibus
1715 813 1782 853 ner·

62 889 248 946 gressum,ac
259 872 324 944 ejus
340 873 444 928 ducem
459 873 665 942 Thermodum
680 880 896 947 consequenter
951 875 1053 947 visque
1078 878 1246 944 contractis,
1263 896 1313 936 ore
1339 880 1426 937 etiam
1455 882 1486 937 in
1516 899 1616 940 aurem
1646 883 1780 952 distorto,

64 960 220 1017 navalibus
235 961 329 1032 copiis
345 961 506 1026 advenisse,
523 967 558 1017 ut
581 963 692 1035 absquo
717 963 795 1034 regis
820 965 895 1020 dono
951 980 1017 1018 cum
1033 964 1125 1021 multo
1148 966 1267 1023 horrore
1294 973 1323 1024 et
1345 968 1568 1042 horripilatione
1592 989 1691 1029 coram
1716 975 1780 1031 suis

65 1050 163 1105 omnin
178 1051 349 1122 pervadant,
365 1055 452 1122 atque
475 1051 605 1109 defuncti
631 1051 714 1107 ducis
738 1051 833 1108 filium
858 1054 895 1109 ad
950 1053 1134 1110 inconsultus
1158 1055 1323 1127 exspiravit.
1341 1057 1562 1132 Suseeptusque
1578 1077 1595 1115 a
1610 1062 1683 1129 suis,
1700 1064 1779 1135 apud

66 1138 263 1195 idololatriam
273 1138 580 1212 suadeant,ritumque
591 1139 730 1212 gentilem
742 1140 894 1209 inducant,
950 1145 1084 1196 sanctum
1102 1142 1274 1208 Quintinum
1290 1145 1425 1217 sepultus
1441 1151 1495 1202 est.
1508 1148 1570 1213 Ouo
1584 1150 1780 1222 sepulto,ejaa

67 1244 112 1282 rex
138 1227 242 1300 copias
267 1228 345 1283 unde
374 1227 580 1300 congrediatur
608 1227 728 1301 colligit.
744 1230 896 1301 Deumque
949 1229 1001 1284 filii
1018 1247 1084 1285 mox
1105 1247 1202 1303 regem
1228 1232 1379 1302 adeuntes,
1396 1236 1432 1290 ab
1456 1251 1490 1291 eo
1516 1236 1644 1310 henigne
1667 1240 1779 1315 excepti

67 1316 294 1388 propitiaturum
310 1316 449 1383 confisus,
457 1315 631 1389 alienigenis
646 1335 714 1373 cum
730 1320 783 1373 800
798 1335 895 1375 occur
949 1323 1027 1373 sunt.
1047 1319 1138 1375 Patris
1154 1319 1329 1392 injuriarum
1346 1322 1417 1378 nihil
1441 1323 1497 1379 sihi
1521 1325 1678 1381 reducens.
1696 1327 1779 1383 Exci·

67 1405 109 1460 rit.
127 1406 165 1460 Et
189 1405 259 1477 quia
284 1422 351 1460 cum
377 1405 479 1477 paucis
509 1410 581 1471 erat,
598 1406 634 1460 ad
652 1406 751 1461 hostes
776 1407 893 1463 conclu·
950 1405 1029 1476 pitur
1044 1409 1072 1460 et
1097 1406 1180 1478 Hugo
1204 1407 1371 1480 episcopus,
1387 1425 1421 1464 ea
1437 1414 1535 1466 tamen
1552 1413 1729 1481 conditione,
1747 1420 1780 1471 ut

66 1495 178 1549 dandos
198 1494 275 1550 acies
300 1494 329 1548 in
353 1495 467 1549 diversa
491 1494 645 1567 disponere
668 1495 808 1566 nequivit.
826 1496 895 1552 Suis
949 1496 1080 1564 tempore
1095 1510 1223 1566 congruo
1239 1495 1405 1552 ratiocinari
1421 1514 1474 1569 pro
1491 1515 1521 1554 se
1537 1499 1572 1554 de
1587 1501 1779 1574 episcopatus

65 1584 163 1655 itaque
179 1583 318 1656 stipatus,
334 1583 438 1639 erectis
458 1582 552 1656 signis
577 1601 610 1639 ac
633 1585 755 1640 densato
778 1585 894 1657 agmine
949 1582 1104 1653 adeptione
1125 1600 1182 1637 non
1208 1583 1332 1639 differat.
1349 1585 1422 1641 Cum
1448 1586 1558 1658 quihus
1585 1605 1708 1661 quoquc
1730 1607 1780 1646 rex

65 1673 205 1745 procedit.
223 1671 353 1729 Gentiles
369 1687 486 1745 qnoque
500 1672 602 1729 ordine
624 1673 751 1746 pedestri
775 1673 894 1729 incede·
947 1670 1126 1728 Amhianum
1141 1671 1292 1744 digressus
1304 1673 1415 1730 esttibi
1431 1691 1565 1731 cumuon
1582 1677 1645 1732 sine
1657 1695 1779 1735 suorum

65 1761 144 1816 bant.
163 1761 458 1834 Propinquautesque
482 1760 576 1834 patrio
597 1778 678 1818 more
694 1762 724 1816 in
740 1762 834 1835 primo
849 1768 894 1818 tu·
948 1757 1110 1830 potioribus
1125 1777 1247 1832 queque
1262 1762 1408 1835 precipua
1434 1763 1589 1837 disponere
1613 1766 1710 1834 vellet,
1728 1767 1778 1823 fir-

65 1847 160 1904 multu
192 1866 279 1905 enses
304 1849 428 1919 jaciunt.
451 1852 580 1916 Quorum
611 1850 755 1907 densitate
780 1851 894 1923 equites
948 1845 1063 1902 luinum
1079 1848 1202 1904 Rodomi
1220 1855 1384 1907 morantem
1399 1867 1452 1924 per
1465 1851 1594 1926 legatum
1608 1855 1741 1911 accersit.

64 1938 181 1994 territos
197 1954 231 1994 ao
247 1937 395 1994 sauciatos
411 1938 477 2005 rati,
495 1955 561 1995 cam
584 1938 686 2011 clipeis
706 1938 814 1996 ettelis
830 1957 894 2011 pro·
982 1937 1027 1991 38.
1045 1937 1204 2006 Conqreeaio
1231 1939 1339 2011 Amalfi
1362 1949 1388 1997 et
1407 1942 1528 1998 Ertaini.
1546 1975 1581 1984 -
1597 1944 1678 2007 Quod
1709 1961 1790 2002 cum·

65 2031 217 2082 secuntur.
230 2027 267 2082 At
278 2026 376 2099 regius
386 2027 666 2098 equitatus,ensium
677 2028 755 2084 nuhe
767 2027 893 2100 dilapsa,
948 2023 1150 2081 malivolorum
1167 2026 1306 2083 relatione
1320 2028 1461 2085 Arnulfus
1487 2032 1691 2104 comperisset,
1710 2032 1783 2090 insi*

66 2113 229 2187 clipeorum
244 2114 407 2186 objectione
422 2114 478 2170 tuti
500 2116 530 2170 in
555 2115 668 2187 pedites
694 2117 836 2171 seruntur.
854 2119 893 2172 Aa
947 2113 1011 2168 dias
1026 2115 1417 2189 pretendit‚ohvenientique
1433 2133 1499 2189 rege
1510 2118 1664 2191 ignorante
1675 2121 1778 2176 cohor-

65 2203 179 2259 densati
193 2204 228 2237 ’⁹⁵
243 2204 321 2258 acies
336 2204 493 2260 sternendo
508 2209 597 2276 atque
614 2206 808 2261 interimendo
820 2206 893 2261 indi·
948 2204 1005 2255 lom
1023 2202 1143 2258 inducit·
1161 2203 1242 2266 Quod
1258 2202 1397 2260 Etluinus
1414 2222 1478 2259 mox
1494 2206 1661 2275 dinoscens,
1679 2209 1786 2280 signis·

64 2292 116 2347 visi
133 2296 291 2364 penetrant
306 2292 565 2364 egrediunturque.
579 2294 751 2367 Rursusque
766 2294 893 2367 regressi
948 2289 1060 2346 collatis
1075 2292 1270 2363 congreditur.
1281 2293 1463 2365 congressus
1480 2294 1628 2367 utrimque
1641 2312 1699 2351 non
1718 2313 1778 2353 mo·

64 2385 231 2453 penetrent,
248 2397 282 2437 nc
296 2380 498 2454 disrumpunt.
515 2383 623 2455 Regem
641 2400 757 2455 quoque
779 2383 892 2439 Setrich
947 2379 1040 2434 dicas.
1057 2379 1195 2434 Arnulfus
1211 2380 1273 2435 suis
1299 2382 1384 2449 fusis,
1401 2383 1581 2456 profugiens,
1600 2385 1645 2439 vix
1670 2400 1773 2457 urgen-

66 2486 130 2524 cum
147 2467 287 2524 violentia
305 2468 374 2526 belli
399 2469 428 2523 in
453 2470 553 2543 fugam
574 2476 699 2542 cogeret,
717 2470 746 2524 in
771 2471 892 2526 durneto
948 2471 1005 2523 tem
1020 2469 1120 2524 evasit.
1138 2468 1276 2526 Erluinas
1291 2471 1412 2526 victoria
1428 2472 1549 2544 potitus,
1566 2471 1639 2528 alios
1660 2478 1773 2547 enecat,

66 2575 131 2612 mox
144 2558 389 2629 repertus,tribus
402 2557 511 2614 lanceis
522 2575 539 2613 a
550 2558 719 2631 palantibus
733 2560 893 2616 transfixus
948 2556 1020 2612 alios
1037 2557 1124 2629 capit,
1142 2557 1213 2614 alios
1226 2558 1256 2613 in
1274 2560 1373 2632 lugam
1389 2560 1475 2632 cogit.
1490 2565 1522 2614 tn
1538 2578 1595 2634 qun
1610 2561 1699 2618 ctiam
1715 2579 1777 2619 cer

66 2646 893 2704 est.'f'hurmodusverocumadhueincertaminetotis
947 2645 1066 2713 tamine,
1085 2646 1300 2702 interfectorem
1326 2647 1453 2703 Wilelmi
1478 2649 1528 2721 qui
1556 2666 1623 2704 cum
1651 2651 1776 2709 Amulio

66 2734 178 2790 viribus
194 2739 339 2807 ageretur,
348 2736 384 2790 ab
401 2734 543 2791 Ludovico
559 2736 627 2808 equi
643 2735 812 2809 impetentis
826 2753 894 2809 pee-
947 2734 1003 2789 sihi
1019 2733 1077 2790 vim
1092 2735 1126 2770 ¹⁹⁸
1140 2734 1280 2791 intulerat
1296 2736 1415 2792 militari
1436 2736 1627 2793 insectatione
1643 2755 1776 2812 compre·

68 2829 127 2879 tore
143 2824 519 2894 estdejactus.0ue1ncum
531 2841 581 2880 rex
596 2823 707 2896 impetu
723 2826 892 2898 preteriret,
947 2822 1059 2876 hendit.
1077 2823 1166 2894 Cujus
1182 2840 1287 2879 manas
1303 2825 1531 2892 obtruncans,in
1546 2824 1687 2882 ultionem
1704 2829 1778 2883 ami-

68 2930 118 2968 nec
133 2929 203 2968 eum
220 2912 425 2978 dinosceret,et
440 2913 477 2969 ab
491 2912 629 2968 hostibus
643 2913 796 2985 impetitus
811 2914 840 2969 in
855 2913 895 2970 lo
949 2911 974 2965 ci
991 2911 1155 2967 Radomum
1170 2912 1261 2968 misit.
1278 2917 1319 2969 Ac
1335 2930 1469 2970 cesorum
1485 2914 1592 2987 ereptis
1616 2916 1775 2989 manubiis,

68 3018 99 3055 co
124 3004 230 3068 staret,
251 3001 477 3073 comminusque
503 3001 684 3074 confligeret,
706 3002 895 3059 thurmodus
949 3001 985 3056 ad
1002 3017 1099 3074 regem
1115 3001 1268 3058 concessit.

68 3091 129 3145 suis
157 3091 297 3162 stipatus,
313 3106 410 3162 regem
426 3107 443 3145 a
457 3096 538 3163 tergo
562 3090 682 3163 appetit,
699 3091 853 3163 factusque
868 3093 893 3148 ei
984 3091 1028 3144 39.
1046 3092 1107 3156 Ouo
1122 3095 1251 3163 tempore
1266 3091 1349 3165 Hugo
1364 3093 1423 3148 dux
1438 3092 1467 3146 in
1484 3110 1591 3166 magna
1606 3095 1701 3168 gratia
1715 3096 1776 3170 regi

68 3180 175 3246 dexter,
188 3196 240 3251 per
255 3178 351 3234 lorice
366 3180 513 3236 manicam
529 3196 602 3252 pene
618 3197 712 3252 usque
727 3181 764 3236 ad
780 3181 892 3236 sinistri
908 3164 929 3229 C
948 3178 1144 3251 habitusejus
1161 3179 1250 3236 filiam
1266 3196 1301 3236 ex
1316 3197 1398 3237 sacro
1413 3181 1527 3237 lavacro
1542 3184 1683 3256 suscepit.
1694 3183 1776 3240 Unde

66 3267 166 3324 lateris
177 3267 400 3340 ypocundriam,
416 3267 518 3324 lancea
533 3268 657 3325 sauciat.
670 3270 728 3325 Rex
743 3268 837 3325 multa
851 3286 895 3326 ce·
947 3270 1057 3321 etcum
1075 3268 1301 3323 rex’llomnium
1313 3267 1472 3324 Galliarum
1489 3270 1593 3326 ducem
1609 3271 1773 3329 constituit.

68 3357 154 3412 deah
178 3373 214 3412 eo
236 3355 348 3429 impetu
376 3357 528 3430 paulisper
555 3358 695 3425 dimotus,
712 3359 892 3415 sauciantem
948 3355 1009 3419 Ouo
1033 3356 1106 3410 duce
1131 3373 1180 3411 rex
1203 3356 1367 3428 equitatum
1397 3373 1516 3429 parans,
1534 3375 1600 3414 cum
1625 3360 1773 3432 Gerherga

68 3445 194 3518 respicit.
213 3445 334 3518 Ictaque
350 3445 379 3500 in
395 3447 528 3502 dextram
542 3447 893 3520 obliqueto‚provocantis
947 3442 1048 3516 regina
1062 3442 1090 3498 in
1107 3443 1295 3516 Aquitaniam
1310 3445 1508 3516 proficiscitur
1520 3447 1606 3516 (944).
1619 3450 1658 3502 Aa
1669 3448 1790 3504 arbem-⁴

65 3540 151 3606 caput
165 3551 235 3592 cum
250 3534 374 3592 humero
390 3535 509 3592 sinistro
526 3537 693 3593 obtruncat.
709 3538 805 3593 Tanta
819 3553 892 3608 quo·
947 3531 1129 3589 Nivernicam
1145 3533 1475 3600 deveniens‚Gothorum
1490 3535 1595 3592 ducem
1610 3536 1774 3609 Regemun·

65 3624 209 3695 queoede
222 3623 348 3697 gentiles
363 3625 419 3681 fusi
436 3629 516 3693 sunt,
529 3629 561 3681 ut
575 3641 675 3681 eorum
693 3642 794 3681 novem
811 3625 893 3682 milia
947 3621 1018 3676 dum
1034 3621 1306 3694 Aquitanorumque
1322 3623 1484 3694 precipuos
1500 3622 1561 3679 illie
1576 3625 1676 3680 obvios
1691 3642 1772 3681 exce-

65 3714 179 3769 ”tcesa
193 3712 235 3780 ihi
251 3714 438 3771 referrentur.
452 3715 566 3787 Reliqui
582 3714 840 3787 vero,paucissimi
851 3717 893 3771 ta·
946 3709 1084 3782 pitrlpud
1100 3727 1173 3782 quos
1190 3710 1225 3764 de
1235 3711 1451 3782 provinciarum
1463 3728 1532 3766 cura
1544 3715 1784 3783 pertractansut·

67 3818 140 3870 men,
157 3801 254 3858 navali
270 3802 405 3876 profugio
420 3804 510 3876 erepti
528 3807 606 3869 sunl,
624 3805 684 3860 Rex
699 3822 717 3859 a
733 3809 789 3860 Deo
804 3804 892 3859 victo-
945 3797 1062 3854 illorum
1078 3797 1177 3853 omnia
1191 3797 1238 3852 sui
1249 3797 1328 3868 juris
1349 3798 1530 3865 viderentur,
1545 3798 1581 3853 ab
1597 3798 1639 3854 cis
1653 3799 1771 3871 provin·

67 3889 108 3946 ria
120 3891 230 3963 potitus
246 3895 433 3957 catenarum
446 3897 544 3948 tamen
561 3892 663 3964 paucis
680 3891 891 3957 l'usis,nonnul-
945 3887 1005 3943 cias
1019 3885 1136 3958 recepit.
1151 3886 1208 3941 Nec
1223 3884 1340 3941 distulit
1359 3902 1460 3940 earum
1485 3886 1771 3943 administrationem
1838 3954 1843 3962 ι

68 3977 102 4034 lis
116 3996 182 4035 vera
199 3979 350 4036 sauciatis.
367 3980 435 4036 Post
458 3997 584 4052 quorum
605 3998 706 4037 curam
723 3981 818 4037 redire
833 3980 891 4036 dis·
945 3976 987 4032 cis
1016 3975 1142 4031 credere.
1169 3973 1322 4030 Commisit
1347 3974 1445 4045 itaque
1470 3991 1503 4029 ac
1527 3992 1581 4031 suo
1605 3975 1682 4032 dano
1706 3975 1773 4033 illos

70 4084 187 4138 ponens,
204 4068 370 4124 Rodanum
385 4067 505 4124 Erluino
517 4069 892 4143 commisithseCompen-
944 4063 1103 4137 principari
1117 4063 1278 4131 constituit,
1296 4063 1377 4135 regia
1391 4061 1539 4123 hilaritate
1552 4064 1662 4121 hilares
1677 4066 1785 4122 redire.

69 4156 147 4211 dium
163 4156 290 4212 radiens.
945 4152 1135 4226 permittens,
1149 4169 1183 4207 ac
1198 4168 1266 4207 cum
1281 4151 1355 4206 duco
1371 4151 1428 4207 iter
1443 4151 1506 4225 ipsa
1533 4151 1563 4208 in
1586 4153 1710 4209 Galliam
1727 4170 1771 4210 re·

100 4247 143 4300 36.
160 4246 288 4302 Aratea
301 4234 521 4319 archiepiscopos
537 4248 661 4303 tirannos
675 4245 799 4313 dimittit,
816 4255 840 4302 et
855 4246 890 4301 ad
944 4247 1095 4314 torquens,
1111 4240 1242 4296 Lauduni
1259 4257 1323 4297 sese
1339 4240 1455 4312 recepit.

71 4351 152 4402 repam
178 4337 289 4390 transit.
306 4337 415 4400 -Quo
444 4352 512 4391 eum
542 4335 694 4391 advenisse
722 4334 888 4403 dinoscens,
979 4333 1023 4386 aa.
1039 4330 1359 4401 Arnatfasettirluiaar
1375 4332 1770 4399 repressoriomminamici-

70 4423 203 4479 Artoldus
217 4424 269 4496 qui
284 4424 314 4479 in
330 4424 461 4481 caenobio
476 4424 571 4480 sancti
594 4423 689 4479 Basoli
714 4423 890 4480 confessoris
944 4422 1016 4475 ciam
1027 4416 1283 4474 recrearem-Ubi
1297 4434 1419 4473 suorum
1431 4418 1594 4490 precipuos
1605 4423 1709 4488 prater
1719 4418 1777 4472 da··

72 4511 103 4566 ab
116 4513 186 4569 urhe
201 4512 307 4585 pulsus
321 4514 571 4581 morabatur,mex
585 4512 726 4585 quioquid
742 4530 760 4568 a
774 4512 889 4568 tiranno
905 4533 927 4597 D
943 4526 1005 4566 cem
1015 4507 1245 4579 colligens,apud
1255 4505 1564 4578 casagehatquatinus
1575 4504 1627 4560 viri
1639 4504 1768 4562 illustres

72 4600 121 4655 sihi
136 4601 269 4657 relictum
285 4605 348 4657 erat
362 4602 551 4674 abjiciens,ad
569 4617 666 4674 regem
677 4618 741 4657 sesa
752 4600 887 4668 contulit,
942 4596 1082 4653 Arnulfus
1095 4601 1183 4668 atque
1197 4594 1345 4662 eruinus,
1363 4594 1505 4648 factarum
1530 4593 1705 4665 injuriarum
1728 4595 1771 4650 in-

72 4689 188 4746 mallens
201 4691 279 4763 apud
295 4707 362 4746 eum
378 4707 465 4763 parvo
484 4694 640 4746 contentus
664 4690 783 4756 morari,
799 4705 889 4762 quam
944 4701 1088 4742 memores
1104 4686 1252 4750 fierent‚ac
1265 4683 1294 4737 in
1308 4680 1501 4737 benivolentia
1517 4682 1687 4752 unirentur;
1705 4683 1770 4740 suis

70 4776 246 4835 insociabilis
261 4780 371 4835 tiranni
387 4779 537 4836 beneficiis
552 4779 686 4835 detineri.
704 4780 763 4835 Rex
786 4781 890 4833 metro-
943 4776 1030 4830 rebus
1045 4773 1259 4847 prosperiorem
1273 4775 1408 4827 eventum
1424 4771 1522 4827 deheri
1540 4775 1632 4839 ratus,
1644 4789 1768 4828 suorum

71 4865 227 4937 politanum
248 4884 307 4940 quo
330 4868 392 4939 ipse
416 4885 465 4923 rex
490 4872 679 4924 consecratus
702 4867 757 4923 fuit
779 4867 889 4939 injuste
943 4862 1107 4919 eoncordia.
1125 4859 1295 4915 Convocatis
1311 4859 1409 4931 itaque
1432 4860 1467 4915 de
1489 4860 1624 4916 amicicia
1648 4861 1767 4929 suadet;

71 4955 279 5028 precipitatum
294 4956 447 5025 dolens,ne
459 4956 574 5013 diffidat
587 4957 888 5027 hortatur,summum
943 4969 1007 5008 sese
1022 4952 1099 5006 inter
1113 4965 1163 5004 eos
1174 4947 1442 5021 judicem,penitus
1458 4948 1626 5021 aequitatem
1650 4948 1786 5019 utriqua‘

69 5046 260 5101 secerdotium
275 5061 341 5102 sese
355 5045 381 5101 ei
398 5046 581 5101 redditurum
596 5044 745 5116 pollicens.
944 5040 1018 5114 parti
1034 5039 1178 5111 facturum
1195 5035 1768 5109 pollicenstlancedantitaqueaejussis
1786 5065 1792 5088 a

100 5134 142 5189 37.
159 5134 287 5191 faeritas
300 5136 483 5191 timberti-
499 5135 550 5190 His
565 5134 606 5189 ita
620 5151 684 5190 sese
699 5133 887 5200 habentibus,
943 5129 1031 5202 regiis
1060 5131 1171 5201 parent.
1203 5126 1341 5199 Datisque
1373 5126 1507 5193 vadibus,
1536 5123 1674 5196 equitatis
1699 5125 1769 5196 jura

66 5236 130 5293 cam
147 5222 315 5294 aedbertus
330 5239 453 5296 quaque
466 5222 628 5296 pernitiosa
643 5226 844 5296 pertractaret,
855 5237 889 5278 ac
943 5221 1127 5277 exsecuntur.
1145 5216 1205 5274 Rex
1219 5231 1288 5273 cum
1312 5215 1446 5286 utrisque
1470 5213 1588 5280 faveret,
1604 5209 1770 5283 quemlihet

740 5375 861 5431 vanua
880 5371 1088 5462 scariones.

97 5518 310 5594 ¹’⁵conglobati
328 5521 353 5577 t.
392 5519 487 5577 ΜΝ.
502 5521 660 5594 praeposite.
675 5518 710 5578 V.
727 5527 751 5578 et
766 5521 797 5578 ia
811 5509 937 5594 maraine
951 5517 1044 5580 eadem
1057 5533 1143 5574 meaa
1158 5512 1204 5572 IX.
1242 5512 1277 5549 ¹⁹⁶
1290 5511 1367 5586 apud
1384 5509 1408 5567 1.
1446 5505 1625 5595 ffl'eapiasl.
1663 5508 1769 5578 ”tren

64 5588 190 5650 francie
205 5591 311 5653 ducem
330 5595 355 5650 l.
393 5593 427 5631 ⁸⁰⁰
442 5591 496 5666 asi,
513 5592 549 5652 de
562 5593 678 5652 aledea.
