3878 6098
105 341 182 408 teat
662 314 947 410 atarvaeaee.
968 339 1190 409 Aarrssten.
1742 347 1820 414 aare

145 493 217 530 num
242 476 350 549 Agapis
374 477 403 531 et
427 473 539 550 Cyenite
566 480 738 548 martyrum.
756 478 787 532 ln
803 476 938 533 Sardinia
952 478 980 544 Α
1030 475 1067 530 lis
1080 475 1238 548 prophete.
1255 477 1458 536 Antissiedere
1472 478 1616 553 depositio
1627 484 1719 540 sancti
1731 484 1822 542 Palla·

144 565 177 620 Β.
195 565 341 621 Meritoria
366 565 494 638 episcopi
519 570 548 622 et
567 564 751 622 contessoris.
770 571 834 639 lpse
847 566 893 622 die
908 570 936 621 S.
1030 564 1071 619 dii
1085 564 1213 638 episcopi
1230 571 1259 622 el
1275 568 1461 626 contessoris.

143 652 279 709 Venaatii
296 652 424 727 episcopi
439 658 468 710 et
483 655 629 729 martyris.
1064 653 1137 709 Obiit
1152 656 1322 727 Waninpas,
1339 659 1388 729 qui
1401 658 1475 715 dedit
1488 661 1624 731 tratribus
1641 678 1723 717 auam
1739 680 1821 718 man-

182 739 257 804 Oiiit
299 742 385 798 Cnido
422 745 571 800 canonicas
599 747 626 799 ct
660 742 763 801 attan
799 743 939 799 orchidia·
1028 758 1089 796 sam
1103 742 1334 800 indominicatam
1348 761 1410 802 mem
1433 748 1536 819 optima
1555 751 1636 806 citrea
1649 758 1674 806 et
1688 753 1821 808 viridario

146 846 240 887 conas.
817 899 821 908 Ι
1029 830 1186 887 adamante
1209 833 1239 887 in
1264 833 1319 890 lace
1343 836 1392 908 pai
1415 835 1517 891 dicitnr
1541 837 1754 906 Aartsiacna,ad
1777 841 1823 896 sei

109 919 148 979 lV
167 920 264 976 Nonas
281 919 398 993 Aprilis.
411 921 555 994 Lugdune
566 921 643 977 beati
655 920 757 978 Nicetii
773 921 900 995 episcopi
912 926 941 979 et
1029 920 1191 975 maceriam
1204 920 1515 980 castrametantem
1529 925 1575 981 die
1588 927 1762 984 ttatowtcm
1773 945 1824 983 ree

147 1008 426 1082 contessorisApud
437 1008 620 1065 Palaestinam
632 1010 777 1082 depositio
785 1010 876 1065 beata
883 1009 940 1065 Ma·
1030 1008 1108 1064 obiit.

149 1096 197 1152 ria
212 1096 396 1170 AEgpptiacae,
413 1113 477 1169 qua
492 1097 640 1153 Pae-catria
654 1096 828 1171 appellatur.
996 1094 1034 1152 ΙΙΙ
1054 1098 1124 1153 Idus
1132 1098 1249 1172 Aprilis.
1263 1100 1359 1156 ilemae
1370 1101 1466 1158 natale
1477 1103 1507 1158 S.
1519 1103 1624 1160 Leonis
1635 1120 1727 1177 pape,
1737 1105 1822 1176 cujus

111 1185 151 1242 111
171 1185 268 1241 Nonas
278 1184 368 1258 April.
380 1187 509 1242 Cesarea
523 1186 709 1261 Cappadocia
724 1188 822 1260 passio
833 1191 941 1244 sanetae
1032 1188 1213 1259 temporibus
1223 1189 1333 1245 exstitit
1343 1194 1444 1245 sancta
1453 1191 1821 1264 synodusCalcedonensis.

148 1272 318 1330 Theodosias
342 1273 476 1346 virginis.
500 1263 678 1342 Nicomedia,
694 1275 724 1331 S.
743 1276 846 1331 Donati
867 1280 895 1330 et
909 1277 939 1331 S.
1031 1276 1114 1347 Apud
1125 1268 1240 1333 Cretam
1255 1279 1327 1334 urhe
1342 1278 1462 1334 Gertina
1477 1279 1573 1336 namte
1587 1280 1678 1340 sancti
1696 1280 1824 1354 Philippi

146 1363 314 1435 Amphioni.
326 1363 358 1419 ln
370 1363 482 1419 Scithia
493 1362 608 1419 civitais
621 1364 753 1433 Themis,
765 1364 862 1421 natale
873 1381 940 1420 san·
1032 1363 1160 1438 episcopi
1176 1368 1205 1421 et
1219 1367 1404 1423 contessoris.
1421 1368 1451 1423 ln
1475 1367 1619 1425 Dalmatia
1643 1369 1756 1425 civitate
1771 1371 1824 1425 Sa-

148 1458 263 1507 cterum
279 1451 393 1524 Evagrii
410 1456 438 1507 et
453 1450 583 1524 benigni.

186 1540 259 1597 otttt
275 1540 352 1596 Atto
367 1541 448 1613 tejas
463 1541 585 1598 ecclesiae
598 1542 688 1599 miles.

112 1630 136 1687 11
156 1629 255 1686 Nonas
268 1627 556 1701 Aprilis.Medietane
567 1630 644 1686 beati
658 1631 804 1688 Ambrosii
815 1631 943 1704 episcopi

1032 1451 1101 1507 lena
1129 1454 1226 1510 natale
1251 1456 1344 1510 sancti
1371 1456 1552 1513 Dominienis
1568 1457 1696 1530 episcopi
1713 1461 1741 1533 et
1755 1475 1822 1514 crin·

1033 1539 1152 1596 sessoris
1182 1558 1250 1597 cum
1279 1542 1425 1598 militibus
1448 1559 1510 1600 vm.
1536 1545 1704 1601 Nicomedia
1722 1549 1750 1600 S.
1767 1547 1824 1602 Cu·

1033 1627 1145 1701 stergii.

149 1724 179 1775 et
190 1717 366 1775 contessoris
377 1717 503 1775 doctoris
514 1719 752 1792 precipuiApud
763 1719 882 1794 Ispalim
893 1721 942 1777 de·
998 1717 1024 1770 ll
1044 1717 1113 1772 idus
1132 1718 1250 1790 Aprilis.
1268 1720 1366 1776 Reme
1389 1720 1435 1776 via
1459 1719 1576 1777 Aurelia
1590 1721 1734 1795 depositio
1749 1723 1826 1779 beati

150 1806 256 1881 positio
271 1806 301 1862 S.
318 1806 421 1862 Isidori
436 1806 563 1879 episcopi
579 1812 608 1863 et
621 1808 807 1865 contessoris.

187 1897 249 1967 Ipsa
263 1894 308 1950 die
322 1894 391 1951 abiit
400 1897 554 1952 leotericus
563 1897 718 1964 vicecomes,
731 1898 814 1969 liujus
824 1899 946 1956 ecclesie

152 1984 327 2041 vexillarius.

114 2075 214 2132 Nonas
232 2073 349 2146 Aprilis.
360 2072 575 2130 Thessalonicae
591 2073 687 2130 natale
702 2079 809 2130 sancta
825 2076 944 2145 Hyrene

151 2162 273 2234 virginis
288 2165 316 2218 et
331 2162 478 2235 martyris.
492 2162 576 2234 Apud
592 2163 758 2236 AEgyptum,
770 2164 865 2221 natale
881 2182 945 2220 san-

151 2257 264 2308 ctorum
294 2251 477 2320 Nichaneris,
504 2255 533 2308 et
557 2250 712 2324 Apollonii,
732 2257 761 2308 et
784 2253 943 2326 Martiana,

150 2356 276 2413 querum
289 2345 373 2414 gesta
387 2341 542 2397 habentur.

1034 1804 1103 1861 tetii
1121 1806 1249 1878 episcopi
1264 1811 1293 1863 et
1308 1809 1493 1865 confessoris.
1503 1810 1567 1882 lpse
1576 1810 1622 1867 die
1630 1811 1752 1867 Zenonis
1766 1811 1827 1884 epi·

1034 1894 1125 1965 scopi.
1142 1894 1288 1967 Wapingo
1314 1896 1458 1969 depositio
1481 1898 1665 1954 Constantini
1687 1899 1825 1972 episcopi.

1033 1982 1236 2038 Antissiedere
1252 1984 1327 2039 beati
1344 1984 1450 2040 Tetrici
1465 1984 1603 2059 episcopi.

1069 2071 1167 2127 Eadem
1194 2071 1239 2128 dic
1268 2071 1431 2130 Gattlclrnes
1462 2074 1646 2130 subdiaconus
1678 2079 1827 2133 canonicas

1034 2159 1154 2231 feliciter
1168 2163 1259 2216 emisit
1273 2163 1412 2233 spiritam,
1428 2166 1455 2217 et
1468 2178 1518 2234 pre
1532 2162 1693 2220 delictorm
1714 2181 1826 2222 sacrum

1034 2251 1195 2305 rescissione
1230 2250 1342 2306 domem
1378 2268 1459 2307 seam
1485 2260 1512 2308 et
1538 2253 1646 2308 cineam
1687 2255 1827 2310 canmricia

1033 2336 1116 2393 dedit.

184 2428 283 2486 Aedem
307 2429 352 2486 die
375 2430 513 2487 ordinatio
537 2429 633 2487 dmnnt
653 2430 792 2487 Hmlohti
814 2434 942 2505 episcopi,
999 2424 1068 2480 idus
1082 2425 1199 2498 Aprilis.
1218 2427 1249 2482 ln
1265 2427 1439 2484 Calcedenia
1458 2427 1554 2485 natale
1569 2433 1674 2484 sanctae
1689 2429 1827 2486 Euiomie

147 2522 217 2576 ilem
232 2520 292 2590 ipse
306 2519 352 2575 die
363 2520 524 2590 lnpclninns
539 2520 619 2575 miles
632 2519 711 2576 obiit.

113 2609 167 2665 Vll
186 2609 257 2664 idus
279 2607 397 2681 Aprilis.
418 2608 515 2664 atoma
545 2608 641 2664 nalalo
666 2609 694 2664 S.
712 2609 784 2665 Sixti
808 2627 889 2683 papae
916 2616 945 2668 et

152 2697 288 2770 martyris
303 2697 485 2768 temporibus
498 2695 617 2752 Adriani
630 2698 720 2770 passi.
731 2698 763 2754 ln
774 2699 945 2756 Macedonia

1033 2515 1155 2587 virginis
1171 2520 1199 2571 et
1215 2516 1449 2589 martyrisApud
1458 2517 1632 2591 Pergamum
1643 2517 1717 2575 Asia
1726 2519 1828 2575 urbem

1034 2602 1193 2659 nataleSS.
1210 2609 1373 2677 martyrum
1403 2606 1486 2677 Carpi
1516 2605 1702 2680 episcopt,et
1725 2605 1828 2679 Papilii
1916 2673 1919 2676 ¹

1034 2692 1160 2758 diaconi,
1174 2697 1202 2748 et
1218 2694 1309 2749 beata
1324 2693 1519 2766 Agatbenieae,
1537 2698 1565 2750 et
1580 2694 1704 2750 aliarum
1721 2694 1827 2751 multa-

151 2790 320 2843 sanetorum
343 2784 487 2841 Timothei
504 2785 533 2841 el
548 2785 693 2858 Diogenis,
710 2787 797 2844 Libiae
813 2790 943 2861 superio.
1034 2797 1110 2835 rure.
1128 2784 1160 2836 ln
1176 2781 1318 2854 Hispania
1332 2781 1428 2839 natale
1442 2785 1470 2837 S.
1478 2782 1704 2856 herminegildis
1716 2782 1841 2856 regiset'

151 2875 192 2933 ris
206 2872 352 2931 Theodori
366 2873 505 2947 episcopi,
520 2874 641 2931 lierensi
667 2875 792 2946 diaconi,
810 2879 943 2952 Serapie-
1035 2870 1183 2943 martyris·

152 2964 199 3019 nis
213 2966 242 3019 et
263 2962 411 3019 Ammonii
426 2962 581 3019 lectorum.
596 2963 631 3018 at
647 2962 716 3018 alibi
733 2964 829 3021 natale
844 2972 944 3024 sancte
998 2957 1087 3013 XVlll
1104 2957 1246 3016 Kalendas
1262 2959 1341 3016 Maii·
1358 2959 1455 3016 ΗΘΜ
1480 2959 1578 3017 natale
1594 2965 1641 3016 SS·
1655 2960 1788 3017 Tiburcii
1801 2965 1830 3017 et

152 3052 270 3108 Mariua
287 3055 316 3107 at
329 3050 471 3124 Egulina.
1034 3046 1180 3103 Valeriani
1197 3053 1225 3103 et
1240 3048 1370 3104 Maximi.
1387 3048 1562 3105 interamnis
1576 3053 1605 3105 S.
1620 3048 1737 3105 Proculi
1753 3066 1831 3105 mar-
1855 3106 1858 3113 ,

188 3139 321 3196 atterant
336 3140 474 3210 Remmius
487 3144 514 3197 et
532 3140 734 3197 warimbertus
748 3145 875 3217 episcopi,
890 3147 944 3202 ΕΟ.
1033 3136 1420 3209 tyrisdpudAlexandriam
1435 3137 1514 3194 beati
1525 3137 1667 3194 hontonis
1682 3142 1711 3193 et
1724 3143 1831 3194 sancta

151 3216 981 3301 demdieebiitGaesridnsarchidiacenasetahtasran·(i
1036 3223 1155 3279 D⁰1¹111ae
1183 3224 1305 3297 Virginis
1334 3241 1402 3280 cum
1431 3225 1520 3282 sociis
1557 3225 1721 3299 virginibus
1750 3242 1831 3281 coto-

150 3321 189 3375 cti
204 3318 324 3376 timebit
1034 3315 1121 3368 natae.

113 3400 180 3457 vttl
201 3400 271 3456 ldus
284 3398 403 3471 Aprilis.
418 3399 503 3472 Apud
524 3400 649 3456 Africam
666 3400 760 3457 natale
775 3407 945 3460 sanctorum
1070 3402 1226 3458 dedendae
1250 3403 1387 3459 ordinatio
1412 3403 1507 3458 damni
1530 3401 1664 3458 Richardi
1687 3403 1829 3474 presulis,

153 3487 308 3562 Epiphanii
324 3487 496 3562 episcopi,et
511 3489 615 3546 Donati
632 3490 801 3547 elatiorem
817 3508 878 3549 aar.
895 3494 947 3549 Ee·
1034 3491 1096 3562 Ipsa
1110 3490 1155 3546 die
1170 3491 1237 3546 ctiit
1252 3489 1376 3547 Othertas
1390 3492 1469 3547 miles
1483 3492 1511 3546 S.
1526 3491 1668 3564 Stephani.

151 3578 217 3634 dem
242 3577 289 3633 die
317 3577 464 3650 Hejesippi
493 3595 540 3633 xrv
567 3579 756 3636 sanctissimi.
772 3579 946 3638 Alexandria
999 3577 1082 3635 xvh.
1100 3577 1163 3634 Kal.
1180 3578 1258 3633 Maii.
1275 3578 1306 3633 ln
1323 3570 1437 3637 civitate
1453 3578 1579 3636 Cordule
1592 3578 1689 3636 natale
1713 3585 1830 3636 sancte·

155 3666 249 3721 sancti
263 3663 389 3721 Peleusii
405 3666 577 3739 presbyteri.
1037 3684 1102 3722 rum
1118 3671 1280 3740 martyrum
1293 3667 1474 3741 Olympiadis
1484 3673 1513 3723 et
1527 3667 1658 3724 Mavimae
1673 3669 1829 3726 nobilium.

188 3756 262 3811 tlhiit
289 3755 426 3811 iohannes
456 3755 539 3812 levita
566 3759 592 3812 et
620 3757 703 3811 athas
724 3759 814 3812 sancti
834 3759 948 3814 Eusebii
1037 3756 1511 3830 lnltaliasancterummartyrum
1521 3756 1830 3824 Maronis,lduthicetis

152 3843 361 3915 allactationis
382 3843 535 3915 prudentia
548 3845 708 3900 litterarum
724 3847 844 3902 imbutus
858 3851 886 3902 et
900 3849 946 3904 te·
1037 3849 1066 3901 ct
1093 3844 1244 3901 Victorini.
1275 3845 1310 3900 Et
1338 3845 1368 3900 in
1398 3845 1545 3918 Reemage
1582 3846 1715 3902 eoenobie
1754 3847 1830 3903 beati

152 3936 241 3989 nitate
254 3932 375 3989 decoctu
392 3933 453 4004 lpse
479 3932 524 3990 dic
549 3934 616 3989 otttt
639 3934 719 3990 Adita
747 3935 878 4005 retipiesa
905 3941 947 4009 te·
1036 3933 1172 4008 sylvestri
1216 3932 1353 4007 discipuli
1392 3935 1485 3991 sancti
1528 3934 1672 3992 lobannis
1717 3937 1831 3992 censes·

153 4040 241 4079 mina.
1037 4040 1123 4079 seris.

116 4113 154 4167 vt
175 4111 243 4167 idus
258 4110 377 4185 Aprilis.
394 4111 478 4184 Apud
495 4110 632 4167 Tolosam
648 4111 744 4169 natale
759 4102 853 4169 saneti
868 4114 946 4169 Exu·
999 4112 1061 4169 XVl
1080 4109 1143 4167 Kal.
1161 4111 1238 4167 Maii.
1256 4110 1500 4185 Cesar-Augusta
1512 4117 1681 4170 sanctorum
1692 4114 1831 4170 decentet

154 4201 224 4273 perii
241 4198 369 4273 episcopi
385 4204 415 4256 et
430 4199 615 4268 contessoris,
632 4202 717 4273 eujus
740 4206 823 4258 actus
842 4202 947 4260 beatus
1036 4204 1100 4257 ecte
1115 4204 1422 4272 martyrumquerum
1435 4200 1555 4258 nemina
1565 4206 1595 4258 et
1608 4202 1707 4274 passio
1723 4202 1831 4257 haben·

153 4288 946 4363 HieronymusmemorabiliterdascribititemaeCatisti

154 4394 262 4522 pagg-u
278 4466 410 4523 heraldus
424 4467 547 4523 sacerdes
560 4472 587 4524 ct
600 4471 754 4524 concentor.

118 4554 362 4628 VldusAprilis.
380 4555 464 4630 Apud
490 4554 676 4613 Antiochiam
705 4554 803 4613 natale
832 4557 947 4614 Proceri
963 4581 985 4647 0

153 4642 302 4717 martyris,
317 4642 367 4716 qui
384 4661 462 4700 unus
477 4645 533 4700 tuit
548 4644 584 4701 de
602 4662 642 4701 vn
662 4644 846 4703 diaconibus.
862 4647 946 4720 Apud

153 4732 301 4806 Syrmium
330 4732 425 4790 natale
453 4749 494 4790 vu
522 4733 682 4807 virginum,
705 4751 769 4807 qua
795 4736 826 4791 in
854 4753 947 4792 unum

154 4826 325 4878 meruerunt
361 4823 505 4890 coronari,
545 4839 671 4895 quarum
714 4822 835 4880 nemina
873 4826 948 4880 Deus

156 4911 244 4967 nevit.

191 4999 265 5056 Obiit
293 5002 394 5058 Suavis
425 5001 608 5059 subdiacones
634 5003 665 5056 in
694 5002 793 5059 litteris
829 5003 949 5059 multam

154 5089 272 5146 deditas.
302 5090 401 5148 Eodem
428 5092 474 5147 die
501 5094 598 5162 rapina
626 5108 697 5147 asar
724 5091 846 5149 daiberti
870 5092 947 5160 otttt,
1002 5092 1051 5148 XV
1066 5089 1126 5147 Kal.
1139 5087 1313 5161 Maii.Apud
1323 5086 1450 5144 Africam
1462 5082 1828 5157 natalaaancliMappalici,

154 5179 233 5251 cuites
248 5190 372 5236 'mse
394 5180 568 5253 etprecilas
594 5180 666 5236 idem
694 5180 836 5238 daibertus
865 5182 948 5238 ecclc-

153 5271 226 5326 siam
249 5271 340 5325 sancti
364 5268 497 5343 Stephani
526 5271 665 5327 canonicis
689 5272 720 5325 in
742 5271 859 5326 Acolacc
881 5271 949 5327 nilla

118 5356 258 5522 lvffdhs
268 5446 387 5520 Aprilis.
405 5448 503 5504 Reme
518 5447 614 5505 natale
628 5447 824 5520 plurimorum
840 5450 948 5522 marty-

153 5552 222 5592 rum
237 5551 312 5609 ques
337 5541 457 5593 sanetus
472 5536 634 5595 Alexander
647 5553 725 5611 papa
736 5535 905 5610 baptizavit,
920 5542 950 5594 et

154 5623 331 5688 Aurelianus
346 5624 464 5686 inmari
479 5642 583 5686 necare
599 5624 677 5698 tacit,
693 5630 721 5686 st
734 5624 803 5686 alibi
818 5624 950 5687 brechia·

1036 4295 1093 4347 tur.
1108 4289 1193 4362 Apud
1212 4288 1384 4345 chorintum
1409 4289 1505 4346 natale
1521 4291 1550 4347 S.
1567 4289 1671 4346 Calixti
1686 4295 1714 4344 et
1729 4288 1831 4345 carisii

1037 4396 1104 4435 eum
1141 4378 1208 4435 aliis
1246 4396 1295 4434 vu.
1334 4379 1431 4434 ilemae
1461 4382 1489 4432 S.
1519 4376 1651 4432 Anieheti
1689 4392 1770 4448 papa
1802 4379 1831 4431 et

1038 4468 1184 4541 martyris,
1226 4472 1255 4523 et
1296 4466 1326 4522 in
1371 4465 1548 4522 Mauritania
1586 4463 1683 4520 natale
1723 4469 1830 4520 sancta

1036 4557 1159 4615 Basilia.
1336 4564 1339 4569 ’

1072 4646 1170 4702 Eodem
1198 4645 1243 4700 die
1270 4643 1397 4700 ederant
1435 4641 1614 4714 Gedelperius
1637 4643 1781 4715 presbyter
1807 4651 1834 4698 et

1039 4740 1175 4804 inpastus
1213 4732 1346 4799 sacerdes,
1374 4733 1423 4803 qai
1446 4730 1519 4788 dedit
1548 4733 1685 4804 tratribus
1720 4729 1832 4796 alodum

1037 4840 1118 4880 snam
1155 4821 1303 4878 Naiailinaa
1339 4835 1402 4876 cam
1430 4821 1510 4876 vinea
1538 4819 1677 4893 adjacente
1704 4821 1735 4875 in
1762 4818 1830 4873 oilla

1039 4927 1101 4986 qne
1128 4911 1231 4967 dicitnr
1262 4910 1424 4966 maniacus
1449 4909 1484 4965 ad
1506 4911 1552 4967 sai
1573 4910 1735 4966 memeriam
1755 4921 1830 4962 recc-

1039 5001 1157 5059 lendum.

1038 5180 1089 5253 qui
1119 5195 1186 5235 cum
1217 5177 1284 5234 aliis
1310 5177 1446 5250 pluribus
1473 5179 1630 5232 coronatus
1659 5172 1829 5230 estAntie-

1038 5268 1105 5326 chia
1119 5266 1216 5323 natale
1239 5270 1410 5323 sanctorum
1436 5263 1512 5320 Petri
1537 5261 1652 5319 diaconi
1666 5265 1695 5319 et
1707 5261 1830 5317 Herme-

1038 5374 1149 5503 geghsiit
1163 5452 1261 5503 Petras
1275 5444 1406 5499 diaconas
1420 5402 1469 5513 pai
1483 5420 1557 5497 dedit
1570 5441 1707 5514 [ratribus
1717 5441 1748 5495 in
1759 5454 1831 5511 pape

1038 5537 1180 5602 Senonica
1194 5536 1225 5590 in
1239 5533 1307 5588 villa
1321 5547 1383 5604 aaa
1393 5530 1497 5586 dicitnr
1511 5530 1748 5597 atramentaria
1759 5543 1830 5600 pape

1038 5623 1268 5685 Antiatederense
1283 5621 1313 5679 in
1327 5619 1397 5679 ailla
1410 5632 1474 5700 qve
1487 5617 1591 5681 dicitvr
1610 5620 1756 5689 Peniacvt,
1771 5631 1830 5682 cm·
