3878 6096
54 313 114 376 381
499 318 550 384 ΒΕ
572 322 709 386 ousiis
732 324 853 385 uulso.
878 324 1097 388 auulsslou.
1109 358 1149 370 —
1161 325 1264 389 PARS
1285 319 1326 388 ll.
1707 325 1767 391 382

34 448 195 507 essentiis
206 448 359 524 splendide
369 452 515 512 decoravit
527 471 534 522 ;
547 453 692 527 siquidem
705 456 733 511 in
747 474 780 513 eo
790 462 885 512 castro
900 461 928 525 Α
943 474 1058 514 morum
1074 458 1229 533 elegantia,
1245 462 1329 515 tanta
1353 456 1442 514 animi
1467 457 1615 525 facilitate,
1631 462 1712 514 tanta
1737 460 1765 514 iu

55 538 202 611 palatium
228 539 429 615 magnificum,
447 542 494 598 cui
510 543 618 600 sacella
635 545 886 631 mornatissimum
941 547 1029 602 rebus
1044 548 1165 619 agendis
1180 546 1314 603 cautione
1329 551 1359 603 et
1373 545 1554 618 providentia
1569 547 1634 614 luit,
1646 551 1680 601 ut
1694 546 1766 602 nibil

55 627 217 700 appendet,
232 630 370 702 granaria
389 630 520 704 ingentis
535 649 627 705 eaque
642 632 781 704 duplicia,
797 653 885 707 penu,
940 635 964 690 ei
982 635 1107 702 dissidii,
1125 635 1327 692 controversia
1343 635 1488 700 nihil,odii
1504 641 1533 690 et
1545 634 1659 690 invidiae
1669 635 1767 690 minus

54 715 211 772 cellarium
229 719 506 792 maximum.paueis
518 722 774 794 aunis,postqunm
790 741 886 780 cmno·
941 740 1007 779 cum
1020 724 1418 797 capituloeutcanonicorum
1431 724 1665 797 aliquounquam
1677 723 1766 779 inter·

54 805 103 860 bio
120 805 164 860 illi
180 810 227 861 est
242 806 407 880 prefectus,
423 809 536 865 eductis
558 811 716 884 chctisque
731 813 886 868 ruderibus
941 812 1071 877 cesserit,
1088 817 1261 883 tantumque
1277 813 1370 868 abluit
1394 817 1427 867 ut
1448 828 1482 867 ex
1505 811 1631 867 ecclesia
1648 811 1767 883 juribus

52 898 81 948 el
98 894 205 959 ruinis,
223 912 298 967 que,
314 896 390 952 utin
407 896 632 954 aliisbcllarum
647 900 790 956 incendiis
806 907 887 957 ante·
941 900 1140 957 redditibusve
1169 900 1279 973 aliquid
1309 905 1462 973 propterea
1491 901 1707 972 deperderetur,
1735 903 1768 955 ut

53 997 267 1055 caseorumque
286 985 556 1042 emuobiarcharum
578 988 755 1061 negligentia
774 991 886 1064 obliga·
942 988 1029 1044 etiarn
1044 990 1130 1061 (quod
1148 991 1221 1044 etin
1243 989 1379 1046 Dervensi
1394 993 1422 1044 ct
1436 988 1652 1044 Castillionensi
1668 1006 1768 1044 mona-

53 1075 128 1136 rant,
148 1072 315 1129 incredibili
332 1074 466 1147 impensa
479 1078 648 1149 majoreque
660 1078 887 1150 diligentiacxs·
941 1078 1038 1133 aleriis
1054 1078 1211 1150 contigisse
1228 1096 1317 1151 supra
1339 1079 1449 1133 dictum
1465 1079 1519 1148 est)
1535 1095 1569 1133 ea
1583 1095 1640 1133 nou
1659 1077 1767 1133 medio-

52 1160 156 1214 trurit.
170 1160 501 1220 lnCastillionensiverc
511 1167 697 1233 monasterio,
711 1167 884 1235 claustrum,
940 1167 1028 1221 ariter
1043 1166 1203 1221 adauxerit.
1225 1167 1355 1222 Tandem
1383 1183 1449 1222 cum
1475 1166 1505 1220 in
1520 1166 1766 1222 Autissiodorensi

56 1248 447 1321 capitulum,dormitorium
460 1256 770 1312 novaalundamentis
786 1258 886 1313 erexit.
921 1254 1109 1326 episcopatu
1126 1272 1218 1311 annos
1230 1255 1328 1310 decem
1345 1262 1373 1311 et
1388 1261 1644 1328 septem,mensem
1662 1272 1767 1322 unum,

56 1338 216 1394 Ecclesiam
233 1347 344 1405 autem,
360 1342 545 1398 relectorium
561 1345 743 1417 domumque
758 1346 887 1406 abbatia:
939 1343 1003 1399 dies
1017 1343 1118 1415 viginti
1135 1359 1185 1399 ses
1201 1343 1336 1410 sedisset,
1363 1344 1544 1414 sexagesimo
1568 1348 1648 1399 sexto
1673 1343 1766 1398 artatis

57 1426 123 1487 lem.
133 1427 247 1500 quibus
257 1428 370 1485 nullam
378 1433 546 1487 monasterii
560 1432 663 1489 faciem
674 1435 887 1491 Martiusluror
940 1449 999 1487 suae
1014 1449 1103 1497 anno,
1120 1431 1167 1487 die
1182 1431 1302 1487 Veneris
1317 1450 1380 1504 quae
1398 1432 1452 1486 luit
1476 1431 1639 1504 penultima
1659 1432 1766 1504 Aprilis

60 1515 468 1590 reliquerat,itareparavit,ut
483 1538 557 1576 nova
572 1522 680 1589 omnia,
698 1522 886 1596 hospitiaque
940 1520 1097 1576 millesimo
1114 1520 1350 1592 quingentesimo
1362 1519 1613 1593 trigesimo,longo
1625 1521 1766 1592 prolluvio

61 1604 218 1661 arridentia
228 1606 496 1672 videantur;eorum
504 1611 748 1667 monasteriorum
758 1613 882 1679 fructus,
938 1607 1048 1663 ventris
1064 1607 1205 1664 universa
1221 1608 1317 1665 carnis
1333 1608 1411 1663 viam
1426 1613 1472 1663 est
1484 1609 1646 1679 ingressus.

63 1708 173 1764 census,
187 1700 218 1750 et
228 1695 362 1752 redditus
377 1696 475 1752 solerti
491 1699 562 1754 adeo
572 1700 753 1771 providentis
763 1700 885 1774 ampliu·
975 1696 1109 1752 sentiens
1123 1697 1222 1768 itaque
1234 1696 1297 1751 vita
1314 1714 1373 1753 suaa
1384 1697 1471 1752 finem
1484 1696 1657 1768 dierumque
1667 1697 1766 1752 termi-

63 1781 106 1847 rit,
122 1784 274 1856 auxitque,
299 1790 332 1841 ut
359 1802 415 1841 non
445 1787 591 1843 immerito
621 1789 758 1845 fundator
787 1791 885 1862 potius
940 1784 1767 1852 numallominosibiconstitutumadventasse,dieDo·

66 1886 143 1941 quarn
160 1871 385 1930 administrator
399 1881 426 1930 et
442 1875 497 1930 diri
514 1880 542 1931 et
557 1877 656 1932 haberi
668 1878 780 1934 debeat.
798 1880 885 1949 Porro
941 1875 1049 1930 minino
1064 1879 1187 1931 mortem
1204 1875 1268 1945 ejus
1283 1874 1575 1946 precedenteaudito
1591 1889 1764 1946 surrupia-

68 1964 202 2029 quantum
230 1962 266 2016 ad
292 1963 580 2021 Autissiodorensem
597 1965 753 2021 Ecclesiam
771 1968 884 2034 attinet,
939 1963 1044 2035 viaque
1069 1968 1252 2034 peccatorum
1270 1979 1391 2017 suorum
1412 1961 1544 2033 dili'gcnti
1574 1979 1607 2017 ac
1635 1961 1763 2033 generali

68 2048 201 2120 templum
219 2051 316 2121 ipsum
338 2068 390 2106 seu
411 2052 502 2107 eadem
527 2053 592 2108 divo
608 2056 813 2127 protomartyri
825 2057 885 2112 Sle·
940 2052 1132 2118 conl'essione,
1149 2050 1333 2106 salutiferum
1358 2049 1541 2105 eucharistia
1556 2049 1695 2105 viaticum
1712 2067 1764 2122 pro

69 2135 153 2204 plano
168 2136 199 2192 in
217 2154 251 2192 ea
266 2139 337 2194 urbe
348 2155 461 2195 sacram
478 2141 599 2197 mirilice
614 2143 777 2204 adornavit.
792 2143 886 2216 pulpi-
939 2140 1105 2197 Christiano
1121 2157 1201 2195 more
1216 2139 1303 2212 digne
1319 2144 1538 2210 reverenterque
1558 2139 1687 2210 suscepit
1698 2156 1705 2206 ;
1717 2139 1765 2194 die

69 2227 120 2278 turn
135 2226 173 2281 ad
191 2226 335 2298 Epistulas
350 2228 885 2302 etllvangelislegcudatotiusGalliae
939 2246 1006 2285 vero
1020 2227 1436 2300 blartissubsequenti,audito
1451 2227 1520 2282 item
1536 2243 1690 2292 sacro,neo
1705 2242 1763 2282 non

69 2313 305 2382 pulcherrimum,
321 2317 394 2371 miro
411 2317 542 2390 lapidum
557 2318 702 2385 tabulatu,
714 2338 779 2376 raro
794 2321 885 2377 arlifi-
939 2317 1044 2373 iterata
1058 2317 1250 2381 confessione,
1267 2333 1385 2372 rursum
1401 2317 1501 2371 devote
1519 2332 1685 2388 magnaque
1705 2332 1765 2370 cor·

66 2401 103 2456 cio
119 2402 320 2476 elegantique,
341 2410 375 2461 ut
403 2406 542 2473 cernitur,
569 2412 727 2472 structura,
749 2427 802 2464 suo
830 2427 886 2466 ere
940 2407 985 2462 dis
1000 2404 1419 2462 contritionecommunicavit.
1435 2406 1510 2460 Turn
1522 2405 1669 2460 advocatis
1685 2409 1765 2459 nota·

63 2487 187 2556 donavit,
201 2508 311 2565 organa
325 2511 359 2550 ea
378 2499 552 2566 tempestate
576 2502 604 2552 et
617 2497 778 2553 bellissima
796 2503 825 2554 el
838 2516 885 2554 ar·
940 2496 992 2550 riis
1007 2500 1215 2551 testamentum
1240 2494 1371 2550 condidit
1385 2493 1413 2548 in
1431 2493 1618 2548 Franciscum
1636 2492 1763 2547 aDinta-

55 2581 217 2648 gutissima
230 2581 302 2637 nulli
323 2586 454 2655 sumptui
477 2601 599 2655 parcens
623 2585 729 2641 instrui
754 2588 883 2655 curavit3
939 2583 1008 2639 villa
1023 2584 1064 2639 illi
1080 2602 1114 2640 ex
1129 2585 1216 2639 fratre
1235 2588 1369 2654 ncpetcm
1385 2599 1584 2638 successorem
1601 2598 1694 2653 nuper
1709 2581 1763 2637 Re·

52 2668 147 2736 pallia
160 2670 222 2725 duo
236 2686 325 2726 aurea
333 2673 546 2744 pretiosissima
559 2673 663 2744 majori
679 2674 762 2730 altari
774 2692 884 2731 accom-
938 2673 1069 2745 gienseru
1084 2673 1265 2744 episcopum,
1283 2670 1547 2727 Autissiodorensis
1571 2669 1703 2725 Ecclesia
1718 2670 1766 2724 da·

49 2758 156 2822 moda,
173 2759 319 2830 planetas,
335 2759 483 2832 pluvialis,
500 2761 616 2834 aliaque
630 2763 822 2819 sacerdotalia
835 2782 883 2819 ve·
939 2778 1044 2816 eanum
1059 2769 1087 2816 et
1101 2761 1286 2826 canonicum,
1301 2761 1330 2815 in
1346 2760 1430 2830 cujus
1447 2760 1572 2815 ratramni
1584 2759 1764 2831 jampridem

43 2847 196 2902 stirnenta
208 2848 426 2920 quamplurima
436 2852 687 2924 auro,margaritis
698 2857 726 2907 et
736 2852 884 2923 lapidibus
938 2866 1024 2905 suum
1040 2849 1322 2906 Autissiodorenscm
1338 2849 1539 2921 episcopatum
1555 2846 1763 2918 resignaverat,

39 2935 193 3003 pretiosis
209 2936 331 3002 intexta,
347 2943 457 3009 quanta
482 2939 564 2995 nulla
588 2939 647 2996 alia
660 2939 820 2996 Galliarum
837 2959 882 2997 ec·
938 2943 1136 2994 exsecutorem
1153 2938 1467 3010 nuncupavit'l'cstans
1482 2940 1580 2991 autem
1597 2936 1762 3003 duodecim,

36 3022 144 3080 elesia
158 3023 358 3097 splendidiora
370 3026 486 3095 habeat,
496 3029 636 3102 elargitus
652 3034 737 3094 estet
751 3031 815 3102 ejus
830 3047 884 3103 ope
938 3028 1015 3100 quod
1033 3027 1125 3090 aiunt,
1145 3026 1243 3082 obitus
1262 3043 1376 3082 annuos
1400 3030 1429 3080 et
1454 3029 1610 3098 perpetuos
1634 3023 1765 3096 quolibet

41 3112 185 3169 maxima
199 3129 218 3168 a
233 3114 377 3187 frequenti
400 3117 607 3189 suffragatione
631 3135 665 3174 ea
680 3136 749 3190 pars
765 3119 883 3191 provin·
938 3117 1043 3173 ultimo
1056 3119 1102 3173 dic
1117 3116 1396 3187 Veneris,cuy'usque
1412 3113 1522 3169 mensis
1537 3112 1566 3167 in
1583 3112 1765 3168 Autissiodo-

40 3199 104 3255 eiae
116 3200 384 3259 Autissiodorensis
399 3222 462 3277 quae
477 3212 522 3260 est
536 3207 881 3272 translonam‚videlicet
895 3193 916 3259 C
936 3207 1014 3262 roasi
1030 3205 1152 3262 ecclesia
1166 3204 1355 3261 celebrandos
1367 3203 1413 3276 pie
1424 3202 1765 3273 fundavitetprocujua

44 3289 244 3357 masiacum,
261 3291 485 3360 clameciacum,
502 3298 530 3350 et
554 3295 791 3366 circumjacentia
806 3294 879 3364 loca,
936 3293 1007 3351 libet
1020 3294 1215 3351 celebratione
1230 3293 1383 3349 duodecim
1407 3291 1497 3347 libras
1513 3291 1699 3345 'turonenses
1716 3305 1763 3344 ca-

48 3392 119 3448 que
133 3379 356 3447 olimsaeriente
371 3381 481 3453 passim
497 3382 574 3439 inter
590 3384 765 3439 Francorum
782 3401 880 3458 regem

50 3471 86 3519 et
113 3467 337 3540 burgundiones
369 3470 455 3537 bello,
491 3472 651 3527 Senonensi
680 3473 879 3542 jurisdictioni

58 3560 180 3627 ascripta
196 3558 301 3623 luerat,
316 3559 581 3616 Autissiodorensis
605 3561 736 3633 praetoris
756 3563 880 3633 jurisdi-

61 3643 140 3699 ctioni
157 3662 210 3718 per
225 3662 369 3718 suprema
386 3649 472 3703 euriae
484 3648 669 3720 parlamenti,
683 3651 744 3706 sive
759 3658 880 3707 senatus

63 3729 228 3790 Parisiensis
243 3740 400 3803 arrestum,
417 3738 553 3793 restituta
567 3742 620 3794 est.

95 3822 210 3895 irrepsit
237 3824 323 3895 (pmb
349 3823 457 3895 dolori)
479 3843 512 3882 eo
537 3831 666 3900 tempore
695 3828 879 3885 Lutherianae

66 3906 179 3967 hereses
194 3929 267 3967 nova
288 3912 480 3985 impudentia,
504 3915 648 3986 adquam
673 3917 814 3973 radicitus
833 3934 880 3973 ex·

68 3997 279 4072 stirpandum,et
294 4018 310 4057 a
324 4001 456 4059 fidelium
471 4003 584 4059 theatro
598 4005 715 4076 penitus
726 4005 879 4078 exploden-

68 4084 121 4144 dam
143 4089 334 4161 provincialia
355 4091 478 4147 concilia
501 4109 553 4164 per
575 4092 758 4150 senonenses
781 4095 878 4151 archi-

69 4177 192 4245 praesules
206 4178 400 4235 Poncherium
415 4184 444 4235 et
459 4180 494 4235 de
513 4180 598 4237 Prato
614 4199 672 4237 non
699 4187 790 4238 semel
813 4200 879 4239 con-

69 4270 171 4338 gregata
192 4271 274 4322 sunt.
305 4268 416 4333 Quibus
441 4269 580 4325 omnibus
604 4287 671 4325 cum
701 4273 877 4342 sullragnnei

68 4352 180 4428 episcopi
195 4355 408 4429 orthodoxique
432 4357 531 4413 Patres
557 4357 641 4414 multi
663 4361 877 4427 convenissent,

69 4444 117 4496 um
130 4442 179 4499 bic
189 4443 378 4516 potissimum
394 4462 530 4530 magnai
513 4445 580 4502 lidei
593 4447 653 4503 zelo
665 4449 788 4513 fervens,
805 4467 877 4505 nun·

935 3384 1050 3439 nunicis
1065 3384 1201 3440 distribui
1215 3382 1322 3448 voluil3
1339 3381 1415 3454 quod
1435 3384 1463 3435 et
1479 3379 1608 3433 haeredes
1622 3377 1762 3432 continuo

935 3471 1117 3544 fideliterque
1133 3472 1340 3544 praestiterunt.
1354 3466 1569 3524 Ubiverolovis
1585 3465 1648 3521 dies
1659 3465 1762 3521 subse-

935 3577 1029 3632 quens
1048 3560 1217 3615 illucescere
1232 3558 1326 3631 erepit,
1343 3573 1426 3613 sacro
1451 3571 1482 3610 se
1497 3554 1619 3627 perungi
1636 3552 1699 3609 oleo
1713 3570 1763 3625 po·

935 3647 1233 3710 stulavit,unctionem
1245 3646 1319 3702 banc
1335 3649 1495 3700 extremam
1512 3659 1568 3698 uon
1584 3643 1697 3710 eadem,
1709 3642 1760 3696 scd

933 3737 1053 3793 Veneris
1069 3752 1164 3802 mane,
1181 3739 1355 3808 congregato
1380 3732 1588 3788 canonicorum
1604 3731 1691 3786 choro
1710 3746 1762 3801 per

934 3843 1040 3881 manus
1060 3824 1235 3881 venerabilis
1260 3822 1398 3885 cantoris,
1420 3824 1519 3875 mente
1543 3836 1643 3884 sanus,
1662 3818 1759 3873 animo

934 3920 1081 3980 constans,
1100 3912 1248 3970 intellectu
1265 3913 1375 3983 vigens,
1393 3915 1425 3965 ut
1440 3909 1528 3965 etiam
1544 3910 1580 3965 ad
1592 3907 1721 3980 psalmos
1732 3911 1761 3962 et

934 4004 1092 4060 versiculos
1108 4018 1209 4059 omnes
1225 3998 1479 4070 ritedistineteque
1491 3998 1759 4070 responderet,cum

933 4112 967 4150 ea
979 4111 1036 4166 quc
1051 4090 1324 4166 potuit,humilitate
1337 4094 1366 4145 et
1382 4087 1542 4144 reverentia
1553 4086 1761 4158 suscepit3per-

934 4188 998 4238 acta
1010 4182 1145 4237 unctione
1157 4184 1315 4252 rogataque
1326 4179 1362 4234 ab
1374 4178 1437 4249 ipso
1445 4181 1563 4232 cantore
1574 4179 1603 4231 et
1611 4174 1760 4231 canonicis

933 4271 1086 4336 universis,
1104 4269 1152 4341 qui
1169 4268 1300 4324 dolentes
1315 4265 1595 4339 lacrymabundique
1612 4265 1757 4329 astabant,

933 4358 1212 4422 ollensarumveuia,
1215 4374 1314 4412 eorum
1324 4350 1757 4426 sesepracibuscommendans,

932 4447 984 4503 ult'
965 4453 1071 4502 rtmum
1087 4446 1146 4501 illis
1167 4444 1370 4501 recedentibus
1394 4443 1456 4497 vale
1482 4441 1564 4494 dixit
1566 4440 1674 4493 Aderat
1690 4454 1759 4507 prae-

68 4544 141 4599 quam
152 4549 210 4589 non
222 4532 315 4589 astitit
317 4539 516 4607 ,proserpente
533 4536 643 4592 sensim
661 4540 690 4592 et
709 4536 877 4593 clanculum
894 4556 916 4620 y)
932 4526 1758 4606 saluarranciseusneposquietsiprodignitaterdeesnus

66 4619 266 4692 suppullulanti
282 4638 333 4693 per
345 4623 486 4678 viciniora
500 4622 737 4697 lecaperniciosa
752 4625 803 4680 illa
818 4626 875 4693 lue,
930 4625 1009 4681 enim
1020 4629 1093 4693 erat)
1104 4639 1213 4679 munus
1228 4626 1256 4677 et
1269 4618 1444 4691 obsequium
1464 4615 1694 4682 humanationis
1710 4631 1758 4669 ex-

65 4704 195 4766 baasam
211 4727 297 4766 suam
325 4710 457 4784 diligenti
480 4728 552 4768 cura
572 4717 601 4768 et
621 4714 779 4785 provida
755 4731 879 4770 circum·

64 4798 199 4867 wdone
215 4801 396 4872 usqueadeo
419 4804 534 4857 tutatus
557 4805 611 4868 est,
624 4807 657 4857 ut
673 4819 707 4858 ex
719 4818 805 4875 grege
820 4803 876 4859 sibi

62 4887 199 4944 tradito'
173 4904 254 4944 virus
270 4889 299 4944 id
323 4889 438 4946 exitiale
452 4889 502 4961 qui
527 4889 675 4947 hausisset
690 4896 822 4964 repertus
838 4892 878 4947 sit

61 4989 148 5031 mmo.
175 4976 289 5050 llegum
319 4977 456 5034 Ludoviei
485 4978 649 5034 duodecimi
673 4984 701 5035 et
731 4979 876 5036 Francisei

56 5062 135 5135 primi
151 5065 263 5137 quibus
277 5071 309 5122 ut
333 5066 536 5131 charissimus,
552 5066 594 5122 ita
619 5083 720 5123 eorum
744 5068 878 5125 consilia-

55 5150 156 5209 viuset
185 5152 433 5227 eleemosynarius
460 5154 627 5211 ordinarius
655 5162 727 5212 erat.
757 5157 874 5213 Curiam

931 4719 1032 4768 tremas
1047 4717 1150 4784 patruo
1172 4707 1376 4766 amantissimo
1402 4707 1520 4762 deberet
1523 4708 1631 4770 ,tamen
1656 4703 1724 4759 ob'
1717 4721 1760 4759 rn

931 4805 1069 4899 gruentes
1082 4799 1226 4870 lacrymas
1238 4796 1408 4867 luctumque
1420 4791 1636 4867 inexplebilem,
1638 4792 1758 4848 omnino

931 4889 1050 4961 exsequi
1065 4905 1122 4942 non
1140 4885 1234 4959 potuit
1236 4927 1243 4941 .
1261 4885 1316 4957 lgit
1318 4902 1353 4939 ur
1368 4885 1404 4939 ab
1419 4882 1470 4939 ills
1489 4882 1634 4954 horaque
1650 4885 1757 4936 unctus

931 4982 1083 5049 estusque
1096 4976 1131 5030 ad
1144 4975 1259 5030 tertiam
1276 4974 1341 5045 ejus
1353 4972 1409 5029 diei
1436 4970 1667 5045 pomeridianam
1684 4966 1757 5023 nibil

932 5062 1203 5131 mundanum,nibil
1218 5068 1365 5119 terrenum
1381 5060 1509 5125 volvens,
1523 5057 1573 5114 sed
1593 5072 1709 5127 semper
1722 5056 1757 5111 de

930 5171 1018 5228 regno
1035 5153 1084 5208 Dei
1101 5152 1234 5224 loquens,
1251 5169 1303 5224 spe
1318 5140 1457 5218 ma'xima,
1474 5148 1531 5203 ude
1546 5145 1666 5216 maj0re,
1685 5160 1757 5199 cou-

12 5302 14 5315 .
52 5241 218 5315 muttonis,
256 5243 351 5300 tribus
388 5248 548 5314 quatuorve
589 5245 741 5300 mensibus
783 5246 873 5302 conti·
929 5244 1017 5299 stanti
1038 5248 1067 5298 et
1084 5241 1207 5297 inlracto
1231 5241 1329 5297 animo
1358 5240 1451 5295 Deum
1473 5254 1504 5292 se
1523 5237 1673 5290 vocantem
1694 5248 1757 5287 exs-

48 5329 114 5386 suis
143 5347 253 5404 magno
281 5331 427 5398 satellitio,
457 5335 599 5404 apparatu
627 5332 764 5405 eleganti,
796 5351 874 5390 sum-
929 5330 1206 5404 pectebat,atquein
1222 5321 1755 5401 bocpersev·erans,pauloantequar·

45 5421 159 5491 ptuque
193 5419 323 5487 maximo
352 5420 566 5493 frequentabat.
606 5420 698 5486 Unde,
736 5427 769 5478 ut
805 5427 875 5477 sunt
928 5426 1109 5492 tamcorpus
1125 5418 1217 5474 humo
1233 5408 1755 5487 relinquens,beatamcoeloanimam

43 5504 202 5564 bominum
228 5525 335 5575 mores,
364 5509 559 5582 principibus,
590 5509 738 5568 nobilibus
764 5519 792 5567 et
820 5530 873 5567 au·
928 5509 1065 5567 reddidit.
1083 5509 1182 5562 Funus
1207 5505 1373 5560 ducendum
1400 5507 1462 5556 tum
1480 5497 1629 5555 funalibus
1649 5497 1753 5564 cereis,

41 5592 107 5653 licis
126 5597 270 5653 omnibus
292 5598 516 5670 acceptissimus
531 5604 603 5655 erat.
629 5600 722 5656 'lanta
745 5601 873 5672 denique

927 5603 991 5654 tum
1016 5595 1130 5668 pompis
1157 5595 1193 5648 ab
1218 5591 1330 5658 ordine,
1351 5605 1456 5661 genere
1480 5591 1509 5646 ct
1531 5585 1674 5658 dignitate
1696 5601 1753 5641 non
