3878 6098
109 321 187 383 ttot
500 317 669 379 APPEN'B.
692 314 743 374 ΑΙ)
766 309 860 372 SAEG.
882 308 920 368 X.
935 339 974 352 ·-
989 301 1239 366 ttonuttttnna
1261 301 1420 367 ttl'lttttn.
1742 301 1822 361 ttot

108 450 254 523 paradysi,
271 454 359 523 atque
374 454 403 505 te
419 447 612 504 conlaudante
627 443 747 499 Domine
763 441 864 496 audire
879 455 936 494 me-
951 442 975 506 Α
993 439 1088 492 struat
1104 435 1300 500 subditarum,
1317 437 1345 489 et
1361 438 1473 488 telerna
1488 431 1735 489 remunerationis
1748 420 1822 489 mer'

108 544 207 596 reatur
223 557 229 594 :
246 540 326 612 liuga
341 537 448 594 ancilla
464 537 586 603 bona,et
602 532 706 599 tidelis,
716 532 785 604 quia
799 531 829 585 in
843 544 937 602 patre-a
990 524 1091 580 cedem
1107 541 1122 577 a
1138 527 1165 577 te
1181 523 1303 596 pissimo
1318 521 1471 595 pereipiat.
1488 521 1550 579 Par.

109 626 419 700 fuistisulelia,super
444 625 537 682 multa
560 629 589 679 te
608 621 796 687 constituam,
815 618 890 673 intra
905 616 935 670 in
1027 611 1166 669 Omnium
1191 609 1313 666 Domine
1339 611 1404 666 lons
1425 611 1581 680 bonorum,
1609 611 1822 685 justorumque

110 716 253 792 gaudium
267 715 384 774 Domini
399 715 452 771 tui.
470 714 551 778 Quod
570 712 631 784 ipse
646 712 761 784 praeta.
991 704 1182 775 provectuum
1200 704 1411 768 remunerator,
1428 699 1526 756 tribue
1551 700 1668 757 lamala
1683 704 1741 759 tuae
1756 699 1822 757 adc-

148 808 220 863 Tunc
238 805 354 878 imponit
368 805 395 861 ei
413 820 529 859 ιιιιιιιιιιη
553 818 635 873 super
661 806 742 872 captui
757 796 829 869 (227)
844 795 937 852 diruas
952 806 956 813 ’
991 795 1072 864 ptam
1099 790 1171 846 bone
1195 806 1294 863 gerere
1320 789 1507 863 dignitatum,
1521 792 1551 846 et
1564 806 1582 846 a
1595 793 1624 846 ιο
1638 788 1696 845 sihi
1709 787 1822 864 prusti·

111 897 262 953 oratiorum
277 896 347 950 butte
361 895 392 949 in
406 892 516 949 tnoduut
528 890 713 964 praefationis.
991 881 1051 934 tam
1066 877 1153 934 bonis
1169 876 1305 950 operibus
1321 877 1521 950 comprobare.
1535 877 1590 935 Per
1604 878 1679 935 [inm
1694 893 1773 933 nrm.

147 982 339 1057 Omnipotens
354 981 532 1054 sempiterne
554 979 631 1035 Deus
654 973 865 1034 benedictionis
880 977 937 1030 tuta
1028 966 1134 1041 Qtwdsi
1166 965 1304 1022 ordinatio
1339 965 1486 1025 albutium
1515 967 1592 1039 iufra
1622 967 1826 1023 cimeterium

111 1071 253 1145 Spiritum
265 1072 298 1128 N.
310 1070 463 1128 orantibus
478 1069 563 1126 nobis
578 1066 753 1140 propitiatus
767 1063 938 1131 infundunt
991 1058 1065 1128 facto
1078 1055 1175 1126 fuerit,
1190 1055 1350 1128 imponatur
1365 1056 1405 1111 Te
1420 1055 1511 1110 ιιοιιιιι
1528 1053 1706 1113 laudamus:
1722 1054 1823 1129 populo

112 1178 175 1234 quoe
191 1177 242 1233 per
257 1176 363 1218 manus
379 1159 465 1215 hodie
481 1157 695 1230 impositionem
713 1153 862 1209 abbatissa
872 1168 938 1206 con·
992 1146 1159 1200 acclamante
1173 1144 1260 1216 Kyrie
1272 1143 1393 1200 eleison.
1408 1152 1499 1217 posteo
1523 1142 1633 1200 dicutur
1654 1145 1715 1201 lime
1737 1146 1823 1203 oratio

112 1250 254 1318 stituitur,
270 1247 503 1305 sanctificatione
530 1251 579 1301 tun
592 1245 680 1316 digne
695 1261 711 1298 u
726 1247 753 1296 le
769 1242 858 1297 electa
872 1244 938 1312 pec·
990 1242 1051 1306 post
1065 1233 1189 1305 artoptam
1202 1233 1373 1303 diput'tutem.

113 1343 240 1408 maneat,
253 1345 285 1394 ιιι
299 1353 451 1410 nunquam
468 1335 656 1408 postmodum
672 1334 707 1387 tle
722 1335 773 1386 tua
787 1329 882 1403 gratia
897 1345 939 1384 se·
1028 1327 1115 1388 Deus·
1132 1321 1179 1378 01¹1
1195 1321 1292 1377 Omnis
1307 1324 1439 1394 poteslas
1452 1325 1480 1377 ei
1501 1321 1629 1395 dignitas
1652 1322 1823 1393 intitulatur,

113 1431 232 1500 paretur
243 1427 374 1500 indigna.
387 1424 534 1497 Suscipiut
549 1427 576 1479 te
592 1422 714 1477 Domino
727 1419 868 1493 largiente
883 1417 936 1471 ho·
994 1413 1032 1467 da
1047 1411 1162 1467 lamulae
1178 1415 1234 1466 tua
1250 1411 1284 1467 N.
1302 1427 1474 1484 prosperum
1501 1428 1559 1466 aute
1584 1411 1741 1486 dignitatis
1754 1412 1825 1469 elie·

113 1515 160 1572 die
171 1515 200 1571 in
212 1516 288 1572 bono
299 1531 386 1588 opere
405 1510 664 1586 perseuerantiam,
677 1511 706 1564 ia
721 1505 851 1564 advorsis
866 1523 936 1563 con·
994 1504 1088 1571 ctum,
1103 1500 1132 1555 in
1148 1517 1206 1573 qua
1222 1504 1249 1556 te
1267 1516 1383 1574 semper
1397 1500 1509 1570 timeat,
1517 1499 1630 1573 tibique
1640 1500 1755 1576 jugiter
1765 1501 1825 1575 pla·

114 1603 267 1672 stantiam,
283 1603 311 1658 in
336 1601 525 1657 tribulatione
553 1597 751 1664 tolerantiam,
765 1596 795 1651 in
816 1594 939 1668 jejuniis
994 1606 1058 1645 core
1074 1590 1241 1645 contendat.
1259 1590 1322 1645 Per.

113 1684 938 1762 desiderium,inimpietatibusmisericordiam,inhumi·
1029 1678 1061 1734 Si
1077 1679 1147 1734 utibi
1175 1686 1329 1735 consecratu
1355 1679 1441 1751 faerit
1468 1677 1617 1748 ιιιιιιιιιεα,
1645 1680 1826 1750 represent

113 1777 196 1835 litate
212 1777 421 1852 principatum,
433 1777 463 1831 in
480 1773 617 1847 superbia
632 1772 781 1842 odium,ia
794 1771 853 1825 'lide
870 1768 939 1825 dile·
953 1816 978 1881 B
994 1769 1192 1823 tuonntterium
1220 1769 1309 1823 oannis
1332 1768 1430 1824 chonca
1453 1768 1650 1825 mortariorum
1677 1768 1826 1840 honorifice

114 1867 251 1936 ctionem,
269 1867 297 1922 iu
314 1865 447 1922 doctrina
468 1863 661 1936 vigilantiam,
678 1861 705 1916 in
724 1860 856 1918 castitate
870 1876 938 1915 con·
991 1856 1124 1929 pracedat
1151 1872 1213 1912 cum
1236 1856 1372 1924 crucibus,
1397 1872 1470 1928 aque
1499 1856 1649 1929 benedicto,
1664 1858 1785 1925 incuuo,
1799 1862 1827 1914 et

113 1952 277 2028 tinentiam,
294 1954 325 2010 in
342 1949 729 2022 luxuriaabstinentiam,in
750 1948 939 2006 varietatibus
992 1947 1143 2018 aucupatio,
1173 1953 1198 2001 et
1227 1947 1256 2001 iu
1285 1946 1342 2017 ipso
1371 1946 1493 2002 ecclesiia
1521 1947 1639 2003 introitu
1667 1949 1826 2019 irnpenatur

114 2043 370 2112 modemntiam,in
387 2042 519 2099 moribus
535 2039 754 2096 doctrinam.To
765 2041 939 2095 munerante
992 2036 1032 2090 Το
1046 2034 1138 2090 Deum
1153 2034 1321 2101 laudamus,
1339 2036 1419 2090 turha
1443 2035 1579 2091 cleronome
1601 2036 1689 2111 Kyrie
1704 2035 1826 2107 eleison,

114 2132 238 2188 Domine
254 2132 321 2188 talis
347 2131 376 2188 in
399 2132 455 2188 hoc
479 2129 652 2195 ministerio,
669 2127 764 2201 qualis
779 2126 865 2183 levita
879 2125 939 2182 cle·
993 2131 1018 2180 ct
1030 2125 1187 2197 presbytero
1200 2132 1382 2196 prosequente
1403 2125 1541 2182 orationes
1555 2133 1586 2180 ut
1610 2141 1697 2198 supro
1712 2143 1722 2181 .·
1737 2126 1827 2197 Deus,

114 2223 179 2278 ctus
188 2221 224 2277 ab
233 2221 374 2294 apostolis
383 2219 678 2292 sanctusStephanus
689 2217 797 2272 marttit
808 2232 939 2290 perseue—
994 2213 1041 2269 cui
1057 2213 1154 2269 omnis
1169 2217 1308 2287 potestas,
1325 2217 1381 2269 etc.

115 2327 189 2365 rare.
205 2311 308 2367 Totam
324 2311 361 2365 ab
380 2308 467 2366 hodie
491 2306 665 2364 diabolicam
690 2305 940 2374 conversationem
1119 2319 1366 2377 CONSECRATIO
1382 2320 1504 2378 SACRAE
1522 2320 1697 2390 vfflfflmg,

116 2397 334 2472 despiciat311ua
357 2397 479 2454 Domine
501 2388 700 2452 ὴέιιῦᾱίἒῑιῠιιθ
715 2393 856 2468 lill'ssleiitss
871 2410 940 2449 con·
995 2426 1060 2472 ΟΜ
1079 2427 1107 2465 [Ν
1129 2425 1291 2475 ΕΡῙΡΗΜΙΛ,
1312 2427 1365 2465 VEL
1383 2427 1413 2466 IN
1433 2427 1561 2469 SECUNDA
1589 2427 1675 2468 mm
1697 2427 1825 2482 nsum,

115 2490 248 2560 tempnat
259 2485 530 2561 presentia,diligat
544 2483 682 2552 etalestin,
696 2483 816 2556 prumia
830 2482 942 2539 deside·
1058 2498 1091 2535 nr
1111 2497 1140 2536 ιι
1161 2498 1316 2537 unntmaus
1335 2498 1541 2537 tresroaonuu
1561 2497 1758 2539 manemus.

116 2579 160 2632 ret
175 2575 363 2649 sempiterna,
375 2575 418 2630 Sit
432 2572 609 2645 exenrplum,
620 2576 649 2627 et
665 2572 758 2627 lornta
769 2571 891 2642 justitiae
904 2570 941 2626 ad
1032 2569 1139 2638 Omucr,
1155 2572 1205 2643 pai
1218 2570 1253 2626 ott
1267 2587 1358 2625 sacros
1373 2569 1482 2626 crdittes
1492 2570 1587 2626 deberit
1595 2573 1827 2644 praenominate

115 2663 347 2736 gubernandam,
364 2663 579 2736 regendamque
596 2659 751 2716 Ecclesiam
765 2658 897 2728 fideliter,
910 2663 942 2714 ιιι
993 2661 1246 2732 pronuntiationem
1260 2660 1398 2729 etrurtpclit'
1411 2659 1507 2717 deberet
1517 2663 1685 2716 aamercort.
1703 2660 1826 2735 Virgines

115 2752 293 2826 speculatrix
306 2752 411 2807 idonea
426 2751 502 2807 inter
517 2768 585 2807 sitas
602 2749 728 2823 collegas
749 2764 864 2820 semper
878 2747 940 2804 elii-
992 2758 1053 2822 post
1066 2750 1164 2804 lectam
1177 2750 1350 2820 cuorrpetium
1360 2748 1456 2804 dotent
1466 2749 1627 2822 eeleri,post
1640 2750 1825 2821 euangelium,

116 2838 219 2906 ciatur,
236 2839 275 2894 sit
289 2836 388 2911 magni
403 2836 528 2905 consilii,
546 2836 707 2904 industriae,
724 2852 865 2904 censurae,
882 2835 943 2892 attt-
995 2847 1020 2895 οι
1034 2838 1135 2894 dictum
1149 2854 1182 2893 eo
1194 2846 1331 2911 prouentu
1347 2839 1489 2896 lmtouium
1505 2839 1638 2896 ittott'nato
1652 2840 1744 2913 capite
1764 2846 1827 2897 ante

117 2925 208 2992 cotim,
220 2924 390 2997 disciplina.
402 2925 444 2979 lta
462 2929 489 2979 to
508 2923 630 2979 Domine
645 2923 792 2978 tribuente
804 2923 833 2978 in
850 2922 942 2978 omni·
995 2928 1082 2983 nitore
1098 2927 1235 2982 berrcdicut
1249 2943 1310 2982 eum
1324 2928 1464 3000 cptitcopua
1479 2926 1591 2983 diceto:

116 3013 173 3069 bus
188 3013 334 3068 mandatis
351 3011 410 3067 tuis
427 3012 489 3067 sine
514 3011 739 3084 reprehensione
762 3011 815 3066 tibi
830 3013 940 3068 mundo
1032 3016 1152 3088 Respice
1167 3015 1289 3071 Dourinc
1304 3032 1392 3088 super
1407 3015 1482 3071 hauc
1497 3016 1640 3072 famulam
1656 3021 1741 3073 tuam
1757 3014 1828 3075 unt

117 3103 203 3158 corde
218 3101 370 3168 deserviat,
384 3106 416 3155 ut
431 3100 466 3155 ad
484 3100 616 3156 bravium
635 3117 767 3173 supernae
783 3100 941 3157 vocationis
995 3105 1375 3178 virginitatispropositum,
1386 3105 1464 3178 quod
1474 3109 1502 3160 te
1513 3104 1677 3179 inspirante
1685 3105 1825 3181 suscepit,

68 3221 71 3225 ,
117 3189 312 3262 multiplicato
327 3189 436 3245 loenore
450 3206 517 3244 cum
530 3189 691 3244 contesimo
701 3189 808 3259 fructu,
822 3206 939 3245 corona·
954 3182 975 3250 G
995 3182 1027 3250 te'
1038 3194 1220 3267 gubernante
1236 3194 1391 3249 custodiat.
1407 3195 1470 3250 Per.

116 3296 172 3353 que
183 3277 305 3352 justitia
321 3279 356 3334 ai
373 3278 535 3334 coelestium
565 3278 769 3334 thesaurorum
800 3279 877 3335 dona
891 3284 942 3335 tua
1141 3284 1313 3339 Cotuccrott'o
1328 3284 1359 3338 in
1371 3282 1482 3339 modum
1492 3284 1681 3356 praefationes.

63 3418 66 3422 ,
116 3367 274 3443 perveniat.
290 3367 353 3423 Per.
1033 3372 1110 3428 Deus
1125 3377 1272 3428 castorum
1289 3389 1443 3444 corporum
1463 3371 1610 3447 benignus
1634 3372 1785 3429 habitator
1798 3375 1825 3431 et

309 3459 381 3513 Tunc
395 3456 439 3513 det
451 3459 479 3513 ci
493 3457 616 3528 reputem
632 3456 726 3513 dicens
742 3476 751 3510 r
956 3451 959 3459 ’
996 3460 1232 3534 incorruptorum
1245 3461 1823 3534 amatorcordiumtteusqnthumanam

150 3547 254 3620 Accipe
265 3546 395 3620 regulam
407 3564 424 3602 a
435 3547 685 3604 sanctisPattibus
696 3546 780 3603 nobis
791 3547 940 3614 traditum,
997 3550 1192 3607 substantiam
1212 3550 1241 3605 in
1257 3549 1361 3624 primis
1376 3549 1548 3606 hominibus
1563 3549 1713 3607 diabolica
1727 3550 1822 3608 scande

115 3636 151 3693 ad
168 3637 329 3710 regendum
346 3634 632 3708 custodiendumque
652 3652 769 3710 gregem
786 3635 837 3690 tibi
854 3653 871 3690 a
886 3636 940 3691 Do·
996 3639 1130 3695 viciatam
1143 3639 1182 3695 ita
1192 3638 1222 3694 in
1233 3640 1318 3695 verbe
1330 3645 1445 3713 tuo,per
1456 3639 1535 3712 quod
1546 3639 1649 3697 omnia
1660 3641 1820 3709 factasunt,

115 3726 196 3782 mino
207 3725 361 3796 creditum,
374 3729 517 3798 quantum
532 3725 607 3781 Deus
622 3724 940 3797 ipseteconlortovcrit,
997 3745 1125 3801 reparas,
1140 3733 1245 3785 uteam
1257 3745 1314 3785 non
1326 3727 1422 3785 solum
1433 3729 1468 3784 ad
1484 3728 1587 3803 prima
1602 3729 1730 3804 originis
1744 3728 1819 3786 iuno·

116 3832 149 3871 ac-
160 3813 304 3887 lragilitas
318 3814 448 3870 humana
462 3814 637 3886 permiserit.
995 3818 1121 3873 centiam
1135 3819 1314 3887 revoces,sed
1323 3818 1409 3874 etiam
1418 3818 1453 3873 ad
1464 3818 1674 3892 experientiam
1688 3834 1819 3893 quorum·

150 3902 272 3958 Domine
301 3903 378 3958 Deus
406 3904 602 3977 omnipotens,
619 3903 669 3975 qui
695 3920 823 3960 sororem
849 3902 941 3977 ltlopsi
996 3893 1818 3980 dambonorumquaeinnovoseculos'uuthaheutlapar·

116 3989 237 4045 Mariam
253 3995 430 4063 praeeuntem
452 4008 518 4046 cum
539 3992 651 4049 ceteris
676 3991 850 4048 mulieribus
865 3992 942 4048 inter
997 3997 1097 4058 ducas.
1109 4003 1138 4052 et
1148 3997 1304 4053 obstrictos
1313 3997 1479 4053 conditione
1490 3995 1661 4053 mortalium
1672 3997 1710 4054 aa'
1726 3994 1817 4055 simili·

115 4094 264 4151 aequoreas
280 4080 374 4134 undas
390 4096 457 4135 cum
473 4081 621 4153 tympanis
636 4086 665 4137 et
680 4081 777 4138 choris
793 4082 888 4136 latam
903 4082 939 4136 ad
996 4086 1128 4141 tudinem
1137 4084 1273 4158 provehis
1283 4083 1466 4158 angelorum,
1479 4085 1590 4159 respice
1601 4084 1816 4159 superhabere·

114 4167 184 4222 litus
198 4167 288 4223 uraris
303 4167 401 4223 venire
416 4167 519 4237 iecisti,
537 4173 564 4225 te
580 4170 728 4242 supplices
750 4171 941 4243 deprecantur
995 4172 1106 4229 mulam
1123 4178 1215 4240 tuam,
1231 4192 1294 4246 quae
1312 4173 1339 4228 in
1357 4191 1446 4230 manu
1463 4177 1515 4229 tua
1529 4175 1718 4247 propositum
1733 4170 1813 4232 coali-

112 4274 164 4331 pro
175 4255 253 4312 fideli
265 4256 376 4313 lamala
386 4257 421 4323 N,
432 4275 495 4330 quea
508 4258 593 4315 ltotlie
610 4264 742 4315 materna
757 4261 786 4317 in
802 4261 940 4317 cathedra
995 4263 1098 4318 nuntiae
1114 4281 1172 4319 sum
1185 4263 1332 4319 collocans
1344 4269 1455 4331 uotum,
1471 4262 1522 4318 tibi
1537 4263 1723 4320 devotionem
1738 4276 1812 4319 suam

111 4345 503 4419 superunivorsassubditus
515 4347 938 4421 sibiabluatissacottstituitur,
994 4353 1086 4421 ellat-t,
1099 4370 1115 4408 a
1128 4370 1185 4425 qtto
1202 4352 1288 4408 etiarn
1307 4353 1383 4408 idem
1400 4356 1497 4407 totum
1514 4351 1690 4426 assumpsit,
1702 4350 1811 4427 quando

112 4434 153 4490 ita
168 4434 308 4492 canonica
323 4452 426 4492 norma
443 4440 559 4493 tueatur
583 4441 704 4494 cunetas
720 4438 845 4494 famulas
862 4445 937 4505 tuus,
993 4442 1111 4497 animus
1128 4439 1243 4497 mortali
1260 4457 1346 4496 cerno
1369 4441 1570 4498 circumdatus
1585 4439 1683 4512 legem
1699 4445 1810 4507 natura,

113 4527 257 4593 quatenus
268 4525 304 4579 ad
315 4527 453 4580 uternam
464 4523 587 4596 gloriam
599 4529 626 4580 te
638 4523 939 4584 auxiliantecumillia
952 4552 976 4617 D
993 4529 1158 4587 libertatem
1174 4529 1306 4602 licentiae,
1324 4529 1381 4586 vim
1398 4529 1631 4598 consuetudinis,
1640 4534 1672 4585 et
1687 4526 1812 4586 stimulos

112 4611 251 4666 omnibus
266 4615 389 4668 introeat
404 4612 585 4685 loeta,ibique
600 4613 734 4670 oaultaus
746 4632 812 4671 cum
825 4616 937 4689 augelis
991 4620 1085 4676 atatis
1099 4620 1237 4686 uinceret,
1250 4618 1305 4674 nisi
1322 4623 1351 4674 tu
1368 4636 1420 4692 per
1433 4617 1560 4674 liberum
1576 4617 1733 4673 arbitrium
1743 4617 1812 4673 hune

111 4715 220 4755 canens
234 4701 348 4757 cantica
363 4719 436 4757 nova
458 4708 600 4774 sequatur
628 4720 738 4776 agnum
762 4721 937 4778 quocunque
992 4725 1121 4769 amorem
1139 4707 1296 4764 clementer
1309 4709 1488 4777 accedentes,
1501 4713 1532 4762 tu
1543 4706 1620 4764 banc
1630 4706 1812 4780 cupiditatem

112 4788 186 4843 ierit.
203 4788 265 4844 Per.
991 4799 1020 4853 in
1038 4800 1101 4870 ejus
1117 4798 1201 4854 corde
1218 4796 1377 4853 clerucnter
1391 4796 1493 4866 aleres,
1506 4801 1536 4851 tu
1550 4797 1755 4852 tortitudinem
1768 4792 1812 4850 mi.

147 4876 935 4952 ConcedequorsumusomnipotensDeuslamulntuae
991 4889 1141 4955 nistrares,
1158 4887 1252 4943 cliusa
1273 4887 1303 4942 in
1326 4904 1429 4943 onmes
1456 4890 1560 4960 gentes
1587 4886 1686 4960 gratia
1714 4890 1812 4952 tanea

111 4965 278 5035 abbatissae,
296 4971 326 5020 ut
341 4967 520 5022 ostendendo
536 4972 565 5022 et
579 4971 750 5039 exercendo,
773 4989 836 5044 ‹111ae
860 4977 937 5029 recta
991 4977 1071 5033 ouini
1087 4976 1284 5049 rationeque
1301 4981 1345 5032 est
1360 4976 1415 5032 suh
1432 4975 1513 5043 eoelo,
1526 4975 1555 5030 in
1572 4974 1727 5032 stellarum
1737 4974 1810 5029 iuna·

111 5059 190 5124 sunt,
202 5054 333 5127 cnernplo
344 5056 485 5111 bonorum
499 5073 618 5129 cupieram
631 5060 745 5116 animus
758 5077 877 5116 suorum
889 5061 937 5116 in·
992 5065 1161 5122 morabilem
1173 5081 1329 5120 numerum
1340 5064 1406 5121 novi
1417 5064 1587 5120 testamenti
1599 5064 1758 5121 heredibus
1767 5060 1810 5117 ad·

147 5233 223 5306 (227)
239 5233 409 5291 Notavimus
425 5233 454 5288 in
471 5233 617 5307 disquisit.
634 5239 661 5303 5,
673 5255 701 5309 p.
715 5256 744 5304 u,
762 5256 786 5293 c.
804 5241 830 5307 l,
847 5258 875 5296 n.
893 5242 935 5311 ll,
991 5243 1177 5326 episcopalis,
1194 5261 1257 5316 qum
1273 5242 1382 5300 alicubi
1402 5242 1559 5300 abhatibus
1575 5242 1631 5299 tuit
1645 5243 1812 5319 impensu!

110 5303 207 5360 locum
222 5322 257 5361 ex
272 5305 431 5377 pontificali
448 5305 603 5361 Christiani
621 5309 746 5380 archiep.
761 5311 936 5383 hlognntini,
992 5315 1119 5388 simplici
1137 5314 1338 5371 benedictione
1354 5315 1493 5370 abbatum
1508 5317 1536 5370 et
1551 5310 1810 5379 abbatissarumde

111 5376 578 5448 ubipostquaminconcertatione
593 5381 698 5434 natatu·
713 5390 873 5437 mentmnta
884 5383 936 5439 hac
992 5405 1049 5459 qua
1066 5388 1111 5442 hic
1127 5403 1160 5442 ac
1176 5392 1276 5460 postea
1291 5386 1378 5442 etiam
1395 5402 1441 5441 res
1462 5387 1568 5460 agitur.
1586 5387 1638 5442 ubi
1655 5388 1731 5444 idem
1747 5385 1809 5442 ritus

113 5458 220 5503 manus
235 5448 421 5520 impositione
436 5451 626 5505 additur:Sed
637 5453 667 5506 tu
681 5456 738 5523 epus
754 5453 938 5512 betredt'ctioue
992 5460 1191 5588 prescribitur
1204 5458 1234 5512 in
1247 5459 1475 5527 consecratione,
1491 5459 1601 5530 quotide
1616 5460 1703 5517 abdat
1716 5460 1755 5516 ut
1767 5455 1807 5513 at·

113 5515 163 5571 boe
177 5533 233 5574 uon
246 5520 296 5591 fit,-
312 5520 389 5577 unde
403 5520 488 5578 laoile
502 5522 614 5579 inducti
629 5525 749 5588 luimus,
763 5532 795 5579 ut
809 5526 938 5585 credere-

1008 5533 1091 5588 ctieut
1106 5529 1272 5588 ordinantur
1285 5532 1314 5587 io
1329 5533 1504 5589 motruuerio.

95 5600 181 5666 ,mus
202 5602 269 5647 eum
298 5589 467 5651 distinxisse
490 5590 537 5651 hie
561 5594 806 5653 consecrationem
825 5597 937 5659 ordinis
