3878 6098
140 354 237 418 1335-
537 351 705 412 APPEND.
727 349 778 408 AD
801 348 895 410 SAEG.
909 347 955 408 ·X.
971 365 1012 394 -1-
1026 347 1276 413 MONUMoNrA
1297 348 1456 412 Ll'l'UltG.
1772 342 1856 410 {336

140 492 288 559 Postquam
303 484 437 540 Diaconos
452 483 524 538 dicit
540 482 580 537 lto
595 481 683 535 llissa
698 484 752 549 est,
764 482 855 536 veritat
870 481 964 536 Socer-
981 479 1007 547 Α
1057 481 1121 537 Non
1137 481 1227 539 intres
1242 482 1272 537 in
1287 480 1434 553 judicium
1451 497 1521 536 eum
1534 479 1625 537 servis
1640 480 1700 537 tuis
1714 480 1853 543 Domine,

279 556 326 612 (108
340 563 403 612 (mle
417 556 518 621 dilate,
533 559 559 608 tl
571 552 718 608 0³⁶¹⁴l⁰t¹tl⁰
733 551 807 607 dica!
822 570 831 606 ·’
1025 570 1098 636 Quia
1112 587 1168 626 non
1180 570 1393 642 justificabitur
1411 570 1441 625 in
1456 574 1615 643 conspeetu
1632 575 1681 626 tuo
1697 571 1797 627 omnis
1812 570 1856 626 vi-

168 663 294 729 'Plaeeat
307 661 360 718 tibi
374 663 480 721 Sancta
489 657 617 714 Trinitas
632 658 806 731 obsequium
821 657 970 716 servitutis
1023 674 1104 715 vens.

143 769 225 819 meaa,
242 756 271 807 et
294 752 409 823 praesta,
427 752 459 803 ut
483 747 672 815 sacrificium,
689 748 766 820 quod
794 747 887 803 oeulis
913 751 969 803 tue
1059 748 1181 804 Domine
1197 750 1274 805 Deus
1288 749 1431 805 virtutum
1447 754 1582 806 converte
1599 766 1651 805 nos
1664 766 1669 805 :
1683 749 1717 805 llt
1730 752 1858 807 ostende

143 839 305 917 maiestatis
316 837 419 903 obtuli,
431 836 470 893 sit
481 837 532 892 tibi
545 835 674 909 placens,
687 837 831 909 mihique,
841 841 869 892 et
879 835 970 892 omni·
1025 836 1128 894 taciem
1145 842 1237 906 tuam,
1255 843 1283 895 et
1298 838 1370 894 salvi
1385 838 1506 895 erimus.

143 932 210 997 bus,
223 944 274 1000 pro
288 925 396 999 quibus
412 924 484 982 illud
498 925 600 993 obtuli,
613 926 652 981 sit
664 929 691 980 te
704 926 861 981 miserante
877 926 972 998 propi·
1060 928 1217 983 Benedicat
1233 946 1285 985 uos
1305 928 1448 985 Dominus
1463 929 1540 987 Deus
1564 933 1673 998 noster,
1700 929 1859 987 benedicat

143 1016 253 1074 tiabile.
270 1014 324 1082 Qui
340 1014 424 1081 vivis,
441 1018 495 1071 eto.
1025 1033 1079 1073 nos
1095 1017 1182 1083 Deus,
1199 1021 1228 1072 et
1244 1021 1377 1074 metuant
1392 1035 1460 1074 eum
1475 1035 1577 1076 omnes
1592 1019 1665 1075 fines
1681 1023 1775 1076 terre.

180 1125 272 1180 Finita
288 1121 372 1178 lltsso
386 1122 542 1248 accedoteld
558 1122 659 1188 Altero,
676 1129 701 1177 et
715 1122 851 1177 oscrdctur
866 1121 935 1176 illud
1044 1104 1183 1249 dntfflsslsst
1198 1107 1301 1250 cttxoudi
1314 1106 1475 1164 ⁰r³l50¹10111
1489 1125 1599 1178 meam;
1612 1108 1760 1165 9ῐῦῙᾶῐῦθῖ
1771 1127 1858 1166 meus

506 1210 608 1249 recens.
1026 1211 1042 1249 a
1090 1210 1227 1250 erema.

181 1283 303 1351 Meritis,
321 1287 350 1338 et
363 1282 623 1339 intercessionibus
638 1283 729 1337 Beate
746 1282 841 1336 Maria
858 1298 973 1354 semper
1380 1287 1501 1341 Dromos.

145 1372 285 1444 Virginis,
297 1376 325 1426 et
340 1371 464 1427 istorum
481 1376 568 1443 atquc
583 1370 715 1425 omnium
727 1375 895 1426 sanctorum
908 1387 973 1426 suo·
1063 1372 1149 1437 Deus,
1160 1391 1245 1445 quem
1263 1375 1362 1430 omnia
1383 1392 1470 1448 opera
1489 1375 1676 1439 benedicunt,
1689 1393 1777 1449 quem
1794 1377 1858 1433 coeli

146 1479 212 1518 rum
228 1462 403 1517 misereatur
427 1459 519 1515 nostri
540 1459 726 1532 omnipotens
750 1459 836 1526 Deus,
854 1460 904 1530 qui
928 1459 972 1513 ri·
1027 1459 1202 1534 glorificant,
1212 1480 1297 1535 quem
1310 1463 1487 1536 Angelorum
1499 1464 1656 1521 multitudo
1667 1465 1857 1529 conlaudant,

145 1551 197 1621 vit,
214 1555 270 1606 eto,
1028 1568 1198 1624 quesumus
1213 1556 1251 1619 te,
1269 1556 1301 1608 ut
1316 1552 1392 1608 sicut
1407 1556 1465 1609 tres
1488 1570 1595 1624 pueros
1618 1554 1655 1610 de
1680 1555 1798 1611 camino
1815 1556 1858 1612 in-

146 1659 270 1730 lixptetis
289 1657 424 1721 cineribus,
441 1655 580 1726 episcopos
602 1653 633 1710 de
654 1655 739 1710 elteri
762 1655 797 1709 acl
820 1658 975 1712 serrarium
1028 1639 1133 1707 cendii,
1146 1658 1202 1695 ¹¹⁰ss
1215 1639 1310 1696 SOlUffl
1321 1639 1497 1710 lllfflS⁰S›Sssd
1508 1641 1595 1698 ellam
1607 1641 1636 1696 ln
1648 1643 1708 1698 [1¹58
1719 1641 1858 1701 lstudibttb'
1873 1714 1880 1729 ‚

182 1729 289 1784 rediens
303 1744 366 1781 earn
386 1727 556 1790 daemonibus,
571 1734 597 1780 ot
611 1729 717 1782 entem
735 1727 833 1797 quibus
848 1727 974 1794 volitent,
1028 1727 1244 1785 conclamantes
1260 1729 1406 1798 liberasti,
1419 1730 1459 1785 ita
1470 1747 1522 1786 nos
1535 1735 1724 1803 peccatorum
1736 1731 1859 1790 nexibus

182 1806 270 1854 ⁶⁰an
284 1799 416 1870 limum
428 1799 513 1852 illum
528 1803 689 1852 Put’f‘l'ltm·
990 1846 1013 1912 B
1028 1817 1189 1885 obvolutos,
1202 1817 1280 1873 velut
1296 1819 1331 1874 de
1346 1818 1482 1892 voragine
1507 1818 1585 1893 ignis
1607 1819 1728 1892 eripias,
1740 1829 1769 1877 ut
1784 1823 1855 1879 darn

183 1905 349 1961 benedicito
364 1904 463 1959 omnia
477 1920 566 1975 opera
583 1903 698 1960 Domini
715 1904 847 1961 Domino.
1029 1911 1056 1962 te
1071 1907 1132 1984 pari
1150 1906 1352 1963 benedictione
1367 1904 1533 1973 laudamus,
1545 1907 1766 1982 criminumque
1777 1911 1856 1967 llam-

184 1994 313 2050 Laudate
328 1993 485 2049 Dominum
501 2010 603 2049 omnes
617 1997 728 2065 gentes.
1028 2013 1104 2064 mas,
1121 2013 1302 2068 operumque
1325 1995 1487 2052 carnalium
1512 1996 1648 2061 incendia
1672 2005 1858 2071 superantes,

183 2083 313 2138 Laudato
328 2080 484 2138 Dominum
501 2081 530 2136 in
545 2081 638 2138 santis
653 2083 727 2154 ejus.
1028 2084 1170 2157 hymnum
1186 2083 1239 2140 tibi
1262 2085 1394 2140 debitum
1406 2085 1492 2156 ¹jure,
1510 2086 1673 2158 meritoque
1688 2087 1857 2144 reddamus.

192 2176 197 2188 “
509 2173 613 2227 Postea.
1030 2172 1083 2227 Per
1098 2172 1253 2228 Dominum
1270 2177 1404 2229 nostrum
1420 2179 1474 2229 ote.

184 2261 269 2317 Pater
284 2264 391 2328 nostor,
408 2259 457 2333 qui
474 2277 504 2315 es
520 2259 548 2314 in
565 2259 656 2315 cotis.
1408 2265 1480 2320 Atio.

213 2420 222 2433 .
488 2352 525 2404 Et
536 2366 639 2422 preces.
1065 2352 1207 2425 Deus,qui
1221 2352 1315 2408 tribus
1326 2352 1425 2425 pueris
1439 2352 1578 2426 mitigasti
1592 2354 1730 2410 llammas
1745 2353 1857 2428 ignium

185 2439 386 2496 Confiteantur
408 2437 460 2494 tibi
485 2438 606 2494 Domine
630 2439 730 2495 omnia
755 2457 842 2512 opero
865 2445 975 2509 tua3et
1029 2442 1153 2497 concede
1178 2442 1322 2513 propitius
1352 2458 1403 2514 per
1432 2443 1671 2499 intercessionem
1701 2461 1817 2511 eorum,
1832 2449 1860 2499 et

151 2527 244 2587 sancti
260 2527 302 2584 tui
318 2528 493 2583 benedicant
508 2527 572 2583 tibi.
1030 2531 1134 2586 merita
1148 2530 1281 2586 oninium
1293 2535 1461 2586 sanctorum
1474 2536 1601 2596 tuorum,
1618 2536 1650 2586 ut
1663 2550 1719 2587 nos
1734 2533 1858 2588 famulos

184 2617 363 2674 Eartltabunt
378 2617 469 2673 saneti
489 2617 518 2671 in
538 2617 640 2688 glorio,
656 2618 833 2674 letabuntur
848 2618 876 2673 in
893 2619 974 2675 cubi·
1029 2624 1095 2676 tuos
1112 2637 1169 2675 non
1185 2623 1287 2675 exurat
1302 2620 1421 2675 llamma
1435 2619 1573 2675 vitiorum
1593 2626 1683 2693 atque
1698 2625 1857 2677 tormento-

150 2705 229 2765 libus
245 2706 318 2764 suis.
1030 2725 1105 2764 rum.
1124 2709 1176 2763 Per
1192 2708 1361 2774 Dominum,
1378 2712 1432 2764 eto.

182 2796 319 2853 llxultent
329 2795 403 2867 justi
425 2795 455 2852 in
480 2800 637 2869 conspeetu
657 2796 703 2853 Dei
719 2813 725 2851 :
744 2801 770 2852 et
796 2796 976 2853 delectentur
1408 2798 1479 2853 Alia.

150 2885 179 2943 in
194 2885 304 2941 laetitia.
1065 2886 1200 2942 Actiones
1216 2890 1332 2942 nostras
1356 2902 1527 2958 quesumus
1550 2886 1684 2955 Domine,
1701 2888 1858 2959 aspirando

183 2975 245 3030 Non
263 2974 346 3029 nobis
364 2973 482 3029 Domine
492 2990 549 3028 non
562 2973 645 3030 nobis
658 2990 664 3028 :
678 2975 728 3030 sed
745 2973 855 3031 nomini
872 2980 921 3030 tuo
937 2975 975 3030 da
1029 2974 1163 3048 praeveni,
1178 2980 1206 3030 et
1220 2974 1384 3046 adjuvando
1395 2990 1580 3047 prosequere,
1592 2979 1626 3031 ut
1640 2977 1739 3032 omnis
1753 2978 1856 3042 oratio,

152 3063 286 3137 gloriam.
1029 3069 1057 3121 et
1072 3069 1177 3118 cuneta
1192 3068 1293 3119 nostro
1307 3064 1436 3135 operatio
1460 3080 1477 3118 o
1498 3067 1526 3119 te
1541 3081 1658 3136 semper
1682 3065 1816 3138 incipiat,
1832 3070 1859 3121 et

184 3152 355 3211 Sacerdotes
368 3150 410 3206 tui
423 3151 544 3207 Dourine
558 3150 719 3207 induantur
729 3152 855 3223 justitia,
868 3158 896 3211 et
910 3171 975 3209 san·
1030 3168 1081 3224 per
1096 3156 1124 3207 te
1139 3156 1233 3223 empta
1248 3152 1376 3206 liniatur.
1396 3151 1455 3219 Per,
1473 3157 1527 3208 etc.

151 3241 188 3298 oti
205 3241 247 3297 tui
263 3240 401 3296 exultent.
990 3213 1011 3280 C
1256 3241 1722 3313 rupiacoorooaeoffictootoeae.

150 3409 1363 3419 m—-ff———ffl-m--ffl

693 3536 993 3622 Fttlottottt
1011 3535 1101 3623 UM
1133 3535 1314 3625 llllSSAE

290 3687 336 3748 tt
352 3688 437 3748 initio
453 3707 543 3769 osque
558 3686 599 3748 od
613 3687 645 3749 Ε
647 3687 825 3768 trenortium,
844 3687 884 3746 od
898 3686 994 3746 instar
1007 3686 1170 3768 sepembris
1185 3688 1277 3747 varie
1286 3687 1505 3768 prccotcbmbos
1520 3687 1718 3766 interpolatae.

185 3951 289 4023 Incipit
304 3952 380 4008 Ordo
394 3951 520 4024 qualiter
540 3952 629 4008 llissa
653 3951 790 4008 celebrari
817 3954 929 4009 debeat.
947 3954 978 4009 ln
1031 3959 1059 4009 et
1074 3953 1224 4009 circumda
1240 3968 1286 4006 me
1301 3949 1392 4007 lorica
1406 3949 1596 4006 fortitudinis.

149 4041 252 4112 prioris
265 4041 388 4097 sacerdos
403 4040 476 4097 dicut
490 4043 639 4098 orationem
654 4043 688 4096 ort
702 4042 877 4098 calceandum
893 4061 930 4098 er.
1067 4042 1113 4098 Ad
1136 4058 1242 4097 oenum.
1265 4039 1385 4095 Domino
1411 4040 1531 4112 accinge
1557 4038 1587 4094 in
1617 4056 1665 4095 me
1695 4041 1861 4099 custodiam

187 4128 289 4185 Celcea
304 4127 424 4185 Domine
435 4130 522 4202 pedes
533 4147 613 4186 meos
626 4130 656 4185 in
673 4131 884 4202 preparatione
895 4149 978 4187 eveu-
1032 4130 1140 4186 mentis
1155 4147 1235 4196 mem,
1247 4145 1283 4183 ne
1294 4128 1359 4200 ipsa
1372 4145 1454 4183 urens
1466 4128 1583 4185 inlletur
1594 4128 1699 4200 spiritu
1711 4127 1861 4185 elationis.

152 4216 220 4292 gelli
241 4217 377 4290 pacis,et
399 4222 517 4289 protege
544 4235 590 4275 me
618 4219 647 4273 in
675 4219 837 4276 velamento
864 4220 977 4278 alarum
1031 4221 1135 4275 Amen.

150 4312 281 4364 tuarum.
1066 4309 1106 4364 ⁴-td
1119 4308 1227 4363 oolam.
1244 4304 1325 4362 Stolo
1335 4304 1459 4377 justitiae
1475 4304 1625 4362 circumda
1634 4305 1759 4364 Domine
1774 4309 1863 4363 cervi·

186 4397 226 4452 Aa
240 4413 338 4451 mortuo
353 4395 493 4454 tricundio.
508 4394 624 4468 largire
640 4395 776 4451 sensibus
794 4397 867 4453 meis
882 4399 976 4455 omni·
1034 4414 1097 4454 cem
1113 4413 1221 4462 meam,
1232 4399 1260 4451 et
1271 4396 1306 4451 ab
1318 4395 1397 4450 omni
1409 4394 1594 4467 corruptione
1609 4395 1723 4468 peceati
1739 4397 1864 4470 purifica

152 4490 255 4559 potens
271 4485 364 4552 Pater,
377 4489 409 4540 ut
424 4484 500 4541 siout
521 4484 649 4541 exterius
671 4483 832 4539 abluuntur
847 4485 980 4558 inquino-
995 4491 1017 4555 [t
1034 4490 1160 4544 mentem
1179 4502 1284 4540 meam

152 4579 250 4631 menta
266 4574 472 4639 menenensis
487 4577 542 4628 oto
554 4574 733 4629 mundentur
748 4574 871 4630 interius
885 4574 978 4648 pollu-
1068 4575 1107 4630 Ao
1121 4575 1253 4629 casotum.
1271 4573 1361 4628 Indue
1376 4589 1424 4631 rue
1438 4572 1561 4630 Domine
1576 4578 1752 4631 ornamento
1768 4575 1862 4631 linuri-

151 4661 244 4718 tiones
260 4663 376 4729 mentis,
393 4668 422 4718 et
443 4667 575 4719 crescunt
595 4663 624 4717 in
642 4661 725 4718 nobis
741 4666 908 4718 sanctarum
933 4682 977 4720 ar·
1031 4663 1134 4729 litatis,
1147 4661 1307 4730 charitatis,
1319 4665 1348 4717 et
1362 4662 1452 4734 pacis,
1466 4660 1641 4735 utundique
1658 4663 1795 4719 munitus
1810 4665 1862 4719 rir-

149 4754 291 4824 gumonta
304 4750 455 4806 virtutum.
472 4752 523 4807 Per
539 4750 687 4806 Christum
704 4755 758 4806 etc.
1031 4751 1145 4808 tutibus
1160 4751 1269 4824 possim
1291 4748 1426 4807 resistere
1440 4750 1565 4820 uitiiset
1588 4750 1731 4810 hostibus
1756 4753 1862 4812 mentis

187 4840 231 4896 Ad
245 4857 383 4912 mappam.
401 4840 441 4896 Da
460 4841 581 4896 Domine
596 4840 733 4901 virtutem
750 4841 888 4896 manibus
904 4841 977 4898 meis
1031 4846 1059 4898 et
1074 4841 1215 4913 eorporis.

150 4930 186 4986 ad
202 4930 427 5002 abstergendam
441 4945 559 4984 omnem
575 4926 720 4984 maculam
737 4930 934 4997 immundam,
946 4937 978 4987 ut
1067 4929 1106 4984 to
1120 4928 1305 5000 mianipulmn.
1322 4927 1363 4983 Da
1378 4927 1452 4983 mihi
1469 4927 1592 4985 Domine
1607 4944 1733 4985 sensum
1750 4936 1860 4987 rectum

151 5019 215 5075 sine
231 5018 390 5091 pollutione
412 5019 518 5074 mentis
535 5024 562 5073 et
577 5018 708 5090 eorporis
723 5019 834 5075 valeam
852 5020 904 5076 tibi
920 5038 980 5077 scr·
1032 5023 1061 5075 et
1075 5035 1173 5074 vocem
1190 5034 1306 5090 puram,
1318 5021 1350 5072 ut
1363 5016 1484 5091 implere
1501 5017 1612 5089 possim
1630 5017 1753 5075 laudem
1771 5024 1860 5075 tuam

150 5108 220 5164 vire.
236 5109 289 5163 Per
304 5108 463 5164 Christum.
1032 5110 1135 5163 Amen.

186 5197 226 5252 Ad
239 5197 380 5253 amictum.
393 5197 544 5253 Obumbro
558 5195 677 5252 bomine
694 5201 781 5268 eaput
796 5214 894 5253 meum
913 5216 978 5254 um-
1069 5196 1169 5252 Deinde
1194 5203 1287 5252 eoirtet
1315 5212 1380 5250 curn
1405 5195 1645 5253 circumtenetur
1674 5198 1789 5254 clericas
1817 5198 1862 5254 tos

150 5285 271 5343 braculo
280 5289 387 5342 sanetae
396 5286 509 5350 fidei,et
520 5284 673 5358 pelleame
685 5284 786 5341 nubila
797 5286 976 5358 ignorantie.
1029 5287 1266 5359 psalmosque
1294 5282 1444 5354 amabilia,
1469 5284 1497 5340 id
1520 5293 1559 5341 cat
1583 5286 1659 5341 Psoi.
1682 5304 1802 5356 aranu,
1818 5288 1862 5359 qai

184 5375 226 5436 ‚Ad
240 5376 341 5431 olbam.
358 5375 448 5431 indue
464 5392 510 5430 me
530 5375 652 5430 Domine
674 5375 846 5430 vestimento
862 5374 977 5444 salutis,
1032 5377 1073 5431 sie
1088 5376 1185 5447 incipit
1200 5376 1230 5428 in
1246 5375 1366 5428 versione
1387 5373 1483 5429 italico
1498 5373 1537 5447 (1)
1550 5382 1576 5430 et
1593 5377 1714 5448 propria
1737 5380 1873 5439 nomene.

187 5500 279 5561 (tilla
295 5499 358 5554 loco
382 5499 471 5554 citato
485 5500 574 5554 rerba
590 5497 747 5554 cardinalis
767 5503 851 5554 Bone
874 5499 921 5554 bie
937 5501 979 5554 si·
1032 5499 1165 5555 versibus
1186 5503 1218 5553 ut
1242 5497 1403 5569 plurimum
1433 5497 1586 5570 eonrpositi
1617 5499 1690 5566 sint,
1707 5502 1860 5575 Gregorius

150 5567 257 5621 stiuiue
275 5586 305 5623 :a
323 5569 395 5625 lllud
412 5577 508 5625 autem
525 5570 579 5625 boc
595 5571 656 5625 loci]
673 5587 729 5625 non
747 5576 791 5625 est
807 5573 978 5642 pnutermit-
1032 5588 1132 5627 corum
1145 5574 1247 5624 auctior
1263 5586 1318 5623 non
1335 5586 1399 5624 eam
1416 5568 1546 5625 Psalterii
1562 5571 1730 5628 versionem
1746 5578 1859 5629 secutus

150 5636 283 5703 tendum,
300 5641 376 5709 quod
394 5658 459 5696 cum
475 5658 576 5697 omncs
593 5642 732 5698 lntroitus
747 5658 781 5697 ex
796 5643 978 5714 psalmorum
1034 5649 1087 5712 ost,
1099 5658 1158 5712 qua
1182 5641 1267 5695 bodie
1291 5656 1394 5695 onrnes
1409 5639 1543 5699 Beclcsiae
1568 5640 1598 5697 in
1612 5642 1735 5703 ¹(lirinis
1760 5641 1858 5700 oliieiis
