3878 6098
143 290 220 357 iras
536 288 704 351 areana.
727 285 777 348 aa
801 282 894 347 sne.
918 280 954 346 x.
972 280 1277 348 -uouaruuum
1297 284 1453 357 struae.
1770 252 1852 346 uss

112 436 116 441 '
141 426 277 501 respexit,
294 424 335 483 ita
353 423 441 482 etiam
458 438 509 496 per
525 437 609 478 suam
625 416 857 476 misericordiam
873 419 965 493 respi-
981 417 1008 485 A
1023 417 1159 490 perlecta.
1171 417 1269 474 Honor
1279 421 1307 473 et
1317 415 1410 491 gloria
1425 423 1469 475 est
1486 414 1703 486 inuisibilia,
1716 415 1766 474 sed
1781 432 1851 474 eum

141 537 206 578 cere
220 518 357 595 digpetur
371 519 401 570 et
420 517 529 571 nostra.

1021 507 1130 579 Spiritu
1147 511 1258 575 saneto,
1271 525 1322 581 per
1337 524 1424 579 quem
1439 506 1611 576 vivificatur,
1633 511 1661 563 et
1685 505 1851 563 sanctitica-

175 609 328 684 Supplices
342 612 371 662 te
385 619 526 678 reparans
539 603 723 669 onruipotens
734 601 967 670 [caespiticiae
1021 600 1080 661 tur,
1096 613 1160 668 quae
1175 611 1209 650 ex
1225 596 1299 668 ipso,
1315 600 1344 651 et
1367 611 1419 667 per
1444 594 1563 651 Filium·
1577 595 1655 651 facta
1676 600 1849 651 noscuntur.

139 700 322 778 perferriper
333 711 433 750 arrianus
441 692 592 765 angelitui
599 689 761 745 insublime
774 689 967 745 citaretuum
1023 687 1189 741 Pereuntia
1198 686 1305 742 decu-la
1314 685 1495 742 savatorem.
1504 683 1617 740 Secula
1629 683 1852 740 seculorumdi-

141 784 452 862 irecenspcetudicince
462 779 965 850 majestatistuae.lncessasrterenim
1021 779 1138 839 cuntur,
1155 774 1232 830 sicut
1247 779 1348 830 saneta
1362 777 1552 839 sanctorum;
1568 773 1623 829 boc
1638 776 1693 841 cst,
1708 789 1760 845 per
1773 779 1852 828 ator·

141 881 236 946 nobis,
253 882 281 934 et
295 892 361 930 oum
377 887 495 927 summa
509 868 674 924 humilitate
690 867 899 940 postulandum
911 874 965 934 est,
1022 880 1059 918 na
1074 863 1189 920 sucula.
1209 865 1260 920 Per
1275 880 1362 936 quem
1377 861 1456 927 trivit,
1468 867 1496 918 et
1506 867 1609 934 regnat
1620 863 1716 930 Pater,
1728 861 1807 929 sirit,
1819 878 1850 918 ac

141 964 338 1026 utsacrilrcia,
356 958 553 1034 quaranobis
578 959 607 1013 in
627 958 683 1013 hoc
707 957 849 1030 corporali
875 957 966 1014 altare
1022 958 1122 1026 regnat
1153 952 1253 1019 Filiae,
1277 951 1355 1017 vivit,
1377 957 1405 1007 et
1435 957 1538 1024 regnat
1564 951 1692 1024 Spiritus
1721 955 1849 1007 sanctus.

138 1057 312 1118 atteruntur,
324 1056 353 1107 ct
364 1068 414 1122 per
426 1066 531 1104 manus
542 1049 732 1103 sacerdotum
748 1051 965 1118 consecrantur,
1021 1043 1119 1108 stenen,
1133 1041 1160 1098 id
1173 1046 1218 1098 est
1226 1058 1281 1097 vox
1292 1041 1436 1112 fidelium,
1447 1046 1475 1095 et
1490 1040 1673 1097 credentium
1690 1041 1720 1095 iu
1736 1039 1851 1096 trinita·

56 1130 66 1147 ’
139 1147 177 1201 air
188 1143 289 1216 angelo
303 1142 331 1195 in
346 1132 744 1212 presentiadsistentesaucto
755 1135 965 1208 suscipiantur,
1000 1135 1079 1209 ,tem
1090 1137 1119 1186 et
1129 1131 1280 1187 unitatem.
1290 1133 1382 1186 Amen
1394 1130 1534 1186 hebreum
1548 1133 1602 1197 est,
1612 1130 1690 1202 quod
1701 1129 1738 1185 ab
1748 1128 1852 1202 aliqui-

139 1251 192 1307 pcr
207 1246 371 1302 manusque
387 1227 466 1283 illius
478 1232 595 1282 sanctas
611 1227 639 1280 in
656 1225 783 1281 sublime
798 1225 888 1281 altare
904 1225 964 1280 Dei.
1021 1220 1076 1275 bus
1092 1220 1301 1292 interpretibus
1316 1217 1526 1292 interpretatur
1540 1235 1605 1275 rere
1621 1223 1649 1274 ct
1664 1218 1802 1286 fideliter,
1815 1220 1850 1277 ab

109 1318 111 1327 ’
140 1320 265 1378 ldemin
282 1317 465 1391 presentiam
482 1320 609 1388 paterne
627 1313 800 1384 majestatis,
813 1331 902 1385 quam
913 1330 967 1370 nce
1021 1309 1177 1376 aliis,vere
1194 1309 1254 1364 irat.

139 1410 242 1468 oculus
257 1407 338 1472 silit,
356 1423 407 1460 uec
427 1403 507 1459 araris
524 1402 643 1473 audivit,
662 1419 713 1458 neo
729 1402 758 1457 in
774 1419 823 1458 eor
838 1402 966 1458 hominis
1056 1401 1186 1464 oremus,
1198 1399 1350 1467 preceptis
1362 1395 1552 1454 salutaribus
1566 1399 1681 1454 moniti.
1695 1399 1849 1472 Praeceptis

140 1496 667 1568 ascenditpsrt'erantur.lltparatque!
679 1509 715 1546 ec
727 1491 968 1564 altarispartici·
1021 1487 1098 1542 eninr
1124 1486 1313 1552 salutaribus,
1330 1487 1359 1542 id
1382 1491 1437 1551 est,
1457 1486 1510 1542 Dni
1539 1485 1710 1553 Salvatoris,
1727 1487 1779 1560 qui
1799 1505 1850 1546 nos

139 1590 259 1658 petione
272 1587 491 1641 sacrosanctum
500 1581 629 1636 Filiilai
638 1581 968 1650 CorpacaetSaupuinem.
1021 1577 1085 1633 sinc
1097 1576 1205 1632 nostris
1216 1576 1329 1632 meritis
1340 1574 1470 1643 salvavit,
1484 1575 1586 1630 moniti
1599 1592 1721 1645 sumus;
1733 1576 1799 1651 ipso
1808 1584 1850 1633 at·

117 1658 441 1747 'aanrpscrimusomui
450 1670 652 1725 benedictione
664 1669 967 1742 eulectietproliore·
1021 1669 1147 1721 testante
1175 1664 1328 1738 discipulis
1344 1664 1406 1720 suis
1423 1681 1430 1718 :
1446 1663 1489 1719 sia
1504 1663 1583 1719 enim
1599 1664 1722 1720 orabitis
1738 1681 1746 1720 ι
1760 1672 1789 1721 et
1803 1667 1849 1723 cli·

137 1765 283 1838 placarer,
298 1777 352 1832 per
364 1757 512 1815 (liciatum
530 1761 624 1812 Darou
640 1756 967 1829 nestrurrr.Semporque
983 1788 1006 1851 B
1021 1756 1088 1810 uiua
1101 1754 1284 1836 institutione
1305 1753 1431 1828 ferrreoli
1451 1753 1590 1808 audentes
1614 1753 1725 1811 dicere.
1740 1754 1771 1811 si
1786 1773 1849 1812 vero

139 1855 232 1910 Deum
244 1852 358 1906 Patrem
370 1863 488 1903 exorare
498 1846 650 1909 debemus,
663 1848 847 1917 utquotquot
855 1845 968 1917 Corpus
1020 1845 1085 1916 ejus
1097 1843 1216 1905 monitis
1225 1849 1254 1900 et
1264 1842 1363 1898 divina
1373 1841 1556 1903 institutione
1567 1842 1685 1899 lormati
1697 1844 1848 1913 lirerimus,

139 1946 168 1997 et
179 1939 359 2012 Sanguinem
377 1936 526 2008 proprium
540 1933 570 1988 in
584 1932 890 1990 commemorationem
903 1933 967 1989 Filii
1022 1937 1098 1989 reete
1121 1932 1217 1988 dicere
1241 1930 1416 1988 audebimus
1442 1930 1527 1987 nobis
1551 1931 1588 1987 ab
1602 1931 1667 2004 ipso
1683 1933 1848 2006 predictam

139 2030 185 2085 sui
202 2026 318 2085 Domini
333 2024 424 2081 nostri
449 2024 519 2080 Jesu
545 2022 653 2078 Christi
669 2023 793 2078 fideliter
808 2023 966 2090 sumimus,
1022 2020 1184 2078 orationem
1211 2020 1450 2092 subsequentem.
1465 2020 1555 2075 Pater
1578 2029 1688 2088 aester,
1702 2022 1753 2096 qui
1776 2039 1805 2077 es
1820 2024 1850 2079 in

138 2118 218 2174 illius
229 2113 429 2172 benedictione
441 2130 474 2169 ac
485 2113 579 2186 gratia
592 2112 703 2184 repleti,
715 2111 823 2168 cmlesti
838 2116 902 2184 ejus
913 2129 966 2168 uos
1021 2112 1106 2166 coelis.
1117 2110 1182 2165 Hae
1197 2126 1251 2164 vox
1260 2106 1404 2165 libertatis
1419 2112 1473 2164 cst.
1484 2108 1597 2164 Patrem
1609 2109 1791 2175 invocamus,
1800 2111 1848 2183 qui

138 2205 468 2280 largitluapietatenon
495 2201 603 2257 nostris
629 2201 741 2258 maritis
771 2197 979 2273 agnoscamus
1021 2216 1075 2255 nos
1091 2198 1207 2267 crearit,
1224 2195 1295 2271 quia
1309 2213 1412 2253 omues
1427 2196 1463 2253 ab
1481 2213 1540 2253 uno
1554 2199 1644 2254 creati
1661 2216 1767 2256 sumus
1782 2200 1859 2257 lieo.-

138 2311 203 2353 esse
218 2293 384 2352 salvandos.
1020 2286 1231 2360 Sanctificetur
1244 2303 1348 2343 nomen
1364 2292 1456 2342 lauru.
1474 2285 1549 2342 Num
1567 2287 1646 2359 quod
1663 2304 1721 2344 uon
1737 2305 1851 2363 sempor

175 2378 966 2456 Nobisqucquepeccatoribustlunulistaisderauttitu·
1021 2378 1235 2433 sanctiticatam
1253 2375 1306 2431 luit
1320 2392 1428 2431 nomen
1444 2374 1509 2444 bnt,
1525 2392 1657 2445 oramus,
1672 2381 1704 2432 ut
1719 2377 1750 2432 in
1768 2376 1849 2434 nobis

139 2475 209 2530 dine
225 2470 446 2528 miserationum
459 2475 578 2524 tuorum
593 2471 780 2540 sperantibus
788 2470 968 2543 perlemati·
1021 2463 1848 2538 aitsanetisreatumnomenejusldreuiatrepnumtuum.

139 2579 225 2636 quam
239 2566 265 2616 et
282 2561 452 2616 societatem
469 2559 577 2615 donare
591 2558 736 2632 digneris.
747 2559 798 2614 Hie
808 2559 968 2631 petitur,ut
1021 2556 1154 2629 Regnum
1171 2555 1220 2610 liei
1236 2570 1352 2626 semper
1367 2551 1431 2608 luit.
1448 2552 1582 2621 Oramus,
1595 2557 1629 2609 ut
1644 2553 1674 2609 in
1691 2554 1778 2611 nobis
1792 2572 1849 2612 non

140 2650 225 2709 nobis
241 2649 369 2723 indignis
384 2666 451 2705 cum
467 2647 577 2704 sanctis
592 2648 665 2716 suls,
679 2653 708 2704 et
719 2647 819 2704 electis
842 2647 967 2720 gloriam
1021 2650 1122 2719 regnet
1136 2644 1283 2711 diabolus
1300 2662 1396 2718 neque
1411 2644 1491 2712 vitia,
1508 2646 1559 2702 sed
1574 2662 1699 2719 reguum
1713 2646 1762 2702 Dei
1773 2645 1811 2702 sit
1820 2646 1848 2701 in

139 2741 259 2798 tribuat.
274 2737 476 2795 bliserationes
491 2738 640 2803 dicuntur,
654 2736 723 2810 quia
742 2737 822 2794 novit
839 2737 966 2811 compati
1022 2735 1116 2791 nobis.
1130 2737 1196 2791 Fiat
1208 2735 1408 2791 cotantostua
1419 2735 1492 2790 sicut
1505 2736 1686 2792 zbcoetoetiu
1702 2744 1803 2804 terra;
1819 2739 1849 2791 ut

140 2828 312 2886 vulneribus
334 2827 453 2893 nostris,
470 2831 499 2883 et
515 2827 764 2882 medicamentum
779 2827 838 2884 dat.
856 2827 891 2882 Et
905 2826 967 2882 hara
1020 2823 1165 2880 alliciatur
1176 2823 1498 2881 voluntasDeiinnobis
1508 2823 1537 2878 in
1551 2823 1656 2880 timore
1667 2841 1850 2882 consumme·

140 2922 240 2973 tamen
255 2916 459 2972 tantummodo
475 2915 662 2988 sperantibus
673 2913 967 2988 promittuntur,quia
1021 2912 1281 2986 murangelorum,
1293 2912 1431 2974 utsimus
1448 2912 1477 2966 in
1493 2910 1642 2981 societate,
1660 2930 1716 2970 nos
1732 2912 1848 2982 terreni,

141 3004 214 3061 nihii
225 3003 321 3059 valent
332 3004 393 3059 sine
405 3020 466 3075 spe,
479 3003 553 3058 sieut
564 3020 691 3075 namque
703 3021 753 3077 per
763 3005 852 3077 pedes
860 3021 967 3077 corpus
1021 3017 1215 3074 supernorum
1227 3002 1592 3058 civiuml’onemnortram
1606 3001 1850 3060 cottidiunamdc

140 3091 283 3159 ambulat,
296 3091 337 3147 sie
348 3096 376 3146 et
386 3095 498 3146 mantas
514 3090 658 3147 bonorum
674 3107 725 3163 per
739 3108 821 3163 spem
837 3093 871 3147 ad
884 3090 966 3147 cocle·
1020 3091 1105 3146 nodis
1118 3091 1216 3158 nodie,
1233 3089 1261 3146 id
1278 3095 1323 3146 ast
1344 3106 1449 3163 panem
1474 3089 1801 3160 supersubstantialem,
1817 3093 1850 3149 de

140 3183 196 3238 stiu
212 3180 446 3253 proficiscuntur.
466 3182 537 3236 Cam
562 3172 620 3236 luis
644 3182 753 3236 carectis
768 3180 920 3252 ,lportolia
936 3159 1001 3236 01ss
1021 3196 1078 3252 quo
1094 3196 1168 3252 pane
1183 3179 1244 3234 Dns
1266 3178 1338 3234 dixit
1355 3195 1360 3232 :
1378 3179 1437 3251 Ego
1454 3195 1519 3234 sum
1536 3181 1622 3252 panis
1636 3180 1732 3251 vivus,
1748 3183 1797 3254 qui
1814 3182 1847 3237 de

140 3269 317 3341 llartyrilrus
327 3268 966 3340 carntoennesteptraaoprartia,sternata,
1022 3269 1093 3324 coslo
1104 3267 1252 3337 descendi,
1266 3271 1299 3322 ut
1309 3267 1344 3322 de
1355 3272 1456 3323 sancto
1467 3266 1550 3323 altari
1567 3269 1738 3325 reficiamur
1752 3288 1848 3343 corpo·

141 3359 271 3434 ignatio,
287 3356 467 3426 Alexandro,
489 3357 672 3428 Marcellino,
696 3359 793 3425 Petro,
811 3359 968 3415 Felicitate

141 3447 429 3521 Perpcluaplpntlru,
438 3448 632 3518 iaciuntque,
644 3450 659 3503 t
666 3446 968 3517 scilic,tnastasia,et

140 3552 205 3595 curu
217 3537 350 3594 erunibus
362 3539 479 3594 Sanctis
488 3539 558 3608 licis,
570 3538 649 3593 iutra
660 3554 778 3611 quorum
791 3555 842 3592 nos
851 3554 968 3595 conscr-

141 3629 217 3683 lium
232 3641 287 3682 aon
302 3627 468 3682 aestimator
491 3627 671 3691 steriliscet
692 3628 786 3684 verriu!
807 3643 969 3700 praesumus

143 3717 268 3788 largitor
282 3715 637 3784 numerumnunerum
653 3720 746 3773 onena
762 3715 968 3772 uerecundiae

143 3804 295 3879 praesumit
311 3821 412 3878 rogare
427 3805 518 3860 Deum
535 3805 672 3861 sacerdos
688 3805 844 3860 nobisdari
857 3808 969 3878 partem

144 3912 211 3951 eum
233 3893 360 3961 Sanctis,
375 3893 445 3965 quia
460 3892 533 3949 nihil
550 3893 660 3949 resistit
674 3893 816 3950 voluntati
831 3894 889 3949 Dei.
907 3894 969 3948 Non

145 3982 222 4038 enim
240 3981 353 4036 meritis
368 3998 505 4037 vocamur
522 3982 557 4037 ad
574 4000 696 4056 regnum
718 3983 902 4051 Sanctorum,
919 3983 970 4039 aed

146 4070 208 4126 sola
222 4068 351 4125 bonitate
365 4069 427 4134 Dei,
441 4086 492 4142 per
515 4071 585 4144 Spm
608 4071 682 4127 Dnm
700 4075 844 4140 nostrum,
862 4072 910 4144 qui
929 4071 970 4126 la-

145 4164 210 4214 ctus
226 4162 271 4214 est
287 4157 437 4225 mediator,
451 4176 538 4231 quem
550 4161 722 4216 advocatum
738 4161 882 4217 habemus
893 4160 970 4233 apud

146 4249 271 4304 Patrem.
288 4248 378 4319 Cujus
393 4247 499 4320 pietate
515 4265 547 4304 ac
571 4249 656 4305 beata
685 4251 819 4322 passione
844 4251 971 4306 reconci-

146 4337 206 4392 liati
225 4353 330 4393 sumus
344 4334 431 4392 Patri.
449 4341 505 4392 Per
522 4352 604 4410 quern
625 4338 685 4393 trec
707 4339 805 4393 omnia
821 4338 895 4394 bona
910 4343 973 4395 Dae

145 4441 362 4496 semperereas.
372 4425 456 4481 Great
467 4424 609 4481 accondit
620 4424 704 4481 Pater
714 4443 765 4498 per
776 4427 892 4498 Filium,
901 4426 972 4484 utin

1022 3374 1052 3413 re
1063 3357 1124 3430 Xpi.
1139 3358 1172 3413 st
1184 3357 1303 3413 dimitte
1317 3355 1401 3412 nobis
1416 3356 1517 3412 clclrito
1540 3366 1653 3426 nostro,
1669 3359 1745 3415 sicut
1759 3369 1787 3415 et
1800 3376 1847 3416 aas

1022 3447 1198 3502 dimittimus
1207 3446 1387 3501 debitoribus
1395 3446 1585 3501 nostris.Ecce
1594 3446 1799 3504 remissionem
1811 3448 1849 3502 di-

1023 3536 1128 3602 cimus,
1146 3536 1223 3607 quod
1237 3535 1266 3589 in
1278 3534 1432 3608 Evangelio
1444 3539 1501 3590 Dus
1512 3534 1582 3590 dicit
1596 3535 1645 3591 :Si
1659 3553 1718 3592 uon
1734 3537 1848 3593 remise·

1023 3623 1087 3679 ritis
1103 3627 1220 3696 peccata
1236 3622 1402 3690 hominum,
1414 3640 1467 3679 uec
1483 3625 1566 3680 Pater
1581 3623 1713 3681 scelestis
1728 3625 1850 3681 dimittet

1024 3719 1143 3786 peccata
1155 3716 1259 3768 vestra.
1274 3716 1306 3768 Et
1323 3728 1358 3768 ne
1373 3727 1423 3769 nos·
1438 3713 1561 3768 inducas
1575 3715 1608 3768 in
1622 3715 1850 3784 terrrptatloneur,

1024 3818 1060 3858 ne
1077 3819 1130 3858 nos
1144 3800 1279 3858 dimittas
1302 3799 1475 3858 inciderem
1493 3801 1719 3874 temptationem
1735 3802 1848 3860 diaboli.

1024 3894 1081 3950 Sed
1097 3893 1288 3948 liberandae
1309 3889 1403 3957 molo,
1420 3908 1437 3947 a
1451 3888 1578 3958 diabolo,
1595 3897 1624 3947 et
1652 3891 1740 3950 malis
1766 3892 1850 3949 homi·

1026 3983 1123 4038 nibus.

1062 4064 1222 4128 Liberon'ca
1236 4085 1401 4143 quaesiimus
1418 4073 1477 4126 Due
1492 4070 1530 4125 ub
1544 4070 1681 4127 carnibus
1692 4072 1849 4140 rnulispue·

1025 4163 1130 4230 teritis,
1143 4160 1349 4234 presentibus,
1366 4159 1531 4228 allaturis.
1548 4158 1582 4214 Et
1596 4158 1652 4215 hoc
1666 4161 1756 4217 etiam
1774 4159 1847 4216 nobis

1026 4249 1246 4324 postulandum,
1263 4252 1291 4304 et
1305 4246 1431 4321 supplici
1448 4263 1533 4319 prece
1547 4248 1737 4323 omnipotens
1752 4248 1848 4305 Deusa

1028 4339 1112 4395 nobis
1133 4338 1298 4394 exorandus
1323 4342 1377 4403 est,
1395 4341 1428 4392 ut
1442 4353 1495 4391 nos
1511 4352 1528 4390 a
1543 4337 1751 4409 presentibus,
1769 4338 1848 4393 idest

1028 4445 1106 4484 nune
1122 4425 1303 4483 instantibus
1318 4425 1405 4482 malis
1418 4424 1534 4497 eripiat,
1548 4429 1577 4481 et
1592 4428 1759 4483 secundum
1772 4442 1848 4484 suam

147 4515 285 4587 mysterio
297 4515 396 4587 gratia
407 4514 511 4570 divina
525 4514 856 4589 nobistraditurcqrpus
867 4521 895 4572 et
906 4535 972 4572 san·
989 4523 1012 4587 [J
1028 4517 1193 4591 largifluam
1218 4513 1449 4572 misericordiam
1475 4531 1491 4570 a
1519 4514 1685 4586 prate-ritis,
1703 4532 1741 4572 ne
1755 4515 1793 4572 ad
1806 4513 1848 4570 illa

148 4602 972 4677 guis.rionctificos,utetnossanctitieemurpersanctum
1029 4607 1199 4672 referamur,
1216 4603 1342 4662 liberet:
1365 4608 1394 4660 et
1423 4620 1440 4659 a
1470 4603 1576 4660 iirturis
1605 4604 1670 4676 ipso
1699 4605 1848 4661 auxiliante

148 4691 335 4747 sacrificium.
346 4692 486 4761 Viuillcas.
498 4692 667 4748 vivificatur
681 4699 782 4751 sancta
797 4694 905 4750 oblatio
921 4712 973 4768 pa·
1027 4700 1168 4762 secernat,
1177 4694 1227 4768 qui
1238 4697 1283 4750 est
1294 4693 1409 4767 agnitor
1420 4693 1620 4767 praesentium,
1630 4694 1847 4768 preteritarum,

147 4779 193 4837 nis
210 4785 238 4835 et
253 4779 323 4840 vini,
336 4781 475 4852 quatinus
486 4781 593 4837 divinis
603 4782 750 4855 mysteriis
765 4784 901 4856 acceptis,
913 4784 974 4840 vita
1027 4785 1252 4856 futurarumque
1264 4772 1373 4839 rerum.
1385 4782 1418 4838 Et
1430 4782 1626 4841 intercedente
1632 4802 1689 4857 pro
1700 4784 1786 4842 nobis
1797 4783 1850 4840 tea

147 4875 255 4925 atoma
271 4868 419 4924 tribuatur
434 4869 580 4926 fidelibus.
598 4877 674 4927 Bona
698 4871 809 4928 scilicet
823 4872 878 4928 ltni
894 4890 972 4928 erea-
1027 4883 1058 4930 ta
1070 4882 1097 4929 et
1111 4871 1552 4945 pieriosaaernpert'irpinettei
1560 4873 1712 4944 perritrice
1722 4873 1850 4934 Marino

146 4965 228 5024 tura,
245 4975 308 5031 qua
324 4958 409 5015 nobis
423 4958 597 5032 largiuntur,
610 4960 793 5017 sanctificata
808 4965 886 5030 sunt,
904 4961 973 5033 quia
1026 4964 1139 5020 cunctis
1151 4961 1291 5035 apostolis
1304 4962 1365 5017 tuis
1379 4965 1466 5018 Petro
1479 4966 1508 5017 et
1519 4961 1720 5036 mutastique
1729 4963 1848 5019 ¹tndrco.

147 5067 200 5105 nos
216 5048 409 5104 sanctificant.
425 5046 591 5103 vivificata:
609 5066 660 5121 per
672 5066 735 5122 quse
752 5053 900 5123 prestatur
914 5051 973 5106 vita
1028 5058 1073 5110 Do
1081 5052 1227 5125 propitius
1236 5067 1337 5122 pacem
1348 5052 1380 5106 in
1390 5048 1488 5106 diebus
1502 5050 1620 5122 nostris,
1630 5056 1662 5107 ut
1676 5067 1734 5123 ope
1749 5049 1849 5108 rabui-

146 5139 240 5193 beata.
260 5137 413 5193 Benedicta
431 5155 437 5192 :
454 5153 505 5208 per
529 5154 592 5208 quar
618 5138 780 5194 benedictio
799 5139 929 5212 corporis
944 5144 973 5196 et
1025 5142 1208 5198 cardiacae
1217 5140 1329 5212 adjuti,
1341 5144 1368 5195 et
1381 5136 1848 5213 apecealcsrtmusser'npertiberi,

147 5225 302 5300 sanguinis
315 5226 402 5282 datur
428 5225 524 5282 nobis.
538 5229 595 5281 Per
610 5228 716 5297 ipsum,
731 5232 760 5282 et
775 5244 838 5282 curu
856 5230 929 5301 ipsc,
944 5235 973 5286 ct
1025 5241 1052 5287 ct
1064 5233 1101 5288 ot>
1112 5231 1194 5288 orrrni
1202 5229 1423 5300 perturbatione
1432 5228 1634 5289 securisseata
1642 5246 1716 5305 ergo
1729 5224 1849 5305 beigeai.

148 5318 178 5372 in
187 5318 302 5386 ipsam!
313 5317 373 5371 tibi
381 5321 438 5372 Deo
448 5318 534 5372 Patri
544 5318 737 5385 aurnipoleuti
747 5319 777 5371 ia
788 5319 903 5373 unitate
911 5318 973 5387 Spi-

147 5408 223 5460 ritus
236 5406 330 5494 sanct)
344 5406 437 5461 orariis
453 5406 577 5461 honoret
585 5404 755 5480 ploriaEst
769 5406 863 5462 honor
872 5413 899 5463 et
910 5406 972 5481 glo·

149 5492 192 5547 ria
207 5494 294 5558 Patri,
312 5495 361 5550 sed
378 5511 444 5550 eum
461 5495 542 5562 Filio,
568 5511 619 5567 per
634 5512 720 5568 quem
739 5495 839 5550 omnia
854 5497 970 5567 crearit,

151 5594 217 5634 eum
234 5598 291 5652 quo
307 5588 410 5639 cuncta
426 5585 513 5656 coepit
528 5584 669 5653 lacere‚et
680 5585 710 5641 in
726 5601 783 5658 quo
794 5587 973 5644 suntomnia

1027 5320 1092 5388 tris,
1110 5337 1172 5392 qua
1201 5319 1308 5373 meruit
1331 5318 1411 5390 virgo
1439 5333 1505 5374 esse
1528 5316 1558 5373 in
1578 5325 1679 5390 partu,
1696 5321 1779 5395 virgo
1790 5322 1843 5393 pest

1027 5404 1844 5484 partumprimumhumillimapostulatioueimploranda

1027 5503 1081 5565 est,
1094 5502 1126 5552 ut
1137 5498 1200 5570 ipsa
1212 5496 1374 5552 intercedat
1387 5512 1439 5568 pro
1457 5496 1542 5552 nobis
1555 5496 1592 5553 ad
1607 5497 1844 5569 Patrem,Filiura·

1027 5602 1094 5659 qua,
1111 5604 1145 5642 ex
1161 5584 1369 5642 sesecundum
1392 5600 1510 5642 earnem
1537 5590 1654 5644 natum.
1672 5584 1843 5661 Postquain
