3878 6098
121 299 181 358 aaa
453 293 620 355 APPEND.
643 292 696 354 Ab
720 291 816 353 SAEC.
839 291 878 350 Χ.
895 321 932 332 -
948 286 1197 351 MONUMENTA
1220 289 1496 352 ntvnuttut‘lcu.
1768 288 1826 350 tto

29 491 32 497 ,
122 429 346 503 respondemus,
363 426 432 499 quia
453 425 489 481 de
508 424 568 481 ulio
589 426 695 493 vestro,
711 438 800 495 quom
820 438 872 494 pcr
897 419 943 478 ilci
959 419 988 486 Α
1002 420 1082 477 trabis
1097 420 1216 495 aliquod
1228 421 1471 494 impedimentum
1484 421 1578 478 iacere
1592 418 1727 487 voluerit,
1739 419 1769 476 in
1782 436 1826 478 ve·

123 518 247 594 gratiam
263 520 291 574 et
305 520 432 573 vestram
454 512 677 587 dispositionem
702 512 835 567 futurarm
851 508 946 567 aenio-
1001 515 1063 569 stra
1076 510 1267 584 dispositione
1281 511 1338 567 erit
1352 511 1448 584 quiin
1464 511 1520 567 isto
1536 526 1625 583 regno
1645 513 1824 575 remaneant,

123 626 183 665 rom
200 612 268 682 post
289 624 341 664 vos
364 606 471 663 babere
488 602 633 670 volumus,
649 599 761 656 nnllam
777 599 947 656 firmitatem
992 601 1044 658 vel
1059 601 1110 675 qni
1126 606 1191 674 post
1204 618 1257 657 voe
1270 598 1300 657 in
1314 604 1445 657 vestrum
1460 599 1641 671 adjutorium
1655 602 1790 672 pergant.

122 698 211 755 sliam
222 696 393 770 quaerimus,
404 692 462 750 nisi
474 692 529 749 hoc
539 692 617 765 quod
627 706 679 746 vos
690 690 719 745 in
730 687 884 762 capitulari
898 705 946 746 ve·
1035 692 1063 747 8.
1080 692 1109 748 Si
1120 694 1278 764 numquam
1293 691 1462 760 redeamus,
1469 688 1559 763 aliqui
1573 688 1702 746 bonores
1710 687 1825 745 interint

123 790 184 844 stro
197 783 381 843 statuistisot
388 781 566 849 decrevistis,
578 778 664 836 nobis
679 779 837 852 unicuique
846 777 877 835 in
886 794 947 835 ‚sno
1001 781 1094 853 aperti
1111 781 1230 847 inerint,
1247 780 1493 836 considerandum
1504 777 1579 852 qnid
1591 778 1699 834 exinde
1713 781 1824 851 agatur.

123 875 224 932 ordine
241 879 269 930 ot
295 889 420 946 persona
442 872 602 926 conservet.
618 868 659 926 De
674 867 729 925 hoe
744 868 823 941 qnod
837 866 946 925 ibidem
1038 869 1094 926 ΗΡ.
1108 869 1139 927 Si
1155 873 1326 941 antequam,
1343 869 1466 940 juvante
1481 867 1614 934 Domino,
1629 865 1824 937 memmius,

123 964 336 1036 scriptumest,
354 958 478 1034 qualiter
501 958 565 1032 ipse
588 958 624 1015 de
647 957 732 1015 nobie
746 973 868 1014 securus
882 972 948 1014 esse
1001 958 1109 1032 aliquis
1123 958 1363 1032 archiepiscopus
1378 958 1534 1015 defunctus
1544 954 1826 1029 ineritvicinusepi·

123 1048 539 1126 possit‚respondemus‚quod
553 1052 582 1103 et
597 1046 696 1113 Remis
711 1046 784 1119 (loo)
800 1045 949 1119 respondi·
1001 1064 1109 1122 scopus
1125 1047 1219 1120 ipsius
1232 1047 1382 1105 dioceseos
1397 1062 1464 1103 cum
1480 1046 1586 1103 comite
1608 1045 1705 1118 ipsam
1729 1045 1826 1102 amam

122 1157 200 1205 mus,
216 1137 325 1212 quiesi
341 1137 419 1193 Deus
433 1140 463 1193 st
476 1153 526 1193 vos
551 1135 637 1195 iilum
660 1136 690 1193 in
710 1134 792 1208 mgni
807 1134 948 1209 regimine
1002 1137 1158 1210 prevideat
1173 1135 1453 1211 usquedumobitns
1466 1135 1560 1209 ipsius
1571 1133 1781 1207 archiepiscopi
1791 1134 1826 1191 sd

123 1225 363 1294 sublimaveritiS,
376 1230 405 1282 et
419 1225 449 1280 in
473 1229 554 1298 parte
581 1225 771 1282 denominata
794 1223 878 1280 illum
895 1225 948 1280 do·
1002 1231 1128 1284 vestram
1140 1227 1273 1287 notitiam
1290 1225 1485 1298 perveniatis
1498 1224 1605 1297 aliquis
1619 1222 1777 1296 epiecopus
1788 1221 1828 1279 irr-

122 1315 317 1391 signaveritis,
335 1315 376 1371 sic
392 1315 417 1371 ei
434 1313 534 1372 fideles
558 1331 623 1370 csse
646 1313 783 1387 cupimus
805 1313 882 1370 sicut
897 1328 949 1386 per
1002 1316 1088 1373 terim
1103 1316 1220 1381 obierit,
1235 1314 1472 1388 archiepiscopus
1487 1314 1544 1387 ipsi
1566 1311 1632 1369 sedi
1646 1311 1826 1369 visitatorem

122 1409 234 1463 rectum
249 1421 314 1462 esse
324 1403 431 1460 seniori
448 1404 599 1460 debemus.
609 1402 650 1459 De
663 1402 716 1458 hoc
730 1401 859 1476 quodibi
873 1401 947 1458 scri-
1002 1405 1164 1462 secundnm
1180 1421 1280 1461 sacros
1292 1420 1420 1460 canones
1432 1404 1562 1475 deputet,
1572 1402 1623 1476 qni
1635 1416 1773 1458 unacum
1783 1416 1828 1457 cc

122 1502 205 1569 ptum
220 1499 312 1561 estet
323 1492 407 1549 nobis
424 1492 518 1549 vorbis
532 1492 699 1554 dixistis.nt
709 1492 743 1547 ed
762 1491 883 1547 invicem
894 1508 947 1547 nos
1002 1495 1073 1551 mite
1084 1495 1177 1568 ipsam
1189 1493 1353 1561 ecclesiam,
1361 1510 1397 1549 ne
1408 1493 1563 1566 prodetur.
1574 1491 1724 1548 custodiat
1734 1506 1828 1564 nsque

122 1585 238 1641 credero
253 1583 412 1655 possimus,
430 1581 524 1638 vorbis
541 1581 664 1637 ilrlcliter
687 1597 740 1637 nos
762 1580 946 1637 confirmavi·
1002 1584 1175 1656 dumipsius
1184 1583 1312 1656 episcopi
1326 1582 1424 1639 obitus
1436 1581 1473 1637 nd
1487 1585 1611 1637 vestram
1622 1579 1759 1637 notitiam
1767 1594 1829 1653 pse·

123 1692 200 1743 mus,
213 1677 244 1730 ut
254 1673 291 1729 ed
305 1671 355 1728 Dei
367 1670 546 1727 voluntatem
558 1674 588 1725 st
602 1673 727 1727 vestram
739 1668 907 1726 fidelitatem
919 1672 948 1725 ct
1000 1673 1107 1729 veniat.
1123 1673 1154 1729 Si
1165 1673 1257 1729 abbas
1271 1671 1316 1728 vel
1330 1670 1480 1729 abbatissa
1496 1669 1612 1730 obierit.
1626 1668 1827 1744 episcopusin

121 1765 262 1822 honorem
278 1765 307 1818 et
321 1764 429 1817 sancta
443 1758 571 1816 eoeleste
586 1774 620 1815 ac
634 1757 715 1831 regni
730 1750 818 1814 vestri
832 1756 946 1814 utilita—
961 1791 985 1858 Β
1001 1764 1086 1834 cujus
1102 1761 1240 1834 parochie
1254 1760 1464 1818 monesterium
1480 1759 1553 1816 illud
1567 1765 1771 1827 satanacam
1784 1774 1828 1816 eo

121 1858 180 1909 tem
195 1868 230 1908 ao
245 1848 377 1907 fidelium
398 1852 561 1905 vestroruin
580 1846 797 1904 salvamentum
812 1846 871 1904 Deo
885 1862 946 1903 me·
1001 1851 1071 1907 mite
1083 1851 1153 1907 illud
1166 1849 1376 1908 monasterium
1388 1848 1533 1907 custodiat
1545 1865 1640 1922 usque
1650 1848 1724 1904 dnm
1732 1851 1828 1905 vestra

121 1943 221 1999 diante
241 1937 364 1996 adunati
385 1937 490 2005 simos,
508 1939 651 2009 quantum
675 1934 880 2008 unusquisque
895 1951 947 1992 no·
996 1941 1093 2014 jussio
1109 1940 1177 1998 inde
1194 1941 1254 1997 [ist.

122 2037 214 2088 strum
227 2030 256 2085 in
271 2045 324 2085 sno
335 2027 437 2084 ordine
447 2030 476 2082 at
486 2041 669 2099 personaper
679 2024 731 2081 Dei
741 2024 947 2098 gratiamscire
1036 2032 1064 2086 9.
1080 2030 1110 2086 Si
1130 2046 1229 2086 eomes
1254 2029 1367 2094 obierit.
1384 2029 1469 2099 cnjus
1494 2027 1573 2084 iilius
1598 2026 1754 2104 nobiscum
1778 2026 1825 2092 sit,

121 2127 150 2178 et
165 2135 249 2192 posse
274 2116 419 2185 hebuerit,
435 2120 467 2170 ut
483 2114 518 2171 ad
538 2114 663 2170 invicem
680 2130 733 2169 nos
749 2113 903 2169 credamus
918 2117 947 2169 at
1001 2119 1081 2175 filius
1096 2124 1195 2175 noster
1209 2135 1276 2174 cum
1302 2119 1407 2175 ceteris
1432 2117 1569 2173 fidelibus
1588 2117 1698 2173 nostris
1714 2114 1825 2173 aruino

122 2215 224 2266 mutuo
238 2208 421 2278 adjuvemus.
1000 2208 1036 2264 de
1051 2207 1098 2265 his
1113 2208 1162 2280 qni
1178 2207 1221 2264 illi
1237 2208 1305 2282 plus
1319 2207 1517 2264 familiaresct
1532 2206 1760 2280 propinquiores
1771 2205 1825 2262 ine·

155 2301 183 2355 5.
199 2297 236 2354 Ut
250 2313 284 2352 ca
298 2312 361 2368 ques
376 2308 429 2366 par
442 2292 587 2366 largitatis
603 2296 708 2349 nostra
722 2296 866 2366 praeopta
878 2290 947 2348 dile·
1000 2298 1069 2366 rint,
1086 2297 1136 2371 qui
1152 2315 1219 2355 curn
1240 2297 1484 2353 ministerialibus
1508 2296 1604 2369 ipsius
1626 2295 1825 2353 comitatum

120 2381 944 2458 eteconiuginostreinpropriumhaberecenoessimua
999 2386 1136 2460 episcopo
1150 2388 1248 2460 ipsum
1264 2387 1435 2443 comitatum
1461 2385 1617 2459 prevideat
1641 2400 1739 2457 nsque
1757 2384 1822 2441 dnn

121 2477 199 2535 filine
215 2478 313 2531 nester
324 2476 391 2529 ante
402 2486 455 2527 nos
470 2469 640 2539 confirmet;
653 2474 682 2526 et
692 2486 726 2526 ex
736 2469 945 2542 omnibusque
1000 2477 1085 2534 nohis
1100 2477 1294 2534 renuntietur,
1311 2476 1340 2532 Si
1365 2481 1463 2532 nutem
1490 2474 1583 2531 illium
1605 2473 1763 2546 parvulum
1775 2473 1823 2529 lra-

119 2566 163 2624 illi
174 2568 241 2639 jure
265 2561 450 2620 beneficiario
477 2560 678 2617 concessimus
691 2560 752 2616 sive
766 2558 930 2616 concesseri
999 2565 1208 2632 bueriqisdem
1218 2582 1286 2622 oum
1302 2562 1546 2621 ministerialibus
1560 2564 1656 2636 ipsius
1669 2563 1824 2620 onmium

120 2654 231 2727 mns,ei
243 2653 340 2709 obilns
356 2656 456 2707 noster
470 2648 597 2706 evenerit
609 2650 640 2704 et'
651 2647 701 2705 illa
716 2665 771 2704 nos
783 2648 947 2720 supervixe-
999 2661 1028 2712 et
1042 2655 1177 2728 episcopo
1192 2655 1222 2710 iu
1238 2656 1325 2726 cujus
1341 2653 1480 2727 parocbia
1493 2653 1628 2709 consistit
1643 2652 1772 2708 eundem
1779 2666 1823 2708 co·

120 2748 169 2814 rii,
186 2741 334 2816 quomodo
349 2739 444 2797 securi
460 2755 575 2806 sumus,
592 2738 731 2810 qualium
746 2737 827 2794 illim
842 2740 871 2792 ei
891 2753 947 2793 ΒΜ
993 2745 1134 2801 mitatum
1150 2743 1305 2816 praevideat
1315 2744 1407 2799 donec
1421 2743 1456 2799 ad
1472 2746 1603 2799 nostram
1619 2740 1757 2797 notitiam
1767 2756 1823 2814 per·

120 2833 220 2893 omnia
231 2831 310 2888 filius
321 2827 667 2886 nostercttidelesnostri
679 2826 824 2900 condigne
836 2825 946 2883 honore
995 2833 1104 2890 veniat,
1122 2832 1152 2890 Si
1167 2848 1234 2889 vsi-0
1260 2831 1353 2888 fllium
1378 2848 1436 2887 non
1460 2829 1707 2894 helioselinum
1727 2833 1823 2885 uosoer

120 2924 258 2982 studeant
272 2934 452 2977 conservare.
998 2938 1067 2979 cum
1081 2921 1184 2978 ceteris
1200 2920 1335 2978 lidelibus
1359 2919 1468 2977 nostris
1488 2919 1603 2976 ordinet
1618 2918 1670 2993 qni
1684 2934 1755 2975 cnm
1768 2916 1822 2975 mi·

156 3013 213 3069 ΒΡ.
230 3011 270 3068 De
284 3007 387 3081 quinto
402 3005 540 3080 capitulo,
554 3006 585 3062 in
609 3022 669 3079 quo
693 3004 836 3078 scriptum
851 3010 896 3062 est
910 3005 945 3062 dc
997 3010 1199 3069 materialibus
1222 3009 1318 3084 ipsius
1341 3009 1498 3066 comitatos
1517 3012 1546 3065 et
1566 3007 1706 3081 episcopo
1727 3006 1820 3081 ipsura

120 3102 232 3159 dilecta
249 3097 383 3172 conjugis
405 3100 507 3153 vestre
531 3094 656 3151 domina
672 3099 778 3151 nostra
793 3094 903 3151 honore
917 3098 946 3152 et
998 3100 1169 3158 comitatam
1184 3099 1341 3173 praevideat
1355 3100 1446 3157 donec
1457 3097 1666 3171 jussionestra
1680 3094 1818 3154 indebat

120 3190 311 3254 salvamento,
325 3190 354 3242 et
366 3185 402 3241 da
414 3184 633 3241 conservatione
644 3200 745 3240 aarum
762 3199 945 3256 rerumquae
959 3162 981 3230 G
994 3191 1033 3246 lit
1048 3206 1100 3262 pro
1115 3189 1169 3246 boc
1184 3187 1283 3244 nullus
1298 3187 1452 3254 irascatur,
1460 3187 1484 3243 si
1499 3186 1636 3243 eumdem
1652 3185 1820 3242 comitatum

119 3280 161 3337 illi
176 3277 298 3336 dedistis
311 3274 355 3333 vel
371 3272 519 3341 dederitis,
530 3278 560 3329 et
575 3273 611 3329 de
625 3272 944 3329 confirmationeaillio
998 3277 1082 3335 alteri
1097 3278 1143 3333 cni
1159 3277 1245 3335 nobis
1257 3275 1401 3351 placuerit
1414 3274 1582 3332 dederimus
1605 3290 1698 3348 quam
1718 3270 1760 3331 illi
1773 3272 1819 3347 qui

119 3374 214 3427 vestro
228 3365 332 3423 exinde
347 3363 490 3428 iacienda,
505 3366 534 3418 et
545 3360 623 3418 filins
636 3366 732 3419 vester
743 3362 780 3418 ad
791 3360 846 3417 hoc
860 3377 944 3434 para·
998 3383 1066 3425 eum
1094 3367 1240 3424 hanmone
1266 3364 1408 3438 previdit.
1424 3363 1566 3422 similiter
1587 3368 1618 3421 et
1636 3364 1673 3420 de
1692 3360 1820 3421 mallis

118 3462 226 3516 tuaest
241 3452 450 3527 sicutjubetis‚
465 3455 573 3520 etnos,
589 3455 734 3522 quantuni
750 3450 904 3508 scierimus
916 3454 946 3507 et
999 3457 1107 3514 nostris
1123 3454 1289 3513 laciendum
1304 3458 1359 3511 est.
1375 3452 1561 3510 uirorumue
1577 3457 1667 3525 atque
1690 3460 1819 3526 expressi

119 3547 315 3624 potuerim&
331 3543 368 3601 id
382 3542 438 3599 *¹⁰⁰
452 3540 545 3613 lamii
560 3540 682 3597 crimus.
994 3546 1146 3618 jubemus,
1159 3549 1191 3601 ut
1201 3549 1262 3601 tam
1275 3543 1404 3618 episcopi
1414 3559 1503 3615 qoam
1514 3543 1683 3608 abbates,et
1693 3540 1819 3605 comites,

153 3639 185 3694 6.·
197 3637 238 3693 De
252 3633 369 3691 filiabus
383 3628 767 3702 nosirss20umv¹¹011⁰n⁰r0
782 3629 944 3685 secundum
998 3652 1050 3692 seu
1065 3634 1152 3691 ctiam
1168 3633 1256 3690 ceteri
1281 3632 1382 3691 fideles
1400 3632 1505 3699 nostri,
1520 3630 1695 3687 hominibus
1710 3627 1820 3687 scissi·

119 3727 170 3784 Dei
182 3725 377 3788 voluntatem,
393 3725 421 3777 et
436 3718 516 3792 quali
533 3716 715 3774 salvamento
732 3722 785 3774 aut
798 3718 944 3790 adjutorio
998 3723 1107 3780 militer
1132 3738 1303 3779 conservare
1328 3722 1484 3786 studeaut;
1500 3724 1529 3777 et
1544 3724 1605 3775 tem
1625 3720 1662 3776 de
1675 3718 1818 3793 episcopa·

118 3816 278 3873 consistere
289 3812 422 3868 debeant·
434 3808 516 3874 Quod
530 3807 617 3863 tilium
632 3805 870 3880 purvuloenosiroe
880 3806 944 3863 filiae
998 3813 1078 3870 tibus
1088 3829 1178 3886 quam
1187 3815 1216 3869 et
1225 3810 1395 3867 deabbatiis
1404 3809 1518 3867 vicinus
1527 3809 1819 3881 episeopusetconres

118 3905 221 3960 ilatum
235 3901 379 3958 hebemus
389 3903 441 3954 ant
450 3897 588 3969 deinceps
603 3895 944 3970 dederimus,cumqnali
998 3901 1185 3976 prevideant,
1202 3917 1238 3957 ne
1253 3899 1361 3972 aliquis
1376 3916 1423 3956 res
1448 3897 1663 3955 ecclesiasticos
1677 3895 1722 3953 vel
1736 3892 1817 3953 iacui·

118 3990 275 4047 securitate
296 3993 395 4044 tenera
418 3986 521 4058 possit.
537 3984 610 4041 Etsi
626 3985 704 4040 Deus
718 3985 836 4041 samad
852 3986 944 4058 perie-
999 3995 1073 4048 tetes
1097 3989 1226 4063 diripiat,
1243 3993 1273 4046 et
1297 3986 1398 4045 nullus
1421 3988 1457 4044 ad
1481 4003 1581 4043 eornm
1611 3978 1815 4059 eleemosynarii

120 4083 197 4136 ctam
219 4081 336 4134 atatem
363 4075 462 4131 venire
490 4073 653 4139 donaverit,
668 4073 697 4129 in
714 4073 817 4130 matris
832 4091 891 4130 sure
907 4073 946 4130 sit
999 4079 1162 4136 taciendam
1184 4077 1334 4150 impediat.
1350 4077 1431 4142 Quod
1448 4076 1472 4132 si
1489 4074 1720 4148 praesumpserit,
1735 4077 1814 4130 etse·

120 4170 275 4242 potestate,
290 4169 320 4220 et
335 4181 353 4221 a
366 4161 447 4219 nullo
467 4167 569 4218 contra
590 4162 684 4236 ipsius
706 4161 886 4219 veluntatem
901 4161 945 4221 vel
998 4169 1129 4226 eundum
1142 4167 1221 4239 teges
1231 4165 1438 4222 bumonashoo
1449 4161 1813 4236 componatstsecundu!

119 4257 225 4314 marito
241 4249 449 4319 tribuatur‚val
460 4267 577 4308 mrum
589 4250 615 4308 θί
626 4248 944 4325 ιθῙᾶωθῦίωροῦᾶῑϋι·
999 4256 1077 4331 leges
1093 4255 1304 4313 ecclesiastices
1319 4254 1387 4311 inde
1403 4252 1530 4311 ecclesia
1547 4268 1638 4325 quana
1649 4251 1727 4309 laesit
1737 4248 1816 4321 satia,

155 4346 211 4404 ΗΡ·
227 4342 368 4402 Similiter
382 4346 411 4399 st
428 4341 465 4398 di
490 4339 609 4397 finibus
634 4341 748 4408 Willis
765 4345 793 4397 ct
807 4341 895 4397 ctiam
909 4340 946 4397 dc
999 4345 1096 4412 saciet,
1107 4350 1136 4402 et
1151 4349 1282 4402 nostram
1298 4342 1511 4400 harmiscaram
1526 4341 1690 4399 secundum
1705 4338 1812 4397 inmun

118 4436 240 4512 parvula
253 4434 315 4491 iilia
327 4428 696 4504 vestra,sicntiacapitulo
710 4433 807 4487 vestro
817 4428 946 4486 contine·
999 4434 1092 4508 outpae
1107 4439 1135 4491 ei
1147 4437 1181 4490 ut
1194 4433 1280 4490 nobis
1296 4431 1439 4506 placuerit
1453 4430 1609 4512 sustinent.

118 4534 177 4595 tur,
192 4524 317 4582 attilius
341 4526 438 4579 vester
462 4524 583 4593 paratos
607 4523 655 4576 est
667 4534 850 4587 conservare,
866 4518 984 4598 etaop
1035 4523 1090 4580 ΒΡ.
1107 4523 1216 4579 ‘Cetera
1252 4520 1384 4595 capitula
1418 4519 1610 4592 responsione
1644 4530 1713 4575 non·
1729 4516 1812 4591 spent,

119 4615 174 4671 bec
189 4612 433 4679 muservandum,
449 4615 593 4683 quantum
609 4608 765 4665 scierimus
779 4613 808 4665 et
819 4607 945 4681 potueri·
998 4602 1813 4687 quoniamavestrasepientiasuntdispositaetdinlnlte

119 4720 197 4770 mus,
211 4701 392 4774 adjutorium
408 4699 623 4773 prestabimus.
1034 4702 1078 4757 10.
1095 4701 1124 4757 si
1139 4699 1247 4772 aliquis
1263 4715 1297 4755 ex
1319 4697 1458 4754 ssdelibus
1483 4695 1592 4753 nostris
1619 4698 1688 4770 post
1714 4692 1814 4753 obitas

152 4795 179 4849 7.
198 4791 238 4848 De
253 4789 425 4848 ordinandis
439 4788 542 4857 scaris,
559 4793 588 4844 et
601 4788 628 4844 si
643 4791 763 4861 nepotes
778 4786 880 4853 nostri,
897 4786 944 4844 sui
999 4793 1144 4856 nostrum,
1159 4787 1211 4845 Dei
1221 4792 1254 4844 .et
1270 4790 1370 4845 nostro
1386 4802 1485 4844 amore
1507 4788 1714 4860 compunctus,
1730 4778 1816 4842 aaut

118 4880 210 4957 patris
225 4879 376 4936 imitantes
389 4876 521 4951 vestigia,
536 4881 639 4934 contra
653 4893 719 4945 nos,
734 4882 784 4934 sut
797 4877 827 4932 in
841 4876 944 4933 itinere
999 4878 1168 4936 renuntiare
1190 4876 1371 4945 volucritat
1394 4875 1487 4932 illium
1515 4873 1561 4932 vel
1588 4872 1680 4932 ulem
1707 4872 1818 4948 propio·

117 4974 337 5044 autpnstquarn
349 4967 385 5023 ad
398 4965 574 5039 dispositum
588 4965 687 5023 locum
702 4967 761 5023 Deo
774 4967 849 5023 duee
864 4982 945 5022 vene·
999 4984 1090 5041 qaum
1115 4965 1251 5023 habuerit
1273 4965 1325 5040 qni
1353 4964 1395 5022 rei
1421 4963 1544 5039 publices
1564 4963 1708 5037 prodesse
1724 4960 1820 5025 valeat

117 5062 221 5130 umus,
237 5056 351 5131 aliquid
365 5054 450 5112 nobis
466 5053 536 5110 mali
552 5058 603 5111 ant
615 5070 706 5127 regne
720 5057 820 5110 nostro
835 5053 945 5110 machi·
1000 5073 1070 5114 snos
1087 5056 1223 5123 bonores,
1240 5059 1328 5129 prout
1342 5054 1449 5112 melius
1465 5050 1642 5120 volucritat
1656 5048 1821 5127 valeatpit·

117 5149 180 5207 nari
195 5146 350 5215 voluerint,
365 5143 513 5218 quomodo
527 5142 595 5212 illis,
610 5143 668 5200 Deo
687 5143 818 5216 iuvante,
835 5141 945 5215 plenis·
999 5145 1098 5201 citare.
1115 5143 1189 5200 Etsi
1205 5144 1235 5201 in
1259 5143 1342 5202 alode
1366 5159 1420 5199 sno
1444 5141 1544 5216 quiete
1571 5140 1670 5199 vivere
1696 5138 1823 5207 celauit,

117 5237 191 5295 sime
205 5236 372 5295 resistatur.
1000 5231 1099 5289 nullus
1114 5231 1139 5289 ei
1155 5231 1274 5305 aliquod
1288 5231 1534 5305 impedimentum
1549 5229 1647 5288 uacare
1659 5232 1824 5305 pressant

151 5327 209 5384 RP.
225 5327 265 5384 Dc
278 5325 372 5383 sacris
386 5322 568 5390 ordinandis,
584 5323 613 5377 et
624 5320 661 5376 de
675 5320 833 5392 adjutorio,
851 5321 876 5376 si
890 5319 944 5377 ali·
999 5339 1095 5396 neque
1105 5321 1183 5378 aliud
1195 5321 1392 5394 aliquidabeo
1401 5312 1825 5393 requiraurntstsetnmnotr

117 5413 185 5487 quis
200 5414 237 5471 de
251 5413 406 5487 nepotibus
420 5410 526 5469 vestris
535 5412 588 5467 aut
598 5408 745 5465 intervias
755 5412 807 5464 aut
818 5407 849 5489 in
862 5408 947 5466 ltalia
1000 5415 1034 5469 ut
1046 5411 1083 5468 ad
1099 5408 1200 5484 patris
1214 5408 1414 5467 detonsionem
1430 5412 1543 5483 pergat.

911 5515 1027 5576 ΝΟΜ.

154 5606 227 5682 (itti)
242 5608 297 5665 libi
312 5609 468 5666 Hinemaro
484 5612 557 5666 testo
573 5606 602 5663 in
617 5606 934 5680 prasentiuproecrnnr
951 5624 981 5664 re
1004 5607 1044 5676 ni,
1061 5605 1188 5681 exceptis
1202 5604 1325 5680 lingone
1340 5604 1445 5664 abbate
1458 5607 1487 5662 et
1499 5602 1650 5666 Bernarrio
1665 5607 1823 5669 comtear

107 5678 255 5753 vernensi,
273 5680 312 5741 do
325 5678 495 5740 illudowici
512 5678 699 5740 successione
714 5678 744 5734 in
760 5694 849 5755 regno
865 5682 932 5755 post
947 5695 985 5757 pa
1014 5679 1039 5739 is
1054 5678 1168 5737 obitum
1183 5678 1361 5756 dispositum
1376 5677 1441 5738 orit.
1458 5676 1604 5741 sinuoso.
