3878 6098
108 260 175 325 887-

110 402 140 459 S.
156 395 251 462 Tecta,

111 475 142 533 S.
157 466 293 534 mamis,

114 545 145 603 S.
159 539 308 604 Eutraxia,

116 615 146 672 S.
163 611 289 684 Brigide,

114 687 146 743 S.
161 680 328 749 Anastasia,

115 757 146 815 S.
163 753 317 820 Genoveta,

63 887 69 896 ,
116 829 146 885 S.
163 826 318 898 Reparata,

116 899 148 957 S.
166 899 320 967 Perpetua,

119 971 149 1026 S.
166 966 311 1033 Felicitas,

119 1041 149 1098 S.
167 1037 334 1101 Scelestica,

119 1112 150 1168 S.
166 1111 311 1173 Susanna,

120 1182 148 1238 S.
166 1182 249 1260 Spes,

120 1252 150 1308 S.
168 1250 261 1316 Fidae,

71 1326 74 1330 ’
119 1324 150 1379 S.
167 1321 290 1382 Caritas,

87 1456 93 1465 .
122 1394 153 1450 S.
170 1391 336 1460 Petronilta,

123 1466 154 1521 S.
171 1462 338 1531 Medrisma,

123 1535 155 1592 S.
172 1534 267 1591 Solem
291 1533 349 1604 nia,

125 1607 156 1663 S.
172 1605 254 1662 Balbi
279 1622 305 1674 a,

125 1677 156 1734 S.
168 1676 344 1751 Sugamina,

126 1747 353 1817 &Potentiana

128 1820 158 1878 S.
176 1819 299 1877 Romala

107 2062 113 2067 ,
127 1970 228 2065 Sancti
240 1958 347 2073 angoti,

128 2086 226 2146 Sancti
241 2086 417 2162 archangeli,

129 2177 228 2234 Sancti
242 2177 352 2246 throni,

130 2266 243 2339 Sancta
258 2267 483 2337 dominationes,

132 2356 232 2423 saaca
246 2355 440 2430 principatus,

134 2445 248 2502 Sancta
263 2449 432 2518 potestates,

136 2535 248 2590 Sancta
262 2533 395 2604 virtutes,

135 2625 245 2680 Sancta
257 2623 420 2693 cherubim,

136 2712 247 2769 Sancta
262 2713 422 2787 seraphim,

137 2803 246 2861 Omnes
261 2803 442 2877 patriarcha,

138 2892 246 2949 Omnes
261 2893 418 2966 propheta,

138 2981 247 3038 Omnes
262 2981 455 3054 evangelista,

139 3072 248 3127 Omnes
265 3071 398 3143 apostati,

139 3164 247 3222 Omnes
263 3163 416 3234 martyres,

141 3253 249 3310 Omnes
264 3250 455 3315 confessores,

141 3342 250 3399 Omnes
266 3341 445 3403 sanctorum,

142 3429 290 3504 Propitius
304 3431 377 3495 esto,

143 3517 289 3592 Propitius
304 3519 376 3584 esto,

143 3609 186 3666 Ab
202 3605 282 3663 omni
297 3604 384 3673 malo,

145 3700 323 3763 Peccatores,

147 3788 185 3845 Ut
198 3802 299 3860 pacem
314 3785 414 3855 dones,

503 258 670 325 Arrana.
694 262 746 322 ΑΒ
768 258 860 321 SAEC.
884 259 921 320 Χ.
938 294 977 304 -
992 257 1242 324 Moauuaurs
1263 261 1422 326 Llruaa.
1513 291 1521 300 ·

442 413 501 451 ora.
540 395 568 451 S.
586 368 721 464 Posinua,

540 468 569 524 S·
587 467 696 550 Maera

594 539 713 594 Nomina
726 546 892 594 sanctorum.

545 610 652 667 Sancta
665 611 760 677 Anna,

876 625 936 665 OPO-

546 680 576 738 S.
593 678 773 747 Helisaheth,

547 752 576 807 S.
593 751 711 820 Helena,

547 824 576 878 S.
593 823 693 886 Bnuta.

550 896 579 950 S.
598 895 676 951 Rada
698 894 796 965 undis,

549 967 578 1021 S.
595 911 727 1034 Nadaha

549 1037 578 1092 S.
594 1038 687 1105 Abrit,

550 1109 579 1163 S.
596 1108 696 1178 Sotsta,

548 1180 577 1235 S.
595 1178 768 1248 Marionilla,

551 1252 581 1306 S.
598 1250 768 1320 Concordia,

552 1323 580 1378 S.
598 1323 742 1390 Susanna,

553 1395 583 1450 S.
599 1397 741 1467 Augusta,

556 1465 584 1521 S.
604 1465 739 1532 Leonitla,

552 1537 581 1592 S.
598 1535 719 1605 Juniila,

556 1609 585 1664 S.
602 1605 732 1675 Claudia,

556 1680 585 1735 S.
601 1679 727 1753 Pelagia,

554 1750 584 1806 S.
600 1749 768 1825 Theospita,

733 2007 812 2060 orate
828 2021 879 2076 pro
894 2019 951 2059 me.

732 2098 812 2150 orate
828 2111 880 2167 pro
895 2110 952 2152 me.

734 2187 813 2239 orate
827 2199 880 2256 pro
895 2199 954 2240 me.

735 2276 815 2328 orate
830 2289 882 2344 pro
898 2288 954 2329 me.

736 2365 816 2418 orate
831 2378 883 2434 pro
899 2379 956 2418 me.

737 2454 817 2506 orate
833 2468 885 2523 pro
900 2466 957 2506 me.

740 2543 819 2596 orate
834 2557 886 2613 pro
902 2556 959 2597 me.

743 2633 822 2686 orate
836 2646 888 2703 pro
902 2644 960 2685 me.

742 2735 821 2777 orare
836 2735 888 2793 pro
902 2733 962 2777 me.

743 2813 822 2866 orate
837 2825 889 2881 pro
903 2823 961 2864 me.

747 2902 826 2953 orate
840 2913 892 2969 pro
905 2911 961 2952 me.

743 2991 822 3042 orate
839 3003 890 3059 pro
904 3001 962 3042 me.

871 410 931 450 ora.
948 394 1122 463 AAnnmao
1138 411 1254 453 summo
1268 396 1405 468 pontifice
1420 399 1449 455 et
1463 395 1630 457 uniuersale
1643 415 1730 473 papa
1749 401 1818 459 rita·

994 483 1172 556 Redemptor
1187 484 1300 552 mundi,

993 573 1100 630 Sancte
1116 572 1208 641 Patre,

991 658 1046 720 Vel
1061 661 1137 721 alius
1151 662 1285 732 Sanctae,
1298 661 1401 736 quates
1415 663 1552 734 volueris,

994 750 1104 807 Exaudi
1121 751 1244 808 Christe.

996 840 1109 896 Ksaoao
1124 839 1367 897 excellentissimo
1385 844 1414 898 et
1437 858 1455 897 a
1478 842 1536 899 Deo
1551 847 1699 911 coronato,
1718 861 1825 918 magno

1025 932 1059 987 et
1074 928 1195 1005 paciaco
1211 944 1278 1007 rege
1298 929 1476 986 Francorum
1501 936 1530 988 at
1551 932 1825 1006 Langobardorum,

1032 1035 1065 1073 ac
1079 1017 1200 1091 patricio
1217 1017 1416 1076 Romanorum
1431 1018 1490 1076 vita
1504 1023 1533 1076 at
1545 1019 1677 1078 viatoria.

995 1106 1129 1171 Salvator
1144 1107 1258 1175 mundi,

998 1197 1104 1253 Sancte
1118 1195 1274 1262 iohannis,

997 1285 1049 1341 Vel
1064 1285 1140 1342 ulius
1152 1286 1289 1355 Sanetus,
1303 1286 1399 1359 qualis
1414 1285 1550 1344 volueris.

1000 1374 1108 1432 Exaudi
1124 1374 1247 1432 Christe.

1000 1464 1099 1520 Prrrao
1114 1468 1143 1520 et
1157 1468 1273 1521 Kasara
1288 1463 1481 1522 nobilissimis
1496 1464 1567 1521 tiliis
1577 1468 1644 1538 ejus
1658 1467 1831 1531 vitaSapcti

1035 1551 1125 1620 itlius,
1141 1552 1245 1627 quales
1258 1551 1397 1622 volueris,
1675 1553 1739 1612 tuto
1747 1556 1832 1628 juva.

1001 1642 1112 1699 Exaudi
1129 1641 1256 1700 Christe.

1003 1731 1103 1788 Pramo
1118 1747 1185 1807 rege
1200 1732 1459 1805 Langobardorum
1474 1732 1545 1791 vita.

1006 1820 1105 1877 Sancti
1120 1819 1264 1887 Meminit,

1005 1908 1056 1967 Vel
1073 1908 1148 1966 alius
1163 1910 1298 1978 Sanctus,
1309 1909 1413 1983 quales
1427 1909 1564 1969 volucria.

1007 1998 1117 2055 Exaudi
1132 1999 1256 2056 Christe.

1008 2087 1168 2145 Cumuovra
1184 2103 1251 2162 rege
1266 2087 1489 2161 Aquitaniorum
1504 2088 1573 2147 uita.

1009 2177 1114 2234 Sancte
1130 2177 1263 2244 Martiae,

1010 2266 1062 2324 Vel
1078 2265 1153 2323 atius
1169 2272 1298 2336 sanctus,
1314 2264 1418 2339 quates
1433 2265 1568 2324 volueris.

1011 2356 1122 2412 Exaudi
1138 2355 1260 2413 Christe.

1014 2444 1218 2502 Faernnunan
1231 2444 1338 2517 ragina·
1354 2444 1435 2501 satus
1450 2448 1479 2501 et
1492 2444 1562 2501 vita.

1013 2533 1092 2591 Alias
1106 2535 1247 2608 virginem
1264 2533 1381 2601 Christi,
1399 2533 1500 2608 quales
1514 2533 1639 2591 volueris

1014 2623 1125 2679 Exaudi
1141 2624 1265 2679 Christe.

1015 2712 1159 2770 Omnibus
1169 2713 1321 2785 judicibus
1336 2712 1379 2771 vel
1390 2718 1494 2770 caineto
1510 2712 1646 2770 exerc-itui
1664 2713 1842 2772 Francorum

1052 2801 1110 2858 vita
1124 2806 1151 2858 ct
1165 2801 1297 2859 victoria.

1018 2893 1122 2949 Sancte
1138 2890 1280 2964 Remegii,

1664 487 1727 545 tulo
1738 491 1821 562 juva.

1664 577 1727 633 tuto
1739 579 1822 651 juva.

1670 1110 1733 1168 tulo
1743 1113 1828 1184 juva.

1669 1200 1733 1256 tuto
1745 1202 1829 1274 jura.

1675 1821 1740 1880 tuto
1751 1823 1834 1895 juva.

1676 2179 1741 2235 tuto
1751 2180 1833 2251 jura.

1017 2981 1150 3039 Christus
1164 2979 1263 3049 vincit,
1279 2978 1412 3037 Christus
1427 2984 1539 3055 regnat,
1555 2891 1841 3056 caristusuihsseurvah

744 3080 823 3131 orata
838 3092 889 3148 pro
905 3088 963 3130 me.
1018 3070 1104 3144 Kyrie
1119 3069 1238 3138 eleison,
1252 3069 1366 3127 Christe
1380 3069 1501 3128 eleison.

742 3167 822 3219 orate
836 3180 888 3236 pro
904 3179 960 3219 mc.
978 3137 999 3205 C
1019 3161 1102 3217 Pater
1116 3160 1152 3215 de
1167 3158 1246 3215 coetis
1261 3159 1348 3228 Deus,
1360 3158 1498 3216 miserere
1512 3159 1608 3215 nobis.

743 3256 822 3307 orate
839 3269 890 3325 pro
907 3267 963 3308 me.

749 3345 829 3399 orate
841 3359 892 3415 pro
908 3357 964 3397 mc.

582 3427 684 3486 Libera
700 3447 752 3487 nos
769 3429 899 3487 Domine.
916 3437 965 3488 tcr.

565 3517 652 3573 Parca
668 3518 751 3576 nobis
767 3520 899 3576 Domine.
916 3529 966 3576 tcr.

584 3606 687 3663 Libera
701 3625 754 3664 nos
772 3609 902 3666 Domine.
918 3616 967 3666 ter.

583 3695 687 3753 Libera
702 3715 755 3755 nos
769 3698 901 3756 Domine.
919 3706 969 3756 ter.

605 3786 645 3842 Te
659 3803 808 3860 rogamus,
825 3788 893 3845 audi
907 3805 969 3845 nos.

148 3877 189 3932 'Pe
204 3890 367 3948 precamur,
383 3874 466 3932 Pater
480 3878 588 3942 sancte,

150 3965 296 4029 Miserere,
314 3963 398 4018 Pater
411 3967 522 4031 sancte,

151 4054 205 4108 Pro
220 4050 431 4117 sacerdotibus,

822 3877 891 3933 andi
907 3893 972 3935 noe.

823 3966 892 4022 audi
907 3983 972 4022 nos.

753 4055 793 4111 'Pe
808 4071 973 4128 precamus.

152 4141 206 4196 Pro
221 4138 301 4196 omni
322 4138 415 4212 gradu
434 4139 589 4208 tttoctesiae,
606 4143 646 4198 Te
661 4156 809 4216 rogamus,
827 4145 894 4201 audi
910 4161 973 4201 nos.

601 4230 672 4288 desu
687 4231 811 4299 Christe,
827 4232 895 4290 audi
911 4250 974 4290 nos.

153 4319 207 4376 Pro
222 4317 300 4375 omni
317 4315 425 4391 populo
440 4315 644 4386 catholicam
659 4335 822 4392 precamus,
831 4322 899 4379 audi
911 4339 976 4380 nos.

590 4408 631 4464 'Pe
647 4425 809 4480 precamus,
826 4411 894 4466 audi
912 4427 976 4473 nos.

154 4499 255 4572 Agnus
268 4497 317 4555 Dei
333 4495 383 4570 qui
398 4494 475 4552 tollit
494 4500 612 4569 peccata
636 4497 748 4577 mundi,
772 4498 885 4557 Christo
908 4501 978 4557 audi
994 4512 1018 4577 1)
1032 4498 1074 4556 Ab
1089 4496 1218 4553 inimicis
1233 4497 1341 4554 nostris
1356 4500 1437 4552 tuere
1452 4512 1516 4564 nos,
1535 4493 1666 4550 Oomine.

152 4227 267 4303 indigni
283 4244 398 4297 sumus,

24 4385 46 4423 ’·
154 4405 309 4475 utinensi,

191 4603 256 4643 nos.

157 4674 241 4749 Kyrie
250 4673 373 4744 eleison,
389 4683 439 4734 ter.

157 4763 291 4819 Christus
312 4761 411 4831 vincit,
437 4763 571 4821 Christus
595 4769 707 4838 regnat,
732 4764 865 4822 Christus
887 4765 980 4839 impe·
1036 4764 1199 4833 FiliusDai,

194 4855 249 4920 rat,
264 4859 315 4908 ter.

193 4940 284 5009 itlius,
301 4939 403 5013 quales
418 4939 554 5011 volueris,

159 5030 268 5088 Exaudi
284 5030 406 5087 Christe.

1020 3250 1110 3306 Pilius
1125 3248 1302 3321 Redemptor
1316 3248 1403 3316 Deus,
1415 3247 1554 3306 miserere
1565 3244 1672 3306 nobis.¹

1020 3339 1145 3412 Spiritus
1160 3342 1280 3395 sanctus
1295 3337 1383 3409 Deus,
1400 3336 1537 3397 miserere
1551 3337 1648 3401 nobis.

1021 3427 1120 3492 Quies
1136 3426 1233 3484 trinus
1247 3431 1276 3484 et
1290 3444 1378 3496 uuus,
1395 3427 1533 3485 miserere
1550 3425 1646 3484 nobis.

1022 3517 1086 3590 lpse
1102 3517 1238 3589 idemque
1254 3517 1410 3588 benignus.

1024 3607 1130 3662 Sancta
1144 3605 1233 3679 i'irgo
1248 3605 1407 3679 virginum,
1441 3613 1446 3618 '

1024 3697 1132 3752 Sancta
1146 3695 1197 3752 Dei
1213 3693 1348 3769 genitrix,

1025 3787 1133 3841 Sancta
1147 3784 1249 3852 Maria,

1026 3876 1132 3930 Sancte
1147 3874 1239 3941 Patre,

1028 3964 1134 4019 Sancte
1150 3962 1257 4030 Paule·

1028 4053 1132 4108 Sancte
1147 4052 1288 4121 Andreas,

1030 4143 1138 4199 Omnes
1154 4140 1260 4209 sancti,
1599 4143 1680 4195 orate
1694 4156 1747 4214 pro
1762 4137 1849 4195 nobis.

1029 4229 1159 4288 Gratiam
1174 4235 1256 4286 tuam
1274 4229 1359 4287 nobie
1373 4229 1510 4297 concede,
1528 4227 1660 4284 Domine.

1031 4319 1178 4377 Gaudium
1193 4323 1332 4392 etpacem
1348 4320 1425 4375 dona
1440 4317 1536 4384 nobis,
1553 4317 1689 4373 Domine.

1031 4407 1128 4464 Vitam
1143 4412 1171 4464 et
1186 4408 1341 4464 sanitatem
1358 4406 1483 4463 concede
1499 4404 1594 4473 nobis,
1611 4404 1746 4461 Domine.

1618 3621 1671 3660 ora
1686 3622 1741 3678 pro
1757 3602 1847 3661 nobis

1792 3692 1847 3750 ora.

1794 3799 1849 3839 ora.

1797 3888 1849 3927 orr.

1796 3975 1850 4017 ora

1034 4587 1117 4643 Dona
1130 4585 1214 4642 nobis
1238 4584 1372 4653 Domine,
1388 4587 1507 4657 peccata
1531 4586 1644 4652 nostra,
1668 4599 1758 4657 paroc
1776 4580 1849 4638 nobis

1071 4675 1203 4733 Domine.

1613 4760 1753 4821 miserere
1766 4759 1847 4819 notis

1037 4853 1118 4927 Kyrie
1132 4852 1252 4921 eleison,
1268 4852 1383 4909 Christe
1398 4851 1508 4908 eleison

1035 4945 1078 5000 'Pu
1095 4943 1178 5012 mihi,
1190 4920 1443 5012 Christe,conccde
1458 4959 1599 5010 sororem,
1618 4942 1739 4998 nornine
1753 4941 1847 4998 uorsa

1089 5051 1159 5100 asar,
1173 5048 1238 5089 esse
1252 5033 1414 5103 beatam,ut
1428 5032 1481 5089 tibi
1498 5048 1615 5105 semper
1629 5031 1739 5088 serviat
1751 5029 1805 5086 itia.

868 5315 1159 5347 ...m-..qw-
