3878 6096
167 229 243 288 luet

566 227 734 319 ADPEND.
759 226 809 285 AD
833 225 927 286 SAED.
950 221 1292 301 x.-n0NUMeNra
1308 222 1474 297 ‚urruns

1804 224 1875 287 tete

165 359 256 432 prole,
280 363 308 415 et
334 356 421 415 stalu'
443 354 523 434 regni
555 360 612 428 sui,
641 365 669 413 ct
697 377 748 431 pro
779 357 858 412 omni
887 355 1875 431 populoAqmrsnrnnshujusaqnm‚etvinimysleriaejusdivini·

163 448 340 515 Christiano,
353 454 381 506 et
391 467 443 522 pro
454 449 690 522 eleemosynariis
703 448 819 514 nostris,
833 452 861 502 et
871 464 922 519 pro
934 446 989 514 his,

164 536 215 609 qui
231 537 322 593 nostri
337 537 509 593 memoriam
526 539 555 592 in
571 537 634 593 suis
649 535 796 592 continuis
810 535 991 591 orationibus

162 625 281 692 hebent,
297 630 331 682 ut
345 626 392 683 hic
406 627 521 682 veniam
538 626 680 698 recipiant
704 628 901 698 pcccatorum,
918 627 946 679 et
961 622 990 678 in

162 715 262 771 futuro
302 715 441 787 consequi
485 714 606 787 premia
658 717 765 770 aterna
812 718 988 769 mereantur.
1068 724 1074 734 ’

163 805 284 861 Peretc.

397 895 451 949 Pro
466 893 585 949 Ecclesia
599 893 751 950 Cotlictico.

198 981 319 1054 Suscipe
335 986 437 1038 sancta
451 982 581 1039 Trinitas
596 982 670 1037 hanc
695 981 881 1045 oblationem,
899 998 988 1054 qnam

161 1088 214 1143 pro
243 1071 369 1127 Ecclesia
393 1076 444 1126 tua
471 1077 572 1127 sancta
598 1070 739 1127 catholica
764 1070 816 1125 tibi
840 1071 939 1136 oliero,
956 1074 989 1126 ut

161 1159 214 1215 tibi
243 1165 326 1232 grata
353 1161 401 1227 sit,
428 1165 457 1215 et
485 1160 542 1232 ipsi
571 1158 711 1215 salutaris
740 1176 856 1232 semper
884 1159 987 1215 exista.

163 1248 284 1305 Perctc.

423 1344 478 1396 Pro
494 1339 581 1395 salute
597 1341 728 1393 rr'rcrunr.

196 1428 318 1499 Suscipe
340 1433 441 1485 sancta
455 1428 583 1483 Trinitas
603 1426 678 1481 hanc
694 1426 880 1491 oblationem,
898 1442 987 1497 quam

161 1516 212 1572 tihi
229 1517 316 1572 ollero
333 1534 384 1587 pro
400 1516 494 1571 salute
511 1514 611 1570 tumuli
630 1515 663 1568 N.
678 1515 729 1580 tui,
742 1518 886 1585 qnatenus
899 1517 924 1568 te
941 1514 989 1568 do-

160 1610 248 1660 nante
275 1609 409 1675 percepta
437 1603 521 1659 venia
550 1606 745 1674 peccatorum,
775 1601 839 1654 rite
870 1618 987 1673 quoque

160 1693 343 1763 scmpIternae
369 1692 512 1747 immensa
537 1691 645 1763 gaudia
668 1691 814 1762 percipere
829 1695 984 1746 mereatur.

474 1781 527 1835 l're
543 1779 671 1848 infirmis.

194 1867 315 1938 Suscipe
330 1872 430 1922 sancta
444 1868 570 1922 Trinitas
592 1867 667 1921 hnne
692 1866 879 1933 oblationem,
896 1885 985 1939 quarn

159 1953 211 2009 tihi
226 1954 313 2010 olluro
330 1973 381 2027 pro
397 1956 515 2012 infirmo
531 1955 640 2011 t'unnrlo
661 1960 710 2009 tuo
726 1956 759 2009 N.
773 1961 805 2008 ut
824 1957 941 2021 mentis,
958 1961 986 2012 et

158 2043 287 2114 corporis
299 2049 413 2116 recepta
424 2046 559 2112 sanitate,
572 2044 601 2099 in
613 2043 735 2099 ecclesia
749 2048 799 2098 tna
815 2048 917 2099 sancta
931 2045 984 2099 tibi

157 2129 260 2188 laudes
271 2133 385 2195 reserat,
398 2134 472 2188 etde
487 2133 595 2189 verbere
606 2138 656 2188 tuo
671 2137 776 2187 :eterna
792 2132 909 2203 prumia
919 2151 984 2190 con·

158 2219 240 2292 sequi
257 2227 411 2277 mereatur.

469 2317 523 2367 Pro
537 2312 672 2383 defunctu.

192 2399 311 2473 Suscipe
327 2401 433 2456 Sancta
454 2399 581 2455 Trinitas
597 2400 672 2456 hanc
687 2400 874 2467 oblationem,
893 2418 982 2473 quarn

155 2486 209 2542 tibi
224 2489 311 2544 oliero
335 2506 387 2559 pre
413 2488 510 2544 anima
526 2490 627 2545 lamuli
642 2489 682 2545 tni
701 2491 734 2545 N.
752 2495 784 2545 ut
798 2508 850 2562 prr
866 2490 918 2545 lroc
935 2509 982 2545 sa·

155 2573 248 2632 lutare
263 2577 438 2633 sacrificium
456 2584 577 2651 purgata
594 2584 762 2634 sanctornm
780 2585 896 2635 tnorum
911 2598 981 2635 con·

153 2664 243 2720 sertio
259 2666 415 2722 coadunari
430 2672 585 2723 mereatur.
603 2668 657 2723 Per
669 2673 723 2723 etc.

457 2762 511 2812 Pro
530 2755 676 2830 ilesunctis.

188 2843 307 2916 Suscipe
323 2849 423 2900 sancta
439 2844 568 2901 Trinitas
594 2845 668 2900 lianc
684 2845 873 2917 oblationem,
890 2863 979 2918 quam

154 2930 205 2986 tibi
216 2932 303 2988 offero
315 2950 366 3005 pro
377 2933 532 2988 animabus
543 2934 731 3002 tumulorum,
743 2934 980 3008 famularumque

152 3021 281 3090 tuarum,
299 3024 327 3075 et
344 3020 473 3091 requiem
498 3026 635 3078 arternum
661 3023 753 3078 dones
767 3023 809 3078 eis
824 3024 900 3079 inter
913 3027 979 3079 tuos

153 3111 323 3174 senuisset
337 3107 494 3173 electos,ut
509 3110 538 3164 in
554 3110 671 3165 illorum
685 3111 831 3167 consortio
845 3112 903 3167 vita
919 3130 979 3185 per·
995 3095 1016 3162 C

153 3192 289 3250 fruantur
305 3200 420 3251 aeterna.
439 3197 490 3251 Per
505 3202 560 3253 etc.

530 3285 605 3342 ltu.

188 3371 308 3445 Suscipe
322 3379 423 3429 sancta
439 3373 567 3430 Trinitas
591 3375 666 3430 hanc
688 3376 875 3444 oblationem,
890 3396 978 3451 qnam

152 3461 205 3517 tibi
220 3462 370 3517 offerimus
386 3480 437 3534 pro
452 3464 590 3520 omnibus
614 3466 641 3519 in
663 3465 705 3520 tui
722 3467 850 3522 nominis
865 3470 978 3525 conses-

151 3547 233 3606 sione
244 3549 472 3616 defunctis,utte
483 3552 630 3607 dexteram
647 3553 746 3608 auxilii
760 3555 799 3610 tui
813 3557 978 3630 porrigente

150 3637 213 3693 vitae
222 3639 360 3710 perennis
369 3639 498 3711 requiem
508 3640 643 3709 habeant,
655 3647 680 3696 ct
691 3643 809 3714 apianis
820 3645 976 3716 impiorum

149 3726 429 3800 segregati,semper
440 3727 468 3782 in
485 3732 539 3783 tua
556 3728 652 3784 laudis
669 3729 768 3786 latitia
782 3739 974 3803 perseverent.

150 3814 203 3870 Pur
217 3820 271 3871 ete.

372 3906 425 3960 Pro
440 3906 566 3961 erunibus
582 3909 757 3963 urrircrmlis.

183 3992 306 4064 Suscipe
322 3999 423 4049 sancta
438 3994 566 4050 Trinitas
591 3996 667 4051 hanc
690 3997 876 4065 oblationem,
889 4015 977 4071 qnam

148 4095 200 4151 pro
216 4080 332 4135 seniore
348 4087 457 4148 nostro,
475 4088 503 4137 et
518 4089 622 4140 cuncta
643 4087 867 4158 congregatione
883 4089 977 4144 sancti

148 4167 234 4235 Petri,
246 4169 377 4239 meisque
388 4172 720 4241 parentibusirntribus,
730 4174 976 4245 benefactoribus,

149 4255 294 4324 fidelibus,
311 4257 424 4326 amicis,
442 4259 573 4330 meisque
592 4263 775 4333 propinquis,
792 4268 822 4320 et
838 4265 977 4322 omnibus

147 4344 418 4413 circumstantibus
430 4347 611 4419 cunctisque,
630 4348 678 4420 qui
696 4367 726 4405 sc
743 4351 815 4406 mihi
831 4369 978 4410 cemmen-

1045 444 1873 519 tatisesseconsortes,quihnmanitatisnostraedignatus

1045 533 1166 588 estheri
1183 533 1328 606 particeps
1342 533 1428 589 lesus
1444 532 1588 589 Christus.

1047 633 1120 687 Tunc
1132 633 1269 688 Diaconus
1283 633 1397 688 culicem
1410 631 1508 760 φημι
1521 649 1603 705 ευμεν
1616 633 1872 708 attareere'puccpe

1435 720 1476 758 icc
1492 747 1498 758 .

1080 800 1210 883 Immolet
1237 801 1359 857 Domino
1389 801 1566 857 sacriileium
1592 801 1703 871 laudis,
1732 805 1764 859 et
1792 803 1872 861 redde

1043 889 1192 945 ditissimo
1205 893 1281 958 rota,
1294 889 1333 945 sit
1346 889 1487 946 Dominus
1500 891 1617 962 adJutor
1631 896 1715 956 tuus,
1731 892 1871 950 mundum

1043 982 1072 1034 te
1087 977 1185 1045 iaciat,
1202 982 1231 1034 et
1245 979 1316 1034 dum
1332 979 1461 1035 oraveris
1476 980 1511 1035 ad
1527 996 1594 1035 eum
1610 979 1752 1035 exaudiat
1767 984 1805 1037 te.

1042 1077 1075 1132 Et
1115 1076 1244 1132 sacerdos
1282 1078 1394 1133 calicem
1423 1078 1548 1204 ,οιῆὲνενιε
1588 1077 1664 1134 dicut
1703 1077 1871 1153 offertorium

1416 1165 1498 1204 uu.

1079 1246 1234 1302 Ollerimus
1247 1246 1296 1302 tibi
1310 1245 1431 1302 Domine
1443 1244 1563 1303 calicem
1574 1246 1729 1315 salutaris,
1739 1255 1768 1305 et
1777 1250 1870 1323 depre-

1043 1352 1145 1390 camur
1167 1334 1353 1392 clementiam
1381 1339 1474 1403 tuam,
1491 1340 1524 1392 ut
1538 1337 1568 1392 in
1585 1343 1747 1410 conspectu
1772 1339 1869 1395 diaina

1044 1424 1207 1497 majestatis
1223 1430 1278 1480 tua
1295 1442 1360 1480 cum
1377 1426 1465 1482 odore
1480 1426 1635 1482 suavitatis
1651 1428 1802 1485 ascendat.
1889 1416 1896 1433 ¹

1332 1513 1461 1586 Sequitur
1476 1512 1580 1570 Oratio.

1078 1601 1199 1657 Domine
1214 1601 1290 1657 Deus
1305 1601 1374 1657 lesu
1386 1602 1567 1676 Clrriste,qui
1579 1601 1609 1658 in
1624 1619 1711 1660 cruce
1727 1605 1869 1678 passionis

1041 1692 1108 1756 tua,
1123 1691 1159 1746 tle
1174 1690 1263 1745 latere
1278 1696 1327 1745 tuo
1343 1691 1529 1764 sanguinem,
1546 1695 1575 1747 et
1589 1708 1697 1764 aquam
1724 1694 1804 1749 unde
1820 1693 1868 1748 tibi

1041 1777 1198 1834 Ecclesiam
1227 1795 1422 1847 consecrares,
1451 1796 1573 1836 manare
1600 1779 1729 1849 voluisti,
1754 1781 1869 1856 suscipe

1040 1865 1093 1921 hoc
1105 1867 1280 1922 sacrificinm
1291 1866 1381 1922 Alteri
1398 1871 1447 1923 tuo
1463 1868 1691 1940 superpositum.
1702 1872 1729 1924 et
1741 1869 1868 1925 concede

1039 1954 1277 2022 clementissime,
1294 1961 1326 2011 ut
1340 1972 1393 2028 pro
1410 1957 1609 2029 redemptione
1621 1961 1729 2024 nostra,
1741 1961 1770 2012 et
1780 1958 1865 2015 etiem

1039 2045 1129 2101 totins
1145 2045 1247 2099 mundi
1263 2044 1292 2101 in
1309 2049 1497 2118 conspectum
1516 2045 1623 2101 Divinae
1640 2046 1803 2117 Majestatis
1815 2052 1867 2102 tue

1038 2149 1105 2187 cum
1120 2133 1208 2188 odore
1224 2133 1379 2190 suavitatis
1393 2136 1541 2191 ascendat.
1558 2135 1613 2200 Qui
1629 2135 1704 2190 vivis
1717 2139 1773 2191 etc.

1138 2234 1229 2288 Posito
1246 2231 1336 2288 Colice
1349 2249 1432 2304 ευμεν
1445 2233 1534 2288 citare
1549 2232 1774 2299 dicetsucerdtrs.

1073 2329 1209 2385 Oblatum
1227 2330 1279 2386 tibi
1294 2329 1416 2387 Domine
1431 2330 1549 2387 culicem
1567 2331 1774 2400 sanctificant
1788 2334 1868 2390 nohis

1039 2417 1182 2490 unigeniti
1206 2416 1248 2472 tui
1265 2422 1295 2473 D.
1313 2418 1346 2473 N.
1363 2418 1433 2475 lesu
1456 2416 1562 2474 Christi
1587 2419 1716 2493 sanguis
1743 2420 1803 2476 siat.
1818 2421 1866 2485 Oui
1901 2433 1905 2441 ’

1037 2512 1133 2562 tecum
1148 2511 1202 2562 etc.

1088 2596 1159 2650 Turre
1175 2596 1313 2652 benedicat
1327 2604 1453 2668 utresque
1466 2596 1570 2652 eierato
1584 2613 1684 2662 manu,
1701 2606 1728 2654 et
1740 2597 1819 2653 dicct.

1072 2685 1102 2738 ln
1121 2685 1238 2741 nomine
1254 2685 1358 2751 PatriS,
1375 2689 1403 2742 ct
1418 2684 1492 2754 Filii,
1509 2690 1537 2742 et
1560 2686 1691 2759 Spiritus
1709 2688 1812 2755 sancti,
1827 2686 1863 2743 sit

1036 2773 1195 2845 signatum,
1208 2774 1386 2840 ordinatum,
1401 2775 1631 2843 sanctificatum,
1644 2780 1672 2830 et
1684 2775 1863 2832 benedictum

1036 2862 1088 2917 hoc
1104 2862 1282 2918 sacrificium
1297 2880 1415 2918 novum.

1376 2952 1521 3026 ,ldjunqot

1071 3040 1143 3096 Veni
1167 3041 1365 3097 sanctificator
1389 3039 1575 3113 omnipotens
1599 3045 1709 3097 aterne
1738 3044 1821 3108 Deus,
1835 3045 1863 3096 et

1036 3129 1157 3185 benedic
1180 3128 1235 3185 hoc
1259 3129 1445 3196 sacrificium,
1461 3129 1513 3185 tibi
1530 3135 1743 3211 preparatum.
1757 3130 1807 3194 Oui
1822 3129 1861 3185 ri·

1035 3217 1078 3272 vis
1093 3223 1147 3273 etc.

1034 3321 1130 3371 Postea
1154 3316 1289 3387 accipiens
1317 3317 1456 3388 episcopus
1484 3316 1546 3372 tirus
1560 3332 1578 3371 o
1594 3315 1713 3375 diacono
1737 3325 1818 3390 ponat
1833 3319 1860 3372 ia

1296 3387 1478 3454 thuribulum,
1494 3386 1597 3443 dicens.

1068 3485 1121 3540 Per
1141 3483 1380 3541 intercessionem
1404 3484 1496 3541 saneti
1521 3485 1668 3542 Gabrielis
1692 3484 1858 3560 Archangeli
1916 3494 1920 3503 ’

1032 3573 1138 3628 stantis
1154 3591 1170 3628 a
1186 3573 1295 3628 dextris
1308 3573 1415 3630 Altaris
1431 3573 1552 3643 incensi,
1569 3578 1599 3629 et
1614 3575 1750 3630 onmium
1765 3575 1859 3631 electe.

1033 3678 1098 3716 rum
1109 3678 1229 3717 suorum
1243 3661 1395 3721 incensum
1413 3662 1491 3718 istud
1509 3663 1651 3719 Dominus
1667 3663 1805 3739 dignetur
1817 3663 1860 3720 be
1875 3672 1883 3689 “

1032 3750 1176 3819 aedicere,
1194 3754 1222 3805 ct
1238 3750 1266 3805 in
1283 3750 1400 3806 ederem
1415 3749 1568 3807 suavitatis
1582 3750 1728 3823 accipere.

1033 3850 1097 3904 llec
1128 3851 1214 3904 oratic
1251 3847 1365 3905 dicerrdc
1402 3858 1451 3916 est,
1481 3848 1545 3905 dura
1575 3851 1689 3906 incenso
1726 3851 1808 3907 misso
1835 3853 1860 3906 in

1068 3920 1241 3975 thuribulum
1261 3922 1349 3991 ipsum
1372 3921 1544 3976 thuribulum
1555 3936 1640 3993 ευμεν
1651 3938 1766 3995 pinnen,
1782 3928 1809 3977 ct
1820 3939 1861 3976 cu·

1068 3992 1147 4046 tieem
1162 3991 1387 4047 circumducitur.

1068 4088 1211 4144 llemores
1223 4107 1338 4155 sumus,
1351 4093 1456 4145 aterne
1468 4094 1551 4158 Deus,
1566 4089 1652 4146 Pater
1667 4089 1859 4163 omnipotens,

1031 4176 1251 4250 gloriosissime
1281 4177 1427 4251 passionis
1460 4177 1525 4234 Filii
1553 4178 1608 4243 tui,
1640 4178 1859 4235 resurrectionis

1031 4267 1119 4322 etiam
1137 4268 1211 4338 ejus,
1228 4273 1256 4322 ct
1272 4266 1454 4324 ascensionis
1468 4269 1533 4339 ejus
1547 4266 1577 4321 in
1598 4267 1717 4324 ccelnm.
1735 4268 1859 4324 Petimus

1031 4372 1099 4427 crgo
1116 4356 1297 4427 llnjcstetcm
1314 4361 1406 4417 tuam.
1423 4360 1456 4412 ut
1469 4356 1631 4412 ascendant
1647 4373 1750 4429 preces
1766 4355 1859 4431 humi·

147 4433 299 4502 deterunt,
317 4439 345 4489 et
361 4434 411 4506 qni
428 4453 479 4508 pro
497 4453 543 4491 mc
559 4440 652 4504 (irunt,
670 4453 720 4492 seu
735 4455 787 4508 pro
803 4440 911 4511 quibus
927 4443 975 4498 de·
991 4463 1015 4528 D
1031 4441 1122 4500 litatis
1137 4450 1241 4500 nostrae
1257 4462 1315 4501 nna
1329 4462 1397 4501 cum
1413 4445 1533 4501 incenso
1548 4444 1606 4501 isto
1622 4444 1655 4502 in
1672 4451 1858 4518 conspectum

148 4521 225 4577 bitur
245 4540 309 4577 snm
335 4540 452 4579 exorare
470 4524 626 4592 murrinis,
644 4542 731 4598 quarn
749 4527 905 4595 deiuuetis,
923 4532 975 4586 tibi

147 4609 245 4671 offero,
263 4615 407 4680 quatenus
424 4615 450 4667 te
471 4613 593 4668 Domino
620 4614 785 4682 irriserante,
803 4617 845 4671 eis
861 4619 976 4674 etmihi

147 4696 291 4763 remissio,
309 4704 338 4754 et
365 4700 547 4773 indulgentia
577 4707 761 4773 peccatorum
789 4708 974 4776 (torrerentur,

147 4792 173 4842 et
190 4787 247 4841 uita
263 4790 371 4842 aterna
387 4789 576 4845 condonetur.
595 4790 647 4845 l‘er
661 4796 715 4846 etc.

269 4877 340 4930 Turn·
356 4880 478 4947 imponet
492 4879 609 4934 obtutum
625 4881 719 4939 crltnri.
736 4889 760 4936 rt
775 4882 858 4937 itione.

118 4967 146 5009 Υ
182 4965 338 5019 Sanctilica
367 4965 487 5021 Domine
517 4967 591 5022 bane
620 4967 808 5034 oblationem,
831 4977 863 5025 ut
892 4974 976 5030 nobis

147 5053 288 5126 unigeniti
301 5053 363 5109 Filii
378 5053 420 5109 tui
437 5056 548 5109 Domini
565 5058 655 5112 nostri
668 5059 736 5114 lesu
750 5059 854 5117 Christi
871 5078 977 5134 corpus

148 5141 209 5198 nat.
225 5142 278 5206 Oui
295 5147 391 5198 tecum
408 5144 477 5198 vivit
493 5148 547 5198 etc.

147 5248 248 5303 Deinde
275 5250 412 5304 Diaconos
440 5252 559 5321 accipiet
585 5269 600 5305 u
630 5250 800 5309 Sirtntiurouo
830 5259 933 5326 einum,
952 5266 978 5314 et

288 5321 399 5377 νηίεεευι
415 5337 475 5376 crint
486 5339 557 5394 aqua
574 5325 602 5376 in
618 5323 711 5389 catice,
728 5325 831 5381 dicens.

182 5408 269 5475 Deus,
282 5409 331 5480 qui
343 5409 478 5465 humanae
491 5411 663 5466 substantia
676 5413 847 5485 ‘lignitatem
860 5416 978 5473 mirabi-

147 5491 212 5551 liter
227 5498 392 5567 condidisti,
409 5503 438 5556 et
455 5500 621 5557 mirabilius
646 5501 821 5570 reformasti,
839 5505 876 5560 da
892 5506 977 5562 nobis

1032 4538 1087 4587 turn
1104 4533 1275 4602 clementia,
1291 4540 1319 4591 ct
1334 4535 1491 4591 descendat
1504 4551 1593 4607 super
1604 4533 1688 4591 hunc
1700 4550 1820 4608 panem,
1835 4537 1859 4591 et

1032 4621 1206 4693 superbene
1218 4622 1335 4679 calicem
1348 4621 1498 4696 plenitudo
1509 4623 1691 4679 Divinitatis:
1704 4623 1860 4680 descendat
1883 4644 1886 4651 ·

1032 4710 1119 4765 etiam
1131 4712 1250 4767 Domine
1259 4711 1309 4767 illa
1320 4712 1413 4768 saneti
1424 4710 1859 4786 spiritusincomprehensibilis

1032 4799 1246 4873 invisibilisque
1267 4802 1415 4873 nriqcstas,
1433 4801 1510 4857 sicut
1531 4802 1684 4874 quondam
1699 4801 1730 4857 in
1746 4802 1859 4858 Patrem

1033 4888 1142 4943 hostias
1157 4890 1361 4946 descendebat.
1377 4889 1430 4945 Per
1444 4890 1581 4946 eumdem
1595 4889 1733 4961 ejusdem
1749 4896 1806 4947 etc.

1032 4985 1199 5044 Circurniens
1215 4996 1305 5044 υυιευν
1321 4989 1409 5044 uttorc
1432 5005 1494 5044 cum
1517 4989 1629 5044 incenso
1656 4990 1806 5061 lipisccpus
1819 4994 1859 5042 aut

1324 5060 1472 5132 Presbyter
1484 5059 1568 5115 dicut.

1067 5153 1221 5211 incensum
1243 5155 1320 5212 istud
1338 5161 1397 5214 nte
1413 5157 1610 5226 benedictum,
1628 5157 1775 5214 ascendat
1789 5158 1822 5215 ad
1837 5162 1858 5213 te

1032 5242 1163 5313 Domine,
1181 5249 1209 5300 et
1224 5245 1382 5303 descendat
1397 5263 1484 5319 super
1503 5262 1558 5302 nos
1581 5245 1791 5305 misericordia
1805 5252 1855 5301 tus.

1373 5336 1511 5408 Sequitur.

1067 5421 1315 5494 Diriguturorutio
1324 5425 1483 5494 mea,sicut
1499 5425 1656 5481 incensum
1667 5424 1854 5499 inconspectn

1032 5512 1082 5563 tuo
1097 5511 1226 5566 nornine.
