3878 6098
113 251 174 315 ata
508 249 676 313 APPDND.
698 250 749 310 AD
773 250 868 316 SAEG.
890 251 929 317 Χ.
946 284 985 296 ·-
1000 249 1250 314 lllDNUllllN'l'A
1271 250 1430 314 Ll'l'UltG.
1761 246 1822 313 aso

115 401 168 455 nee
182 382 340 455 invalescet
353 400 433 442 mors
448 383 568 458 peceati,
583 401 672 457 super
686 399 740 440 nos
760 399 859 440 serres
874 386 939 441 tuos
953 389 981 455 Α
995 385 1080 440 Putre
1094 388 1123 441 ot
1134 384 1205 441 nitio
1219 384 1308 441 simut
1324 385 1463 442 raderetur
1476 390 1504 440 et
1518 381 1822 457 conglorificaturDui

115 478 144 535 et
158 490 247 548 super
260 489 379 532 omnem
394 472 537 548 populum
551 477 647 531 tuum.
997 471 1113 530 loeutus
1127 476 1172 530 est
1185 490 1237 551 par
1251 473 1456 547 prophetasltt
1469 489 1559 531 unam
1574 477 1708 530 sauemm
1726 472 1824 531 oatbo

127 629 130 633 ,
402 569 453 621 ltro
469 562 654 636 pontificibus.
997 560 1094 630 licam,
1119 566 1148 619 et
1162 562 1353 635 apostolicam
1367 561 1537 620 Doclesiam.
1561 561 1707 619 Gontiteor
1732 579 1823 619 unum

150 655 187 717 aa
200 653 307 722 iterum
322 668 458 727 rogemus
468 651 697 724 omnipotentem
714 654 815 717 Deum,
828 649 942 717 Patrem
997 651 1145 724 baptisma
1158 651 1188 707 in
1204 651 1409 711 remissionem
1420 655 1606 725 peecatorum
1623 668 1630 708 :
1647 655 1678 708 et
1690 656 1824 724 exspecto

116 741 233 803 Domini
248 744 278 799 et
298 740 348 799 Dei
372 759 406 798 ae
429 739 587 798 salvatoris
611 738 705 797 nostri
728 738 799 795 lesu
824 737 942 796 Christi.
997 739 1240 798 resurrectionem
1256 740 1586 809 messanensium
1600 738 1824 799 venturisaeculi

117 833 267 907 Rogamus
281 835 310 887 et
331 831 458 904 petimus
483 827 716 896 abominetur,
734 844 750 884 o
765 830 879 884 amator
893 827 945 885 he·
996 831 1099 887 Amen.

117 922 243 989 minum,
274 919 436 989 recordare,
467 917 600 986 Domine,
625 916 719 975 Patris
743 915 835 973 nostri
858 933 944 973 vene·
1032 917 1822 986 Sacerdoadicit:Faceoautsinttibisinadiaisione,

117 1008 202 1081 randi
225 1007 367 1083 principis
390 1005 676 1080 archiepiscoporum
699 1009 878 1073 nostrorum,
895 1006 942 1075 N,
998 1011 1027 1065 et
1041 1008 1104 1064 sine
1119 1008 1237 1082 pigritia
1248 1009 1356 1066 iaciant
1369 1006 1549 1065 voluntatem
1560 1011 1644 1064 tuam
1654 1012 1825 1066 nunciaturi

118 1116 152 1171 aa
162 1097 255 1168 saneti
269 1100 299 1152 et
313 1095 389 1152 beati
406 1095 545 1155 antistitis
561 1094 664 1165 nostri,
681 1095 716 1151 n.
998 1097 1126 1155 beatam.
1136 1099 1191 1155 Fae
1206 1115 1257 1155 eos
1272 1099 1392 1156 domum
1410 1097 1560 1164 orationis,
1575 1097 1700 1154 domurn
1716 1098 1824 1168 purita-

152 1187 290 1254 Diaconos
313 1185 380 1241 dicit
397 1203 403 1240 :
420 1184 506 1242 Orate
525 1202 577 1258 pro
592 1185 724 1257 principe
740 1188 850 1254 nostro,
866 1185 945 1257 prin·
998 1188 1047 1251 tis,
1059 1187 1180 1244 domum
1207 1187 1394 1245 abundantiae
1408 1192 1436 1244 et
1451 1186 1561 1260 gratia,
1576 1186 1754 1260 gratificare,
1769 1187 1826 1244 De·

119 1275 365 1348 eipenostrorum
382 1273 669 1346 archiepiscoporum
685 1273 946 1346 N.,eteapiteepi·
999 1276 1088 1345 mine,
1105 1276 1297 1334 uobisservis
1323 1278 1392 1343 tuis,
1409 1282 1438 1333 et
1465 1280 1532 1348 post
1560 1292 1614 1333 nea
1641 1275 1776 1333 venturis
1797 1277 1826 1333 in

118 1381 274 1438 acoporum
304 1380 416 1436 magnae
445 1362 599 1436 provinciae
626 1361 826 1420 Alexandrinas
855 1380 862 1431 ;
892 1380 944 1435 pro
999 1364 1149 1423 seculmn.
1167 1366 1296 1439 Exsurge
1322 1366 1455 1434 Domine,
1471 1366 1549 1422 Deus
1573 1369 1683 1432 noster,
1699 1366 1826 1423 etdisai·

118 1454 213 1528 eapite
228 1453 327 1528 patris
344 1456 463 1520 nostra,
477 1452 642 1511 venerando
658 1451 875 1525 archiepiscopo
892 1469 944 1508 no·
999 1459 1107 1527 pcntnr
1115 1454 1228 1511 inimici
1243 1454 1296 1524 tui,
1313 1449 1343 1511 at
1357 1455 1472 1529 fugiant
1483 1456 1551 1511 ante
1562 1454 1666 1511 ficiem
1674 1459 1757 1521 tuam
1769 1472 1828 1513 orn·

119 1549 179 1601 stro
193 1542 286 1611 N.,ae
300 1542 440 1601 omnibus
454 1541 609 1615 episeopis,
626 1541 870 1609 sacerdotibus,et
886 1541 946 1598 dia·
1000 1559 1051 1599 nes
1075 1544 1126 1616 qui
1146 1544 1272 1600 oderunt
1294 1548 1431 1601 sanctam
1454 1547 1485 1604 et
1506 1543 1697 1601 benedictum
1720 1560 1827 1601 nomen

119 1631 201 1691 aonia
215 1635 299 1689 reete
315 1631 393 1689 lldei.
999 1635 1094 1688 tuum.
1111 1631 1213 1705 Populi
1228 1637 1326 1689 autem
1341 1633 1384 1689 tui
1399 1633 1461 1688 siut
1474 1631 1621 1690 benedieti
1635 1631 1746 1690 millies
1760 1633 1825 1690 mil-

154 1721 283 1779 Secerdos
305 1721 374 1777 decit
390 1739 396 1776 :
413 1719 608 1777 eustodiendo
633 1719 748 1777 onsledi
772 1736 822 1776 eos
847 1719 944 1787 nobis,
998 1719 1236 1790 libus,etitcrum
1251 1721 1360 1779 millies
1373 1720 1506 1778 millibus
1520 1721 1771 1788 benedietienurn,
1787 1722 1826 1778 la·

119 1809 222 1869 multis
240 1810 326 1867 annis
341 1814 370 1868 et
384 1809 471 1884 lenge
486 1813 617 1882 tempore
635 1809 663 1869 in
676 1808 795 1882 justitia
808 1813 837 1865 et
852 1825 943 1881 pace;
999 1808 1135 1883 cientque
1159 1826 1277 1867 omnem
1300 1809 1480 1868 voluntatem
1498 1814 1593 1877 tuam,
1618 1827 1672 1882 par
1689 1811 1824 1883 matiam,

120 1903 155 1960 ut
167 1899 320 1974 perficiant
345 1897 592 1957 eonsecratienem
617 1915 705 1971 quam
722 1905 754 1955 tu
770 1897 946 1955 commisisti
999 1899 1221 1972 benignitatem,
1238 1916 1271 1955 ac
1285 1896 1413 1956 amorem
1430 1898 1565 1956 hominos
1581 1897 1646 1955 Filii
1665 1898 1710 1956 tui
1726 1899 1825 1972 unige-

120 1987 256 2061 dignitati
271 1987 623 2056 sacerdotali,seeundum
638 1991 770 2045 sanctam
785 2003 818 2043 ao
829 1987 944 2043 beatam
1000 1987 1053 2044 niti
1070 1988 1184 2045 Domini
1202 1989 1259 2056 Dei,
1280 1992 1309 2044 et
1332 1988 1492 2045 Salvatoria
1506 1986 1600 2045 nostri
1613 1986 1688 2044 Jesu
1701 1986 1825 2057 Christi;

118 2077 299 2135 voluntatem
315 2076 611 2148 tnam3utjudicont
625 2074 782 2149 injustitia
792 2079 821 2133 at
831 2074 946 2132 reetitu·
999 2077 1057 2144 oui,
1085 2081 1115 2134 et
1140 2077 1203 2143 tibi,
1233 2094 1267 2134 ac
1295 2076 1407 2150 Spiritu
1436 2082 1538 2134 sancto
1559 2076 1600 2133 sit
1626 2075 1826 2149 gloriaetpe-

120 2166 201 2236 dine,
214 2171 244 2224 et
265 2171 388 2241 pascant
411 2165 536 2241 populos
550 2171 617 2223 tuos
638 2165 668 2223 in
683 2165 828 2238 equitate.
844 2167 945 2221 Custo-
999 2165 1100 2234 tentia,
1117 2183 1195 2222 nune
1223 2171 1253 2224 et
1281 2183 1406 2240 semper,
1422 2170 1451 2223 et
1465 2165 1497 2222 in
1511 2165 1618 2222 amoma
1639 2165 1824 2222 amulorum.

120 2255 227 2314 diendo
242 2255 356 2313 custodi
371 2255 460 2312 etiam
476 2271 578 2311 ornnes
594 2254 758 2328 episcopos,
769 2253 944 2322 sacerdotes,
999 2256 1102 2312 Arnen.

120 2346 297 2407 etdiaeouoa
313 2347 397 2401 recte
412 2343 491 2410 tidei,
503 2347 532 2399 et
546 2360 648 2399 omnes
663 2342 827 2400 conformes
838 2346 946 2398 sancte
1036 2343 1129 2402 Oratio
1141 2360 1191 2417 pro
1204 2360 1271 2416 pecc
1283 2345 1411 2417 perfecti,
1426 2343 1549 2401 aeoetdea
1561 2342 1630 2399 dicit
1647 2360 1654 2399 :

121 2441 151 2493 et
165 2434 256 2490 unieea
270 2433 405 2491 Ecclesia
421 2450 485 2506 que
500 2436 545 2488 est
559 2431 746 2505 congregatio
768 2429 945 2502 apostolioa;
1036 2431 1161 2505 Magnus
1175 2435 1205 2488 et
1217 2436 1344 2488 aeternus
1353 2430 1496 2488 Dominus
1511 2429 1668 2502 psalmavit
1678 2430 1824 2489 hominem

120 2522 267 2587 orationes
280 2538 347 2579 vero
362 2538 436 2595 quas
446 2537 498 2594 pro
514 2521 599 2578 nobis
615 2525 644 2577 et
659 2537 710 2593 pre
735 2518 879 2575 universis
895 2535 946 2591 po·
1001 2518 1825 2595 immaculatum,incerruptibilemlllorsautemingressa

120 2611 200 2688 pulis
210 2611 270 2669 tuis
283 2609 404 2679 iaciunt,
416 2614 535 2682 accepta
544 2610 574 2665 in
586 2607 762 2666 sacrificium
774 2607 946 2664 tuumaltis·
1000 2613 1045 2666 eat
1060 2627 1076 2665 a
1091 2608 1235 2681 principio
1251 2608 1279 2664 in
1291 2608 1434 2664 muudum
1446 2608 1484 2666 ob
1494 2607 1635 2679 invidiam
1647 2609 1823 2678 dietatem,

120 2702 230 2763 simum
245 2700 276 2757 in
292 2701 380 2757 odore
394 2690 652 2767 bono‘suaritatis,
669 2702 698 2754 et
721 2713 824 2754 omnes
848 2695 946 2753 hostes
1001 2697 1133 2765 Domine,
1148 2697 1281 2770 eripuisti
1296 2697 1354 2754 vim
1370 2698 1434 2769 ejus
1450 2714 1501 2769 per
1513 2697 1675 2756 adventum
1685 2697 1824 2773 unigeniti

120 2790 346 2861 etadrarsarios
361 2805 462 2849 eorum
478 2787 598 2860 dissipa,
614 2792 643 2844 et
658 2785 808 2860 confringe
822 2785 879 2842 sub
894 2800 946 2857 pe·
1001 2787 1065 2843 Filii
1081 2787 1123 2843 tui
1138 2786 1254 2845 Domini
1269 2786 1320 2845 Dei
1335 2791 1364 2842 at
1378 2786 1536 2844 &laeteris
1550 2787 1644 2844 nemci
1660 2786 1734 2845 Jesn
1749 2788 1825 2846 Chri·

121 2880 208 2945 dibus
223 2895 323 2939 eorum
337 2877 483 2935 velociter.
500 2880 582 2950 Ipsos
597 2892 664 2933 vero
685 2875 799 2935 custodi
816 2874 901 2931 nobis
915 2873 945 2930 in
1000 2876 1048 2944 sti,
1062 2880 1091 2932 et
1106 2874 1264 2948 implevisti
1278 2879 1370 2934 tetam
1382 2879 1490 2935 terram
1506 2891 1577 2947 pace
1595 2878 1659 2933 tua.
1675 2877 1826 2950 Propterea

117 2969 236 3044 justitia
250 2971 279 3024 et
293 2984 363 3040 pace
379 2968 408 3023 in
424 2965 555 3035 Deolosia
569 2970 670 3022 sancte
686 2969 747 3021 tua.
1001 2964 1132 3022 centesies
1146 2964 1275 3038 legiones
1298 2964 1420 3023 laudent
1443 2967 1471 3021 te
1492 2963 1623 3023 dieentes
1641 2964 1761 3023 :Gloria
1776 2971 1824 3024 De·

408 3061 464 3113 Pre
476 3056 657 3126 rereprepetr'a.
1001 3055 1082 3111 mino
1096 3054 1124 3109 in
1142 3052 1232 3122 coelis,
1249 3058 1278 3110 et
1292 3071 1347 3127 pax
1362 3053 1391 3108 in
1403 3057 1480 3110 terre
1494 3052 1667 3110 hominibus
1682 3054 1767 3113 bonas
1780 3072 1823 3113 ro

157 3146 285 3205 Sacerdos
299 3146 371 3203 dicit
385 3145 437 3202 :Et
450 3144 558 3203 iterum
568 3159 707 3216 rogemus
715 3143 945 3216 omnipotentem
959 3130 982 3199 C
1001 3143 1133 3200 luntatis.

121 3235 342 3302 Deum,Patrem
359 3233 486 3302 Domini,
502 3237 531 3288 et
545 3232 606 3300 Dei,
624 3249 657 3289 ae
681 3230 838 3287 Salvatoris
854 3231 945 3288 nostri
1035 3235 1171 3289 Diaconos
1186 3232 1253 3289 dicit
1269 3250 1275 3289 :
1293 3233 1379 3290 Drate
1403 3248 1457 3304 pro
1469 3247 1541 3304 paee
1562 3232 1693 3305 perlaeta
1707 3237 1739 3290 et
1751 3250 1823 3293 ann·

119 3324 190 3381 lesu
205 3322 487 3388 ChristiDuerimus
503 3326 533 3378 et
547 3337 719 3394 rogemuaa
739 3320 869 3381 bonitate
883 3323 944 3389 tua,
1000 3321 1051 3377 hili
1068 3338 1100 3378 ac
1115 3321 1266 3378 salutifera
1288 3325 1316 3376 et
1340 3318 1518 3393 apostolica:
1534 3319 1667 3382 Salutate
1688 3339 1743 3381 roa
1757 3321 1822 3379 inri-

121 3417 268 3472 eamator
281 3411 445 3469 hominum.
463 3410 771 3480 Recordara‚Demine,
787 3425 945 3484 congrega·
999 3427 1074 3468 cem.
1091 3406 1152 3476 Qui
1172 3409 1389 3469 communicare
1413 3408 1585 3477 nonnullis,
1606 3409 1762 3470 discedite.
1776 3410 1823 3476 Dni

120 3502 211 3562 tionis
224 3505 341 3572 nostres,
356 3504 385 3559 et
398 3500 520 3559 benedic
533 3501 571 3558 ei.
1000 3505 1098 3558 autern
1108 3499 1196 3555 vultis
1206 3497 1653 3572 communicare,amplaotimini
1662 3498 1821 3559 invicemin

152 3594 289 3659 Diaconos
302 3591 371 3649 dicit
386 3609 393 3648 ε
410 3591 496 3649 Orate
512 3606 564 3662 pro
579 3589 634 3647 hac
648 3588 771 3664 ecelesia
789 3591 900 3656 saneta,
916 3592 946 3645 et
1000 3589 1180 3662 plenitudine
1201 3588 1307 3645 cordis.
1323 3587 1378 3653 Qui
1392 3586 1591 3645 communicat
1605 3588 1824 3647 cunediatser

118 3685 219 3739 nostra
233 3679 457 3754 congregatione
472 3677 579 3752 quein
594 3695 629 3736 ea
643 3682 698 3736 est.
998 3679 1087 3736 malo.
1705 3750 1711 3760 ¹

154 3771 273 3843 Populea
286 3769 354 3834 dicit
370 3788 377 3827 ι
394 3768 519 3827 Benedic
543 3766 761 3840 congregationi
783 3770 899 3834 nostrae,
916 3770 945 3822 et
1033 3768 1163 3827 sacerdes
1190 3767 1281 3824 dicit:
1303 3764 1475 3834 DDernine,
1505 3783 1541 3823 ex
1567 3765 1755 3839 heneplacito
1779 3769 1824 3825 tue

116 3858 233 3917 eustodi
248 3874 312 3915 eam
327 3857 358 3914 in
373 3874 453 3930 paee.
998 3857 1088 3930 imple
1101 3857 1189 3913 corda
1205 3861 1306 3913 nostru
1321 3871 1392 3928 pace
1402 3858 1495 3922 tumet
1508 3855 1622 3913 munda
1636 3856 1741 3913 nesab
1751 3855 1822 3913 omni

152 3949 288 4004 Diaconos
303 3946 370 4002 dicit
386 3964 393 4001 ε
410 3945 441 4001 1η
457 3944 602 4018 sapientia
617 3943 732 4001 Domini
748 3944 836 4001 dieite
849 3948 879 4001 at
892 3960 943 4001 ea·
998 3945 1076 4003 male
1089 3945 1266 4020 cogitatione
1280 3949 1310 4001 ct
1323 3944 1555 4011 immunditiaat
1568 3943 1607 4000 ab
1620 3943 1705 4001 omni
1719 3960 1821 4002 memo-

116 4033 176 4090 nita
189 4034 353 4091 orationem
368 4033 447 4091 fidei.
884 4062 888 4067 ·
996 4037 1040 4092 ria
1055 4035 1242 4107 injuriarum,
1258 4038 1287 4092 et
1301 4035 1338 4090 ab
1352 4032 1432 4090 omni
1447 4032 1566 4099 invidia,
1582 4037 1614 4090 et
1626 4033 1823 4091 recordatione

150 4122 274 4194 Populea
296 4121 386 4179 dicit:
407 4121 500 4179 Crede
528 4122 559 4177 in
583 4139 676 4180 unum
698 4122 800 4190 Deum,
826 4122 941 4178 Patrem
997 4123 1220 4197 malorumque
1235 4128 1357 4179 mortem
1376 4123 1513 4179 inierunt.
1530 4121 1759 4191 DDernine,lao
1772 4139 1822 4180 noa

115 4209 357 4283 omnipotentem,
374 4211 513 4269 faetorem
537 4210 601 4267 coeli
624 4215 654 4267 at
665 4214 760 4279 torrae,
780 4210 940 4267 visibilium
996 4229 1083 4270 omne
1099 4213 1204 4286 dignos
1219 4217 1252 4268 ut
1267 4211 1430 4269 salutemur
1454 4210 1632 4268 adinvicem
1645 4211 1821 4269 salutatione

115 4299 251 4359 omnium
261 4303 291 4358 et
306 4298 547 4357 invisibiliumllt
562 4299 591 4354 in
609 4316 700 4356 unum
721 4299 878 4356 Dominum
894 4300 940 4357 Je·
996 4307 1099 4360 saneta
1113 4305 1141 4358 et
1164 4300 1364 4368 immaculata,
1389 4304 1418 4358 ct
1442 4298 1621 4372 recipiamus
1635 4300 1821 4372 sinatudicio

115 4405 182 4445 sum
197 4387 357 4456 Christum,
372 4387 477 4445 lilium
493 4387 543 4444 Dei
559 4387 744 4462 unigenitum
757 4406 764 4455 ς
775 4392 848 4444 etex
859 4390 941 4447 Patra
996 4396 1025 4448 et
1039 4391 1103 4447 sina
1120 4390 1335 4446 mortedonum
1345 4393 1431 4445 tuum
1442 4387 1626 4455 eoebstahoo
1638 4389 1820 4464 eatgretiern

115 4482 218 4534 natum
232 4483 300 4534 ante
315 4476 415 4534 emnia
429 4476 544 4545 saecula,
565 4481 654 4534 Deum
669 4478 706 4533 de
720 4477 889 4544 Dco,lumen
905 4479 941 4536 dc
956 4496 980 4562 p
994 4485 1077 4536 tuam
1093 4496 1161 4536 cum
1176 4478 1288 4550 Spiritu
1304 4481 1416 4534 saneto.

114 4565 236 4634 lumine,
252 4567 345 4623 Deum
366 4583 468 4623 verum
493 4567 529 4623 de
551 4567 608 4623 Deo
634 4583 709 4623 vero.
730 4567 866 4624 (lenitum
883 4584 941 4624 non
1031 4569 1152 4640 Papulas
1174 4567 1242 4624 dicit
1258 4584 1265 4622 ι
1281 4565 1405 4633 Christe,
1424 4571 1499 4622 Deus
1522 4570 1630 4633 noster,
1647 4567 1695 4624 lae
1710 4584 1764 4625 nos
1777 4568 1821 4626 di·

114 4653 235 4724 tactum,
252 4654 532 4712 consubstantialem
558 4656 645 4724 Patri,
670 4673 722 4730 per
736 4673 824 4729 quem
840 4656 940 4715 omnia
993 4674 1066 4731 gnos
1081 4654 1229 4713 salutandi
1245 4652 1458 4711 tesolatatione
1468 4652 1626 4722 ooelestioae
1640 4654 1783 4713 laudandi
1793 4661 1820 4712 te

113 4742 285 4802 factasunt.
301 4741 355 4808 Qui
382 4748 500 4816 propter
522 4761 577 4801 nos
598 4743 743 4816 homines,
769 4750 798 4801 et
821 4750 940 4819 propter
994 4762 1052 4802 unu
1066 4743 1303 4801 eumcherubim
1328 4746 1357 4800 et
1371 4741 1537 4815 Seraphim,
1560 4742 1695 4801 dieentes
1711 4763 1718 4800 :
1734 4745 1820 4802 Sanc·

113 4835 245 4904 nestram
258 4829 384 4888 salutem
399 4832 550 4890 deseendit
565 4834 600 4890 de
617 4833 707 4891 coelie.
721 4836 756 4891 at
767 4834 938 4893 incarnatus
993 4837 1186 4903 tus,sanctus,
1203 4836 1334 4899 sanctus,
1351 4830 1555 4904 Omnipotens.
1572 4830 1656 4889 Pleni
1676 4838 1749 4890 aunt
1761 4830 1836 4891 crali'

93 4924 157 4981 eet
171 4920 207 4978 do
221 4919 332 4994 Spiritu
348 4925 461 4989 saneto,
478 4939 513 4978 en
538 4921 629 4980 lilerio
650 4922 780 4997 Virgine,
796 4929 825 4981 et
849 4924 937 4982 horno
992 4927 1022 4979 et
1035 4927 1113 4980 terra
1128 4921 1283 4979 sanctitate
1298 4920 1398 4995 glorie
1412 4925 1481 4978 tue.

110 5011 205 5082 lactus
219 5013 276 5069 est.
290 5009 454 5066 Crucifixus
476 5009 564 5068 etiarn
589 5028 641 5084 pro
664 5012 749 5071 nobis
763 5013 819 5076 suh
835 5014 938 5071 Pontio
1027 5011 1156 5069 Sacerdos
1168 5011 1236 5067 dicit
1252 5010 1414 5070 Dominus
1427 5009 1593 5082 nobiseum,
1609 5016 1736 5068 sanctus
1747 5011 1819 5067 inter

110 5097 213 5167 Pilato,
229 5103 379 5173 passsam
402 5098 535 5171 sepultus
550 5104 603 5156 est.
620 5101 655 5155 nt
669 5091 836 5159 ¹resurrexit
850 5102 937 5159 tertia
989 5104 1241 5168 sanctoe,sanetus
1251 5099 1327 5155 inter
1337 5102 1589 5166 auctoramenta
1598 5096 1679 5157 inter
1691 5105 1815 5157 muetos.

109 5187 156 5245 die
171 5188 334 5245 secundum
351 5186 566 5262 Scripturasnt
581 5187 712 5244 aseendit
727 5189 757 5244 in
772 5188 937 5258 eaelumse·
989 5188 1103 5246 Gratias
1117 5189 1234 5262 agimus
1250 5188 1314 5255 tibi,
1328 5188 1514 5260 Domine,per
1527 5187 1672 5247 dilectum
1688 5188 1817 5263 unigen-

109 5275 158 5335 det
172 5276 208 5333 ad
225 5276 373 5335 dexteram
387 5276 529 5333 Patriallt
543 5276 797 5334 iterumventurus
807 5284 852 5336 est
867 5296 934 5336 cum
989 5283 1053 5334 turn
1068 5277 1172 5333 Filium
1188 5281 1283 5345 tuum,
1301 5276 1459 5334 Dominum
1475 5277 1581 5343 Deum⁹
1591 5281 1620 5334 et
1636 5277 1818 5335 Saruatorem

108 5362 202 5437 gloria
213 5364 349 5436 judicare
362 5365 442 5422 vivos
457 5370 486 5423 et
511 5369 661 5434 mortuos;
677 5367 763 5439 eujus
780 5367 860 5440 regni
876 5361 934 5424 non
990 5371 1124 5423 nostrum
1139 5366 1240 5423 lesum
1254 5366 1415 5433 Christum,
1426 5382 1515 5438 quem
1529 5365 1561 5421 in
1575 5367 1735 5439 posteriori
1750 5372 1817 5423 mm·

108 5451 289 5509 eritfinisSt
303 5452 332 5512 in
349 5454 492 5527 Spiritum
503 5458 638 5510 sonetum
651 5455 807 5512 Dominum
820 5461 849 5512 et
863 5455 935 5512 rivi·
990 5473 1059 5528 pore
1084 5456 1190 5513 misisti
1219 5456 1303 5513 nobis
1323 5454 1430 5511 Filium
1455 5458 1551 5524 tuum,
1579 5455 1766 5514 Servatorem
1791 5458 1818 5512 et

108 5539 256 5609 ficantem,
273 5540 323 5612 qui
346 5558 381 5600 ex
396 5543 479 5599 Patre
495 5542 624 5616 Filioque
638 5543 780 5616 procedit.
797 5545 851 5612 Qui
868 5561 935 5602 curn
991 5546 1223 5616 Redemptorem,
1249 5542 1388 5601 nuntium
1403 5542 1519 5603 consilii
1540 5544 1596 5614 tui,
1613 5545 1667 5618 qui
1692 5545 1816 5602 Verbum
