3878 6098
125 278 183 340 999
516 277 685 339 tessun.
708 277 759 343 AD
782 275 875 335 SAEC.
900 274 938 335 X.
952 302 994 321 ··-
1008 270 1260 332 MONUMENTA
1281 269 1440 333 LlTUllG.
1638 291 1646 308 ·
1753 267 1833 331 4000

161 411 253 484 offert.
270 409 442 468 Benedictus
456 427 489 467 cs
504 410 624 468 Douriua
648 409 719 466 dccc
743 424 790 466 me
806 406 992 481 justitiae-‚A
1007 402 1177 479 longioris
1193 420 1327 477 ragnum.
1344 404 1407 460 Per.
1420 404 1495 475 iufra
1504 405 1642 459 aetlibnc
1651 399 1742 474 igitur
1753 399 1833 459 able·

124 499 219 556 tiones
233 498 530 556 tuas.Beuedictusas
542 498 603 554 Dae
617 498 689 553 doce
704 512 751 553 me
762 494 950 568 justificatio·
1005 496 1114 551 tionem
1129 510 1219 566 quarn
1234 493 1287 549 tibi
1302 493 1452 550 offerimus
1462 506 1518 565 pro
1533 490 1644 549 lamma
1654 494 1705 547 tuo
1715 490 1832 562 Nque·

125 604 177 644 nes
189 591 256 644 tuas
272 586 302 642 in
317 586 404 644 labiis
420 587 492 644 meis
508 585 697 660 pronunciavi
717 585 818 643 omnia
835 584 951 656 judicia
1004 601 1109 641 sumus
1123 584 1184 640 Due
1199 587 1231 639 ut
1244 582 1377 656 placatus
1394 576 1576 656 accipisset
1586 581 1642 637 ‘des
1666 579 1693 636 ci
1713 578 1833 637 eoelmte

125 676 185 734 oris
199 677 252 734 toi.
997 672 1184 731 desiderium
1199 670 1229 728 in
1253 671 1332 730 exitu
1356 673 1394 728 dc
1407 686 1536 743 corpore
1557 687 1622 739 suo,
1638 673 1667 726 et
1691 669 1832 743 spiritum

158 766 400 825 scaranensem
414 765 541 838 Dneypro
552 741 623 821 tna,
635 763 742 837 pietate
764 761 952 836 supplicatio-
1004 762 1156 837 refrigerii.
1173 762 1236 819 Per.

125 855 213 912 nibus
228 854 347 923 nostris,
363 860 392 911 et
407 853 769 926 suscipe·bostiem‚quam
784 851 836 910 tibi
852 851 949 909 alieri-
1040 852 1113 909 dom.
1129 851 1250 909 Redime
1274 864 1322 908 me
1347 855 1424 908 Deus
1437 850 1545 908 'lsrael
1567 850 1608 907 Aa
1629 848 1830 920 compsanae.

124 961 192 1004 mus
206 961 258 1017 pro
274 942 383 1001 famulo
393 942 603 1015 tunN'jacente
613 942 643 998 in
657 942 792 1015 grabatto
806 945 949 1014 prostans
1004 940 1119 998 Gratias
1135 939 1251 1014 agimus
1267 944 1328 996 bne
1339 938 1552 1013 multiplicibus
1561 935 1829 1013 largitatibus'tuia,

114 1033 249 1093 salutem
265 1049 323 1089 non
339 1032 480 1106 corporis,
495 1033 547 1090 sed
562 1031 668 1088 anima
682 1048 741 1088 suae
761 1035 876 1104 petente
899 1048 949 1104 prs
1002 1018 1376 1102 exquibusuuimasin'te
1390 1028 1572 1101 sperantium
1587 1043 1694 1085 sanare
1707 1042 1831 1084 consue·

123 1119 527 1195 cmpsbnsiudulgentiamei
539 1120 674 1178 omnium
685 1119 873 1193 iniquitatum
884 1137 949 1177 sua·
1002 1118 1080 1175 visti.
1098 1118 1290 1176 Nam-confisi
1307 1118 1529 1192 de'tuapiotate
1549 1134 1717 1191 precamur,
1731 1120 1767 1173 ut
1779 1115 1831 1173 mi·

122 1226 189 1269 rum
212 1213 331 1283 propter
355 1210 532 1267 immensam
559 1209 792 1266 misericordiam
811 1213 903 1277 tuum,
919 1212 949 1265 et
1003 1223 1098 1264 serere
1112 1207 1242 1281 digneris
1260 1205 1369 1265 lamule
1384 1212 1445 1274 tuo,
1461 1225 1498 1263 nc
1512 1205 1668 1280 prevaleat
1689 1206 1830 1263 aduersus

122 1315 174 1370 pcr
186 1298 426 1357 intercessionem
441 1300 574 1357 omnium
590 1300 764 1356 Sanctorum
779 1301 949 1365 tuorum‚nt
990 1314 1070 1354 'cum
1085 1296 1269 1353 adversarius
1283 1295 1312 1351 in
1330 1297 1402 1353 hora
1416 1296 1520 1352 mortis
1543 1295 1625 1352 illius
1647 1295 1683 1352 dc
1698 1300 1827 1368 corpore,

122 1404 174 1459 per
186 1386 333 1461 hoc-quod
350 1387 477 1444 sustinet
491 1386 651 1460 flagellum,
668 1388 810 1444 asanctis
836 1386 948 1460 anguiis
1002 1386 1053 1442 sed
1068 1385 1224 1442 transitum
1242 1386 1439 1442 mereatur‘ad
1454 1385 1553 1440 vitam.
1571 1385 1633 1441 Par.

120 1477 331 1549 tuissusccpta
355 1478 419 1548 ejas
434 1476 543 1535 anima
570 1476 720 1548 pervenire
749 1475 947 1533 mereaturad

1530 1673 1695 1691 ...n

485 1814 640 1928 euno
673 1817 751 1926 au
783 1785 1141 1929 visllluuuil
1176 1815 1465 1926 turrium

711 2012 771 2085 z(Eu
786 2012 849 2070 cod.
867 2011 1018 2084 Rhenaug.
1034 2029 1098 2069 sac.
1115 2027 1145 2071 xi
1160 2013 1224 2082 cir.)

866 2142 1073 2160 *ι*-

154 2275 221 2332 Cam
236 2273 375 2346 coeamus
389 2282 430 2330 est
445 2274 582 2344 inflantur,
598 2281 665 2329 tarsa
683 2272 807 2329 sacerdos
831 2271 945 2328 truatur
959 2273 983 2338 Β
998 2271 1070 2328 baut
1081 2271 1317 2329 infirmosuariis
1331 2271 1523 2345 languoribus
1537 2273 1685 2329 ducebant
1704 2272 1773 2329 'illos
1786 2273 1822 2328 ad

117 2365 220 2419 albeat
242 2364 319 2433 stola,
342 2363 473 2435 precedit
502 2379 564 2418 cam
586 2362 644 2419 olco
673 2363 855 2433 infirmarem,
872 2377 944 2433 aquo
997 2359 1100 2416 lesum
1116 2364 1144 2416 et
1158 2360 1348 2417 curabantur.
1418 2366 1469 2417 Pr.
1487 2359 1608 2418 bomine
1623 2361 1739 2419 exaudi.

118 2449 266 2518 baudinis,
282 2466 370 2517 cauce,
387 2457 413 2506 et
439 2449 543 2505 dabra
568 2449 750 2517 candelabris,
775 2457 801 2506 et
825 2464 943 2504 collven·
1032 2451 1146 2505 laterim
1159 2449 1283 2508 sacerdos
1305 2452 1354 2506 boc
1374 2450 1453 2507 mado
1473 2452 1546 2524 ,facit
1565 2452 1725 2507 cociones
1739 2469 1749 2506 :
1764 2452 1823 2508 Pol

116 2548 160 2596 tas
182 2541 315 2612 requirar,
338 2539 449 2612 *psalmo
478 2539 614 2595 Miserere
643 2540 783 2611 imposito,
811 2536 943 2594 dicenda·
997 2537 1046 2593 lici
1060 2539 1150 2594 obem
1164 2540 1263 2610 illinit,
1278 2522 1304 2596 ei
1316 2555 1377 2595 cum
1391 2540 1491 2612 pollice
1502 2541 1615 2609 cipetum
1627 2541 1765 2613 imprimit
1777 2557 1821 2597 aa·

115 2645 168 2702 quc
192 2630 283 2702 prima
308 2629 368 2687 baec
393 2629 507 2686 callem
530 2646 548 2684 a
571 2628 725 2709 sacerdote..
751 2626 942 2699 Omnipotens
993 2642 1045 2698 par
1059 2635 1205 2700 atramque
1218 2629 1328 2684 ecclam
1342 2630 1381 2684 ito
1396 2627 1518 2697 dicendo,
1534 2629 1652 2700 sinuatis
1673 2630 1821 2686 ammai·

115 2718 293 2792 sempiterne
324 2723 417 2787 Deus,
450 2717 501 2790 qui
539 2735 591 2791 per
622 2717 740 2773 beatum
775 2714 939 2789 apostolum
995 2717 1072 2772 cibas
1088 2717 1231 2790 repetendo
1247 2735 1257 2773 .·
1273 2716 1821 2791 Peristumunctionemmtsuampila

113 2811 199 2865 tunm
223 2806 333 2868 dixisti.
360 2807 530 2866 Infirmatur
559 2807 626 2880 quis
650 2805 683 2863 in
712 2805 941 2874 vobis‚indncat
994 2804 1102 2862 simam
1118 2805 1350 2864 misericordiam
1365 2805 1516 2881 indulgent
1527 2806 1578 2862 tibi
1593 2806 1737 2864 [eominus
1751 2807 1819 2873 (les.

114 2897 300 2970 presbyteros
328 2896 467 2963 ecclesia,
496 2901 525 2953 et
550 2901 633 2953 orent
659 2912 749 2969 super
776 2911 854 2962 eum,
885 2911 939 2950 un·
994 2893 1111 2958 Christ.)
1129 2895 1273 2968 quidquid
1302 2896 1413 2969 peccati
1437 2895 1611 2969 (deliquisti)
1632 2912 1686 2969 per
1711 2896 1819 2965 siem

114 2989 216 3060 gentes
244 3002 312 3042 eum
340 2984 407 3042 oleo
435 2985 466 3041 in
496 2984 613 3041 nomine
639 2983 822 3040 Dominizet
847 2981 939 3040 oratio
994 2983 1204 3054 perauditum,
1221 2988 1416 3058 pergenium,
1434 3001 1485 3058 par
1506 2985 1673 3053 odoratum,
1690 3002 1743 3058 per
1761 2988 1819 3042 tac·

115 3075 183 3131 iidei
206 3073 332 3133 salvabit
350 3073 514 3141 infirmum,
528 3078 558 3129 et
582 3072 727 3130 alleviabit
752 3089 819 3129 eum
841 3071 940 3127 Domi·
994 3075 1067 3138 tum,
1084 3089 1135 3145 par
1150 3073 1298 3130 incessum
1313 3074 1453 3147 (pedum),
1469 3086 1522 3146 per
1531 3075 1666 3130 arderem
1677 3073 1817 3131 libidinis.

115 3181 184 3234 nus,
208 3168 237 3220 et
268 3162 294 3218 si
326 3163 356 3219 in
384 3162 518 3237 peccastis
551 3163 598 3231 sit,
624 3162 815 3218 dimittuntur
846 3160 882 3217 ei.
899 3162 939 3217 ‘lc
1046 3166 1143 3217 Postea
1154 3178 1247 3234 proces
1262 3164 1324 3220 istae
1337 3180 1399 3218 carre
1413 3179 1468 3235 seq.
1479 3163 1597 3219 collectis
1611 3162 1768 3220 amcam:

115 3252 289 3326 suppliciter
309 3256 528 3319 exoramus,ut
555 3251 602 3308 hic
632 3250 762 3307 tumulus
791 3254 860 3308 l-nus
888 3240 968 3323 per'
1029 3250 1148 3306 Salvum
1167 3250 1300 3315 (salvam)
1330 3253 1375 3308 lac
1403 3268 1521 3309 servum
1549 3251 1710 3316 (ancillam)
1735 3257 1815 3309 tunm

113 3341 312 3401 ministerium
351 3344 456 3399 nostru
487 3339 644 3408 unctionis,
673 3344 707 3396 et
738 3340 849 3396 donum
882 3343 938 3394 tua
994 3337 1109 3411 (tuam).

102 3435 222 3498 ‚sancta
237 3429 364 3511 pietatis,
380 3434 566 3504 peccaterum
591 3446 712 3486 suorum
734 3428 850 3485 veniam
873 3443 940 3483 con·
1029 3427 1111 3484 blitte
1125 3428 1151 3484 ei
1166 3428 1287 3486 Domine
1301 3428 1443 3485 auxilium
1458 3429 1493 3486 de
1508 3432 1620 3486 sancto.

114 3522 208 3595 sequi,
224 3524 252 3579 et
270 3520 307 3576 ad
330 3519 421 3576 uitam
444 3523 582 3576 aeternam
609 3517 758 3591 pervenire
781 3518 937 3573 mereatur.
1028 3514 1107 3572 Nihil
1123 3517 1503 3589 prollciatinimicnsineo
1518 3517 1585 3591 (ea).

114 3611 177 3668 Per.
953 3640 975 3708 c
1030 3605 1135 3662 Belaci
1150 3607 1271 3663 marine
1286 3606 1377 3664 inrrbs
1393 3606 1584 3664 tortitudinis.

165 3701 347 3772 bapoaaorar
363 3699 422 3756 Vll.
436 3698 539 3772 psalmi
552 3714 613 3753 cam
627 3696 785 3769 antlpbaais
800 3696 859 3751 istie
874 3711 884 3749 :
1149 3696 1324 3754 Domminus
1336 3696 1499 3754 vobiscum.
1538 3696 1664 3754 Oranus.

149 3790 211 3844 lat.
225 3788 303 3844 Sena
318 3804 364 3842 mc
379 3786 512 3854 Domine,
529 3784 668 3858 quoniam
681 3784 854 3841 conturbata
868 3785 939 3839 sunt
1029 3789 1115 3854 Deus,
1131 3785 1183 3858 qui
1196 3785 1307 3842 lamule
1322 3791 1373 3843 tuo
1390 3785 1554 3859 terquinos
1570 3802 1666 3843 annos
1681 3786 1718 3843 ad
1731 3787 1810 3843 sitam

114 3894 181 3935 ossa
195 3893 270 3944 mea,
287 3880 316 3933 ot
327 3873 426 3931 anima
440 3891 506 3931 inca
521 3874 638 3931 turbata
651 3876 697 3930 est
714 3872 798 3930 valde
814 3889 820 3928 :
838 3871 889 3930 sed
905 3876 936 3929 tu
993 3872 1119 3942 donasti,
1136 3874 1177 3930 ita
1190 3879 1220 3931 ot
1243 3874 1388 3932 famulum
1410 3878 1497 3931 tuum
1512 3892 1530 3930 a
1543 3872 1619 3931 lecto
1644 3873 1810 3950 agritudinis

114 3965 236 4022 Domine
250 3967 471 4032 converterem
485 3963 564 4036 eripe
582 3962 712 4020 animam
733 3977 842 4018 mecm.
859 3962 936 4019 Psal.
993 3965 1044 4018 tua
1057 3963 1188 4034 potentia
1201 3964 1294 4037 eriget
1308 3964 1344 4020 ad
1359 3963 1493 4021 salntem.
1509 3964 1573 4021 Pcr.

113 4051 235 4109 Domine
250 4066 287 4108 nc
298 4049 328 4107 in
344 4049 450 4107 lurore.
1028 4050 1149 4124 Respice
1165 4052 1288 4109 Domine
1309 4051 1453 4109 famulum
1476 4055 1562 4109 tuum
1585 4052 1759 4110 infirmitate
1772 4050 1808 4109 su'

148 4140 209 4196 Aret.
225 4140 295 4198 Erat
308 4137 428 4211 quidum
444 4138 662 4212 regulaqorq'us
673 4138 753 4196 filius
767 4138 937 4196 infirmaba·
992 4139 1121 4212 corporis
1136 4139 1510 4208 laborantem,ctanimam
1525 4142 1728 4216 relove.quam
1742 4154 1808 4199 cre*

112 4233 162 4285 tur
175 4227 380 4301 Gapharnaum
393 4244 399 4284 :
412 4226 460 4283 hic
471 4244 537 4283 cum
550 4226 762 4300 audisset‚quia
772 4228 852 4285 lesus
862 4226 938 4285 veni·
991 4228 1047 4297 sti;
1064 4233 1097 4284 ut
1111 4229 1354 4303 castigationibus
1369 4231 1544 4290 emendatas
1559 4231 1743 4288 continuone
1756 4243 1809 4288 set·

111 4322 156 4375 ret
169 4316 200 4376 in
217 4315 494 4391 Galilcam‚rogabat
502 4320 617 4384 camut
626 4321 745 4374 sanaret
753 4316 850 4374 filium
860 4316 934 4388 ejus.
992 4317 1046 4374 tiat
1059 4321 1112 4375 tna
1127 4319 1272 4377 medicina
1286 4319 1655 4378 salvatumi'erdhristam
1661 4320 1806 4379 beminen

112 4409 159 4464 Pe.
176 4406 266 4475 Baeti,
283 4423 419 4479 quarum.
990 4410 1135 4465 nastrum.

146 4497 207 4557 aar.
222 4495 346 4554 Domine
361 4513 434 4573 puer
447 4512 531 4552 meus
550 4496 628 4567 iacet
650 4494 821 4568 paraliticus
839 4495 870 4550 iu
885 4495 936 4552 do·
1025 4496 1103 4554 Deus
1118 4497 1170 4570 qui
1184 4497 1303 4556 lactura
1319 4502 1374 4555 teu
1389 4498 1438 4572 pic
1457 4514 1574 4571 mnaper
1594 4497 1758 4556 dumiensis
1767 4494 1804 4553 el·

109 4589 207 4655 mmet
217 4585 292 4644 male
308 4586 564 4660 torquetur.Ameu
580 4582 644 4641 dico
661 4584 726 4652 tibi,
740 4598 794 4658 ego
809 4583 935 4654 veniam,
991 4584 1190 4653 lectu,inclina
1200 4602 1302 4644 aurem
1317 4592 1400 4644 tuam
1415 4586 1684 4662 supplicationibus
1697 4583 1803 4651 noetus

111 4680 139 4733 ct
154 4674 262 4731 curabo
277 4690 355 4730 eum.
372 4680 419 4732 Ps.
437 4673 498 4731 Dne
513 4690 549 4731 ue
563 4673 594 4730 in
610 4672 717 4731 lurore.
989 4676 1020 4731 et
1033 4674 1177 4732 samolum
1193 4680 1277 4732 tuum
1296 4692 1331 4734 ex
1354 4677 1476 4734 adversa
1498 4675 1668 4735 valetudine
1689 4672 1802 4750 corporis

143 4765 207 4820 lat.
225 4763 280 4820 Cor
294 4762 463 4831 contritum,
479 4761 710 4821 etbumiliatum
726 4767 803 4819 Deus
818 4779 853 4819 ne
869 4754 946 4819 dea?
990 4761 1171 4821 laborantem
1187 4764 1320 4837 placatus
1339 4765 1460 4838 respice,
1477 4769 1505 4821 et
1526 4764 1614 4823 visita
1637 4765 1668 4822 in
1695 4756 1799 4822 salutari

110 4851 219 4926 picies3
235 4852 286 4908 sed
302 4854 420 4923 propter
434 4867 573 4927 magnam
595 4851 827 4909 misericordiam
852 4856 934 4908 tuam
990 4855 1050 4919 tuo,
1072 4869 1105 4909 ac
1130 4852 1258 4911 coelestis
1281 4855 1383 4927 gratia
1412 4859 1521 4928 praeta
1545 4855 1734 4912 medicinam.
1758 4850 1799 4906 pff

109 4942 248 4999 miserere
264 4940 322 4997 mei
336 4940 426 4999 Deus.
442 4940 486 4996 Pa.
501 4941 647 4998 Miserere.
989 4939 1149 4998 Christum.

143 5031 205 5087 Ant.
221 5029 344 5086 Domine
366 5029 520 5098 descende,
536 5034 569 5086 ut
591 5047 679 5087 sanes
703 5029 797 5087 lilium
822 5012 973 5101 meum,D
1023 5030 1164 5104 Deaequi
1179 5031 1310 5090 humano
1331 5032 1443 5106 generi,
1459 5035 1488 5088 et
1510 5031 1619 5090 salutm
1643 5028 1791 5089 remedium

108 5120 282 5192 priusquam
306 5117 448 5175 moriatur
465 5136 471 5174 :
489 5119 564 5174 llicit
586 5119 612 5175 ei
633 5118 719 5176 lesus
736 5136 743 5175 :
759 5120 832 5175 vade
856 5119 935 5176 lilius
989 5122 1018 5175 ct
1032 5118 1096 5176 vita
1111 5125 1224 5178 aetcrnae
1241 5139 1365 5180 munera
1387 5120 1554 5192 contulisti3
1571 5137 1710 5180 conserva
1728 5113 1790 5173 intr

108 5209 266 5266 tunsvirit.
340 5213 387 5266 Pe.
402 5207 527 5264 Domine
542 5207 656 5266 exaudi.
988 5207 1069 5265 mulo
1085 5214 1134 5267 tuo
1156 5215 1274 5269 tuarum
1297 5213 1376 5270 dana
1399 5211 1541 5271 virtutum
1556 5227 1565 5268 ι
1581 5214 1612 5268 et
1633 5201 1786 5270 coacedett

142 5299 204 5357 lm.
221 5297 344 5355 Domino
359 5313 417 5354 uon
434 5292 501 5355 sum
517 5296 634 5370 dignus,
650 5301 683 5353 ut
696 5295 789 5354 intres
804 5297 859 5354 sub
876 5300 933 5355 tec·
988 5297 1132 5356 medelam
1147 5305 1229 5358 tuam
1246 5316 1304 5359 non
1320 5301 1417 5360 salum
1432 5301 1463 5357 in
1478 5312 1610 5374 corpore,
1625 5287 1782 5357 emanabit

106 5389 170 5442 tum
199 5403 308 5456 meum,
326 5387 377 5444 sed
403 5389 519 5442 mutum
543 5385 590 5442 dic
615 5385 711 5456 verbo,
728 5389 757 5442 et
780 5386 934 5443 sanabitur
988 5386 1087 5444 anima
1101 5389 1216 5449 sentiat.
1233 5391 1296 5448 Per.

107 5489 181 5546 puer
196 5492 291 5533 meus.
367 5479 415 5533 Pe.
432 5480 472 5532 be
486 5474 649 5548 profundis.
1023 5477 1172 5536 Virtutum
1188 5479 1350 5538 coelcstium
1366 5484 1452 5551 Deus,
1468 5481 1520 5554 qui
1536 5479 1575 5537 ab
1589 5474 1720 5536 humanis
1735 5474 1778 5525 til·

142 5562 204 5619 Aa).
221 5563 293 5620 Cum
309 5562 352 5621 sol
369 5569 466 5623 aulem
482 5565 646 5636 occidisset,
662 5581 764 5621 omncs
780 5563 830 5639 qui
846 5564 932 5623 habe·
986 5567 1108 5640 poribus
1122 5584 1239 5626 omnem
1255 5568 1470 5645 languorem‚et
1480 5586 1600 5629 omnem
1614 5557 1776 5626 infirmius!
