3878 6098
105 306 167 377 aar
609 306 782 373 antris
803 305 854 370 ur
875 304 1100 371 caertesae
1120 305 1333 406 serioue„
1758 289 1818 382 soe

144 464 243 506 emam
258 445 456 514 concordiam,
473 448 561 518 atque
575 443 725 502 victoriam
739 444 790 502 do·
950 441 978 509 A
993 438 1031 498 ut
1045 439 1228 515 rugutoriboa
1243 442 1410 518 disciplinis
1426 461 1479 502 nos
1492 444 1637 506 instruere
1650 451 1698 507 di·

143 555 215 596 nare
229 537 361 613 digneris
827 538 932 606 terog.
1024 531 1125 603 gneris
1712 544 1741 596 te
1756 554 1819 623 mg·

107 628 146 686 ua
159 622 323 702 episcopos,
339 629 368 682 et
383 624 504 682 abbates
518 627 644 692 nostros,
660 626 691 680 et
703 635 806 680 omnes
987 619 1026 676 Ut
1039 619 1141 678 ocutos
1155 621 1365 682 misericordia
1380 628 1437 682 tun
1452 643 1541 700 super
1555 640 1613 686 nus>
1623 640 1669 687 re»
1686 623 1689 627 ’
1799 624 1805 631 '

144 714 386 789 congregationes
399 712 459 769 iltis
474 711 649 769 commissas
661 711 693 768 in
708 715 811 769 sonmo
991 744 994 749 -
1024 709 1131 767 ducere
1144 710 1275 786 digneris
1712 726 1741 782 to
1758 734 1819 803 mg,

145 803 287 880 reiigione
296 819 470 861 conservare
485 800 616 876 dignaris
828 804 858 857 te
872 812 934 875 mg,
990 799 1028 856 ut
1041 799 1127 856 nobis
1142 805 1278 859 sanctum
1294 803 1433 878 angelum
1449 810 1534 864 tuum
1548 827 1567 866 a
1580 811 1672 868 inicio

109 896 147 954 ur
161 892 564 969 congregationomncstrsm
578 891 610 948 in
626 894 729 951 sancta
741 889 807 947 rett-
1026 889 1156 947 mititare
1170 887 1304 964 dignetis
1711 904 1741 960 ιο
1758 916 1820 987 ¹⁴⁰8·

146 984 235 1058 gione
248 992 421 1040 conwram
435 976 565 1054 digneris
830 981 860 1036 to
874 990 936 1052 rog.
992 974 1029 1033 Ut
1042 976 1158 1033 veniam
1174 977 1212 1033 de
1225 978 1357 1051 peccatis
1366 982 1480 1041 msc-ts
1488 988 1629 1062 ommuni
1643 1004 1702 1047 me«

109 1074 148 1131 Ut
162 1076 302 1130 cunctam
319 1069 460 1145 populum
476 1068 684 1136 Christianum,
700 1082 802 1142 pacem
994 1100 997 1106 ·
1027 1076 1157 1120 mmor.
1713 1083 1743 1138 ιε
1758 1090 1820 1159 mg

146 1167 177 1218 et
192 1161 346 1228 unitatem,
360 1159 471 1215 dorsera
483 1157 616 1232 digneris
831 1161 861 1213 te
876 1170 937 1230 rog.
993 1152 1031 1209 Ut
1044 1153 1180 1210 inimicos
1193 1161 1299 1213 sancte
1315 1157 1365 1214 Dei
1381 1159 1520 1219 notate
1531 1162 1687 1224 bumtiirus

111 1252 149 1309 Ut
165 1248 420 1324 congregationem
434 1246 568 1305 orantum
583 1250 753 1304 macutum
768 1251 833 1302 tuo·
1030 1241 1160 1316 digneris
1715 1261 1744 1315 ιο
1758 1270 1820 1335 mg,

148 1357 215 1396 rum
231 1339 326 1394 intuo
342 1341 443 1393 sancto
456 1333 574 1393 servitio
588 1350 762 1391 conuenere
995 1330 1032 1387 Ut
1046 1336 1163 1403 gentem
1178 1349 1325 1406 paganam
1340 1337 1524 1413 confringere
1540 1343 1672 1415 digneris
1715 1349 1743 1404 te
1758 1362 1821 1423 roge

148 1427 279 1503 digneris
996 1419 1032 1477 Ut
1047 1434 1101 1477 nos
1117 1421 1244 1479 famulos
1258 1429 1325 1480 tuos
1336 1424 1365 1481 in
1380 1429 1431 1483 tuo
1447 1433 1547 1485 sancto
1563 1430 1679 1491 servitio

113 1519 151 1575 Ut
166 1515 420 1589 compunctionem
437 1513 544 1581 cordis,
559 1518 589 1570 et
602 1514 712 1571 iontem
728 1512 820 1586 taury·
1031 1509 1178 1567 custcdirs
1193 1516 1222 1567 ot
1235 1513 1399 1570 confortare
1413 1515 1544 1589 digneris
1719 1524 1822 1605 temp,-

149 1618 267 1663 marum
283 1603 369 1661 aobts
384 1603 478 1659 donea
834 1604 864 1657 te
878 1612 941 1673 rog·
996 1599 1036 1656 Ut
1048 1605 1169 1657 cunctos
1184 1600 1320 1659 inimicos
1335 1607 1365 1660 et
1379 1603 1561 1664 adversarios
1576 1622 1628 1665 no-

114 1696 152 1752 Ut
168 1700 301 1768 tempora
316 1690 475 1765 tranquilla
489 1690 575 1748 nobis
589 1691 681 1769 dones
836 1693 865 1746 tc
879 1702 941 1762 rog.
1032 1693 1110 1746 atros
1125 1688 1281 1747 humiliare
1296 1691 1426 1765 digneris
1717 1703 1746 1758 os
1760 1712 1823 1777 mg,

114 1782 152 1841 Ut
166 1780 404 1839 emendetionem
418 1781 504 1838 nobis
516 1781 609 1839 dores
835 1783 867 1834 tc
879 1793 941 1852 rog.
959 1808 982 1883 B
998 1779 1033 1835 Ut
1047 1783 1169 1837 cunctos
1182 1777 1283 1836 fideles
1298 1781 1409 1838 amicos
1425 1788 1542 1841 nostros
1557 1786 1670 1844 satvare
1694 1818 1696 1822 ·

116 1874 153 1931 Ut
168 1870 425 1945 compunctionem
442 1869 540 1926 cordis
554 1875 583 1925 et
598 1867 728 1942 corporis
744 1867 833 1924 nobis
1033 1868 1164 1940 digneris
1717 1882 1747 1935 ιθ
1762 1886 1824 1953 ως,

151 1963 244 2019 don„
835 1959 865 2011 te
879 1966 942 2028 rog.
996 1956 1034 2013 Ut
1047 1961 1169 2013 cunctos
1181 1957 1291 2031 gradus
1306 1959 1497 2018 ecclesiastici
1512 1963 1627 2021 ordinis
1641 1965 1671 2021 in

116 2052 155 2108 Ut
170 2050 245 2107 aeris
260 2047 431 2122 temperiem
448 2045 535 2102 nobis
549 2046 642 2102 dones
836 2048 864 2099 te
879 2059 940 2116 rog.
1032 2050 1133 2102 sancta
1147 2044 1287 2119 religione
1302 2064 1478 2106 conservare
1487 2044 1617 2125 digneris
1717 2058 1747 2111 te
1760 2068 1822 2129 rog.

115 2141 156 2197 Ut
170 2141 295 2196 trucium
309 2141 394 2193 terrm
407 2137 477 2192 dare
491 2139 521 2192 et
531 2150 703 2192 conservare
717 2134 760 2190 di·
997 2134 1035 2190 Ut
1049 2135 1189 2192 ttatribus
1203 2136 1322 2204 nostris,
1338 2142 1369 2195 et
1383 2138 1523 2197 erunibus
1538 2140 1678 2199 fidelibus

152 2228 253 2303 goeris
838 2227 867 2277 tc
880 2234 942 2295 rog„
1032 2202 1158 2279 intimis
1171 2224 1296 2282 satutem
1310 2227 1418 2284 mentis
1431 2233 1461 2285 et
1473 2228 1603 2304 corporis
1618 2247 1662 2288 re·

115 2319 155 2375 Ut
170 2319 278 2374 iontem
295 2307 493 2389 lacrymarum
505 2314 590 2371 nobis
603 2313 717 2370 tribuas
836 2317 865 2368 be
879 2328 941 2384 rog.
1033 2315 1138 2370 stitnas
1715 2326 1745 2379 tn
1759 2332 1821 2398 rog,

115 2407 155 2464 Ut
168 2406 307 2480 spiritum
320 2404 496 2477 peonitentia
510 2403 595 2458 nobis
609 2403 732 2459 tribuas.
834 2405 865 2457 tc
879 2416 942 2474 rog.
998 2402 1034 2459 Ut
1049 2403 1078 2458 in
1093 2402 1170 2459 viam
1186 2403 1277 2476 pacis,
1295 2409 1324 2460 et
1336 2404 1488 2464 charitatis
1503 2425 1557 2465 nos
1572 2408 1642 2465 diri·

114 2497 155 2554 Ut
167 2511 266 2551 aarum
280 2492 480 2566 penitentiam
496 2490 580 2547 uobis
592 2491 750 2547 concedere
764 2494 793 2545 ct
1032 2508 1085 2567 gas
1718 2505 1752 2558 te
1762 2516 1823 2577 mg,

152 2599 292 2657 peragere
305 2579 438 2654 digneris
836 2583 865 2634 tc
879 2592 942 2651 rog.
997 2581 1034 2638 Ut
1050 2582 1189 2639 tratribus
1205 2584 1324 2650 nostris,
1341 2589 1369 2640 et
1384 2586 1522 2643 omnibus
1538 2587 1679 2644 fidelibus

115 2675 156 2732 Ut
170 2671 384 2745 indulgentiam
399 2674 428 2725 et
442 2669 644 2725 remissionem
661 2669 793 2724 omnium
1032 2671 1179 2728 defunctis
1194 2673 1325 2745 requiem
1341 2678 1479 2732 uternam
1495 2675 1605 2732 donaro
1619 2678 1667 2734 di-

154 2765 340 2835 peccatorum
356 2761 525 2814 nostrornm
540 2757 626 2814 nobis
640 2757 731 2814 donea
838 2761 867 2812 te
880 2770 942 2830 mg.
1033 2760 1131 2832 gueris
1715 2772 1744 2824 ω
1760 2780 1822 2843 rog,

115 2852 156 2909 tu
170 2849 295 2924 mam
309 2847 403 2906 sumti
418 2846 545 2919 Spiritus
559 2846 697 2902 cordibus
712 2861 762 2901 ao·
998 2849 1035 2907 Ut
1048 2855 1160 2924 gentes,
1177 2868 1242 2925 qum
1257 2852 1287 2908 in
1304 2869 1358 2908 sua
1374 2851 1487 2910 feritate
1500 2855 1664 2925 eonttdunt,

156 2939 226 2995 atris
242 2937 400 2995 clementer
414 2935 568 2991 infundere
582 2933 713 3008 dignaris
837 2936 866 2989 u
880 2948 942 3007 mg.
1033 2937 1150 2992 dextera
1164 2941 1216 2993 tua
1231 2941 1421 2997 conterantur
1719 2949 1748 3002 te
1762 2958 1824 3020 rog.

119 3029 159 3085 Ut
172 3028 271 3093 fidem,
284 3041 367 3098 spem
380 3029 409 3081 et
422 3021 596 3081 mammem
611 3022 698 3079 nobis
711 3020 803 3079 dones
836 3026 866 3077 te
880 3038 944 3095 rog.
998 3027 1035 3084 Ut
1050 3025 1198 3084 civitatem
1214 3028 1302 3084 istem
1317 3032 1570 3105 protegere‚atque
1584 3033 1686 3090 desen-

119 3117 160 3175 tit
173 3116 261 3172 tidem
276 3119 386 3171 rectam
401 3113 489 3171 nobis
501 3114 593 3170 dones
839 3115 869 3167 te
881 3124 943 3184 rog.
1034 3117 1102 3173 dere
1116 3117 1246 3191 digneris
1719 3128 1748 3183 ts
1763 3138 1825 3200 mg.

115 3207 156 3263 Ut
169 3205 295 3279 gratiem
309 3208 393 3259 tunm
406 3201 491 3258 nobis
505 3203 597 3257 dones
836 3203 865 3257 tc
880 3215 942 3274 mg.
958 3180 985 3250 ⁰
999 3205 1037 3263 Ut
1048 3209 1172 3263 cunctos
1185 3205 1286 3263 fideles
1300 3209 1366 3264 tuos
1381 3207 1548 3267 habitantes
1562 3212 1592 3268 in
1608 3228 1642 3270 ea
1656 3229 1726 3270 con·

115 3296 157 3353 Ut
169 3295 208 3351 ad
221 3293 329 3367 gaudia
340 3296 450 3348 aterna
462 3307 517 3347 ncs
531 3290 689 3364 perducere
704 3289 803 3363 digno·
1035 3310 1150 3352 servure
1164 3293 1295 3369 digneris
1718 3304 1747 3358 te
1762 3312 1825 3375 reg.

154 3384 196 3441 ri.
839 3382 868 3436 te
882 3394 944 3453 rog.
999 3384 1037 3441 Ut
1050 3383 1136 3440 bodie
1151 3382 1215 3440 siue
1229 3389 1347 3457 peccato
1363 3402 1416 3442 nos
1431 3388 1580 3444 custodias
1719 3393 1748 3446 te
1762 3402 1826 3462 rog.

114 3474 156 3531 Ut
170 3472 372 3530 misericordie
385 3476 415 3529 ct
430 3471 526 3545 pietas
537 3473 589 3527 tua
603 3484 658 3526 nos
672 3473 771 3526 custo·
999 3474 1037 3531 Ut
1051 3490 1105 3530 uos
1120 3473 1258 3530 exaudire
1267 3472 1398 3546 digneris
1718 3481 1748 3535 te
1761 3490 1824 3552 rog.

156 3563 218 3619 diat
782 3561 784 3564 ’
840 3561 869 3614 ts
880 3573 943 3631 rog.
999 3562 1035 3620 Ut
1047 3562 1133 3618 nobis
1149 3561 1281 3618 misereri
1296 3562 1426 3636 digneris
1718 3571 1748 3623 te
1763 3578 1825 3642 rog.

115 3651 217 3709 Uibio
233 3655 261 3707 et
276 3651 306 3707 iu
323 3655 499 3724 perpetuum
513 3664 569 3706 aus
582 3649 730 3705 custodire
744 3648 786 3704 di·
1000 3651 1054 3708 Fili
1069 3650 1131 3720 Dei,
1148 3655 1176 3708 te
1190 3667 1251 3724 rog.
1265 3650 1334 3709 audi
1351 3668 1415 3709 nos.

153 3741 253 3813 gneus
838 3740 866 3793 ta
881 3746 945 3810 rog.
999 3740 1102 3797 Pastor
1115 3740 1200 3808 bono,
1216 3743 1244 3797 te
1259 3756 1322 3814 rog.
1338 3741 1408 3798 audi
1423 3752 1486 3799 uos.

115 3829 156 3887 Ut
169 3829 233 3885 dies
245 3840 274 3886 et
287 3831 370 3886 aetus
385 3833 503 3885 nostros
517 3827 547 3884 in
564 3832 615 3884 tua
630 3844 700 3900 pace
712 3825 809 3899 dispo·
999 3828 1176 3902 Redemptor
1190 3828 1305 3897 mundi,
1319 3832 1347 3886 te
1362 3846 1425 3903 rog.
1441 3831 1510 3886 sudi
1527 3848 1591 3888 nos.

154 3935 208 3975 nas
838 3918 866 3971 te
881 3927 944 3988 rog.
999 3917 1131 3976 Salvator
1144 3917 1259 3983 muudi,
1274 3921 1303 3975 te
1317 3933 1379 3991 rog.
1396 3919 1464 3975 audi
1480 3936 1544 3976 nos.

114 4007 157 4065 Ut
169 4007 346 4081 obsequium
360 4010 467 4066 nostru
482 4006 632 4064 servitutis
647 4003 821 4063 rationabile
999 4005 1141 4063 Mediator
1155 4005 1206 4063 Dei
1220 4011 1250 4062 et
1264 4005 1431 4076 hominum,
1446 4011 1475 4064 te
1491 4026 1552 4083 rog.
1569 4009 1638 4066 audi
1654 4024 1719 4068 nos.
1777 4016 1780 4020 ’

154 4097 246 4154 mian
839 4096 868 4150 te
879 4106 945 4166 rog.
997 4097 1099 4169 Agnus
1114 4095 1165 4152 Dei
1181 4094 1232 4168 qui
1246 4094 1326 4153 tollis
1344 4100 1464 4169 peccata
1487 4099 1602 4168 muudi,
1618 4114 1707 4173 perce
1729 4098 1825 4171 nobis,

114 4186 156 4244 Ut
169 4187 260 4243 vitam
275 4191 413 4245 uterum
429 4186 514 4244 nobis
528 4187 619 4243 dones
837 4183 867 4239 to
879 4194 942 4256 rog.
1034 4183 1165 4241 Domine.

114 4275 285 4334 Uinnium
298 4278 415 4334 nostm
428 4281 458 4333 at
472 4280 628 4350 parentum
643 4278 811 4333 nostrorum
997 4275 1098 4347 dgnus
1112 4272 1164 4329 Dei
1180 4273 1229 4346 qui
1245 4272 1324 4330 toliis
1339 4279 1459 4347 peccata
1473 4275 1587 4346 mundi,
1601 4277 1707 4333 emudi
1723 4282 1787 4342 nos',

153 4366 190 4421 ab
202 4371 309 4423 eterna
322 4365 509 4424 damnatione
524 4365 632 4438 eripias
835 4363 866 4418 to
880 4376 942 4436 rog.
994 4396 1000 4408 ·
1034 4362 1165 4421 Domine.

114 4452 156 4510 Ut
169 4457 302 4512 srrantm
314 4454 352 4512 ud
366 4454 445 4512 uam
458 4470 545 4512 mam
558 4454 683 4512 reduces
835 4455 867 4510 te
879 4465 942 4526 tog.
956 4443 981 4511 D
995 4454 1098 4527 Agnus
1111 4451 1162 4509 Dei
1178 4450 1229 4525 qui
1243 4450 1323 4510 toliis
1339 4455 1457 4526 peccata
1478 4448 1592 4521 mandi,
1609 4448 1750 4508 miserare
1771 4456 1826 4509 aa·

1032 4541 1088 4599 bis.
1801 4542 1805 4547 ’

668 4914 909 5011 LI'I'ANIAE
936 4918 1274 5009 BYZUNTINAE

465 5094 560 5173 (Apud
574 5094 688 5168 Duuod,
704 5096 866 5156 Μίνωι
880 5090 989 5171 t'ttpiiae
1002 5091 1195 5165 debetcum,
1212 5097 1283 5152 tom.
1300 5094 1323 5165 1,
1336 5099 1477 5168 pretereo.)

869 5264 1069 5279 ψ

117 5421 205 5496 ttrite
219 5419 348 5495 εἰογωπ.
364 5416 477 5478 Christe
491 5417 619 5495 eleyson.
1003 5418 1056 5476 itti
1067 5414 1249 5492 Redemptor
1261 5412 1365 5473 mundi
1379 5414 1467 5483 neus,
1543 5426 1549 5431 ·
1575 5408 1714 5473 miserere
1728 5410 1825 5473 nobis.

117 5509 234 5567 maso
248 5508 319 5569 soti
332 5527 395 5567 nos.
1002 5505 1129 5581 Spiritus
1142 5509 1242 5563 sancte
1254 5509 1343 5573 Dauo,
1575 5501 1714 5562 miserere
1729 5505 1825 5563 uobis.

118 5599 204 5659 Pater
219 5601 255 5658 de
270 5599 351 5658 cutis
366 5601 455 5670 Deus,
699 5598 835 5658 Miserere
849 5599 946 5660 nubis.
1001 5593 1256 5657 Sancta't'rinitro
1269 5608 1347 5651 unus
1361 5590 1456 5668 baua.
1576 5593 1716 5652 mbsrsre
1730 5593 1829 5656 nobis»
