3878 6098
124 287 205 350 1οΠ

500 294 651 360 VERSUS
674 299 723 361 ΕΤ
746 302 968 364 contrusus
991 304 1028 365 ΙΝ
1052 294 1172 367 coalia
1197 305 1349 382 DOMINI,
1372 308 1460 372 DTG.

1643 389 1645 393 ,
1754 312 1832 375 iera

162 425 226 481 ilem
242 427 375 498 epitecto
393 444 478 500 usqae
501 431 529 485 in
554 439 661 487 octenas
685 432 720 487 ad
742 450 834 491 ornnes
856 451 953 492 cursus
1005 453 1056 508 pro
1072 454 1150 494 uersu
1165 446 1191 494 ct
1205 443 1375 511 responsorio
1393 451 1527 501 cantatur.
1542 448 1568 510 d.
1585 443 1650 503 Haeo
1664 444 1726 504 dies
1742 464 1831 520 quam

120 532 181 570 non
199 525 328 572 carniolae
350 520 565 590 responsoriam,
580 537 630 576 nec
651 522 728 578 lectio
752 526 892 591 recitatur,
907 525 954 581 sed
1007 526 1076 582 i'eeit
1091 527 1156 595 Dal,
1170 535 1277 584 tantam
1290 530 1392 600 pruna,
1407 540 1458 588 etc.

204 808 363 880 VERSUS
388 809 431 880 lul
459 791 594 880 COENA
624 812 774 882 DOllllNl
801 813 855 882 Et
884 813 1147 901 PARASCEVE,
1178 818 1233 889 ET
1260 821 1457 894 SABBATO
1483 825 1649 897 saucio
1670 824 1759 896 (217),

637 987 694 1068 (lix
708 988 777 1049 cod.
794 987 870 1050 bibl.
888 989 1024 1052 Viadob.
1040 991 1086 1053 ib.
1103 995 1175 1071 685,
1190 1013 1262 1057 saee.
1277 998 1322 1077 x.)

870 1159 1082 1173 —n—*u-

157 1296 212 1363 Qui
226 1294 394 1369 prophetice
408 1292 569 1366 promisisti
590 1311 638 1349 ero
664 1311 742 1350 mors
758 1297 809 1350 tua
823 1311 839 1351 o
855 1311 945 1351 mors.
961 1293 1025 1362 ΑΛ
1040 1295 1126 1354 celsis
1142 1315 1265 1373 surgens
1286 1300 1411 1373 dapidus
1436 1304 1545 1375 prabet
1571 1306 1695 1364 formam
1721 1313 1830 1366 morta·

118 1388 202 1442 Kirie
226 1384 346 1442 eleison.
372 1383 494 1439 Domine
519 1383 665 1440 miserere.
682 1382 815 1440 Christus
832 1384 893 1440 Dna
907 1384 948 1440 ia-

1729 1396 1828 1469 [libus.

119 1482 189 1533 ctus
204 1479 248 1532 est
263 1473 402 1530 obediens
416 1489 510 1545 usque
534 1472 570 1528 ad
596 1479 730 1528 mortem.
746 1472 812 1528 Vita
826 1473 856 1529 in
869 1473 948 1546 liguo
1004 1473 1184 1532 llumilitatis
1199 1477 1294 1549 gralia
1310 1478 1384 1535 Petri
1403 1483 1506 1552 petens
1520 1482 1652 1558 uestigia.
1707 1485 1828 1544 Victori.

119 1565 256 1633 moritur,
272 1563 420 1620 internum
436 1579 470 1618 ao
485 1566 609 1618 mortem
627 1561 772 1634 spoliavit.
784 1562 869 1636 liyric
884 1562 950 1619 elei·

1003 1563 1095 1619 Pallet
1110 1581 1211 1621 servus
1238 1567 1379 1640 obsequio
1395 1585 1462 1625 cum
1487 1570 1657 1644 angelorum
1674 1574 1829 1631 Dominum

118 1673 186 1712 sou.
203 1655 257 1720 Oui
272 1652 408 1726 expansis
423 1651 452 1706 in
468 1668 552 1707 cruce
569 1650 705 1708 manibus
720 1650 834 1707 traxisti
849 1652 949 1709 omnia
1003 1652 1131 1710 Ferendo
1154 1653 1304 1728 lympham
1327 1655 1447 1713 linteam
1471 1659 1564 1715 ceruit
1586 1677 1667 1718 coeno
1694 1680 1829 1736 procam-

118 1746 174 1802 ade
191 1745 239 1816 (ad
255 1748 294 1813 tc)
310 1741 425 1800 secuta.
444 1740 528 1815 llyrie
543 1740 663 1797 cleison.
681 1741 730 1797 lll.
747 1741 878 1798 Domine.

253 1894 362 1935 veasus
381 1895 472 1934 raavu
491 1894 528 1932 ‚ab
547 1893 708 1932 maenarum
724 1877 809 1948 (218).

116 2018 228 2074 Victori
244 2014 346 2072 inertis
361 2011 462 2069 inclita
477 2027 640 2084 pangamus
654 2009 741 2065 laude
756 2009 880 2083 gloriam

117 2109 192 2164 Cum
207 2107 292 2163 Patre
302 2109 331 2160 et
345 2107 446 2160 sancto
456 2100 577 2174 Spiritu,
590 2099 640 2172 qui
654 2116 707 2155 nos
718 2100 841 2156 redemit
852 2100 943 2157 obitu.

814 2189 944 2262 [Victori.

117 2286 218 2344 Tellus
242 2302 275 2340 ac
299 2283 389 2339 aethra
409 2279 536 2352 jubilent
559 2277 588 2333 in
614 2277 713 2350 magni
736 2294 815 2334 cana
835 2278 943 2350 prinoi-

825 2384 859 2423 is.

116 2466 171 2532 Oui
188 2461 360 2538 protoplasti
376 2463 493 2534 pectora
507 2457 571 2512 vite
586 2457 720 2529 purgavit
737 2372 855 2513 lerciiio.
894 2420 943 2513 Vi'-

864 2544 941 2621 [tori.

1580 1748 1671 1822 [bere.
1708 1750 1828 1809 Victori.

1002 1831 1140 1889 Permitte
1156 1832 1257 1890 Simou
1273 1833 1363 1903 ablui,
1381 1839 1445 1892 acta
1459 1836 1590 1910 figurant
1605 1841 1738 1912 mystica.

1001 1920 1076 1977 Dum
1093 1939 1229 1979 summus
1248 1924 1307 1979 ima
1321 1923 1421 1997 bajulo
1437 1926 1508 1997 quid
1531 1926 1600 1983 cinit
1614 1933 1711 1986 servet
1726 1929 1837 1993 cineri..

1696 2017 1826 2090 [Victori.

1000 2099 1123 2155 Larater
1137 2099 1230 2156 iboris
1245 2102 1377 2170 accubat,
1394 2103 1532 2176 verbique
1549 2103 1628 2160 savos
1645 2109 1754 2178 agerat.

999 2190 1076 2255 Quos
1093 2189 1168 2245 inter
1180 2189 1294 2247 bostem
1306 2191 1425 2248 denotat
1435 2191 1515 2248 neeis
1526 2192 1576 2265 qui
1588 2193 1670 2250 dolos
1686 2194 1826 2252 ruminat.

1695 2282 1827 2356 [Victori.

999 2367 1042 2422 Tu
1060 2385 1094 2423 ex
1108 2367 1176 2440 lupe
1190 2368 1268 2425 Juda
1282 2370 1409 2443 pessime
1426 2371 1483 2427 icrs
1499 2388 1573 2444 agno
1590 2371 1656 2428 misi
1674 2372 1766 2430 basia.

998 2460 1076 2512 Dans
1087 2457 1220 2513 membra
1230 2456 1299 2513 loris
1313 2458 1401 2532 regia,
1410 2476 1475 2532 qum
1487 2460 1571 2516 sorde
1582 2463 1699 2534 tergunt
1710 2461 1826 2518 secula.

1694 2549 1826 2622 [Victori.

115 2644 176 2701 Hoc
192 2648 275 2700 nocte
288 2642 380 2697 lactor
392 2637 524 2694 omnium
538 2633 649 2709 potenti
665 2638 710 2690 sat
723 2636 870 2708 mq'sterio.
957 2669 982 2734 B
998 2635 1068 2691 Neai
1084 2635 1238 2692 solvuntur
1253 2635 1339 2693 bodie
1355 2637 1461 2705 caricis,
1478 2637 1633 2711 cordisque
1649 2655 1762 2695 carcere

114 2734 239 2791 Carnem
261 2748 345 2788 suam
362 2746 429 2786 oum
454 2724 597 2799 sanguine
621 2725 651 2779 in
677 2741 775 2780 cacam
806 2726 944 2782 transfert
998 2724 1824 2800 ngucnssacraturcrismatisspesindecrescitmiseria

659 2812 785 2886 [aalma.
822 2814 941 2871 Victori.

150 2967 224 3039 (217)
239 2964 349 3020 Versus
371 2962 527 3042 sequentes
543 2957 612 3012 item
637 2971 672 3010 ue
701 2955 788 3010 Flavii
805 2956 841 3011 ad
857 2973 941 3012 mun-

66 3061 71 3066 ·
112 3039 216 3095 datum
232 3042 262 3092 et
276 3033 399 3109 proximi
415 3049 444 3086 m
460 3032 618 3086 Paraseeve
650 3027 774 3082 abeatur
784 3044 851 3083 cum
863 3028 941 3085 notis

112 3109 246 3166 musicis.

148 3181 223 3252 (218)
241 3179 410 3234 Mandatum
424 3173 531 3230 dicitur
546 3171 615 3226 lotio
631 3169 737 3243 pedum
749 3186 783 3224 ex
798 3169 940 3242 principia

111 3254 269 3309 verborum
284 3247 392 3305 Christ-i
405 3265 410 3301 :
423 3244 583 3301 inundatum
606 3259 705 3297 nouum
726 3241 759 3296 do
775 3242 858 3308 uotis,
875 3259 939 3314 quan

112 3325 277 3380 etiamnum
301 3324 447 3376 canuntur
471 3317 499 3370 in
524 3314 630 3371 lotione
655 3313 854 3393 pedumque
878 3313 941 3369 sola

113 3413 192 3453 nuuc
208 3395 341 3466 superest
356 3392 390 3446 ad
411 3387 575 3459 exemplum
592 3384 697 3439 Christi
714 3402 743 3438 m
760 3401 850 3465 ecana.
863 3384 938 3440 Olim

110 3473 210 3525 autem
228 3467 364 3536 frequens
381 3460 483 3517 t'uit‘in
505 3457 625 3514 caetibus
641 3456 811 3511 monasticis
826 3472 859 3510 ac
874 3456 938 3582 ‹ppi-

110 3540 191 3599 dem,
205 3541 290 3606 ‚irrata
306 3534 437 3607 regulam
454 3532 481 3586 S.
500 3529 651 3594 denedicti,
665 3527 881 3599 supervenienti
905 3545 939 3582 us

110 3610 290 3682 hospitibus,
308 3613 371 3662 tum
397 3604 485 3660 etiam
509 3601 647 3657 iratribus
662 3598 738 3653 inter
761 3616 791 3652 se
817 3602 937 3666 mutuo;

111 3682 190 3756 quod
207 3678 396 3736 adsecutum
422 3691 515 3746 usque
539 3671 684 3727 decimum
710 3674 823 3724 sextum
848 3670 939 3725 usita-

110 3760 175 3808 tum
192 3753 221 3807 in
239 3748 415 3806 monasterio
431 3751 460 3801 S.
479 3746 566 3800 Blasii
589 3743 643 3797 suit
661 3741 787 3866 singulis
802 3741 938 3796 Sabbatis

110 3841 164 3897 per
178 3839 300 3879 anuum.
318 3819 497 3891 Pauperibus
513 3823 610 3871 autem
621 3813 704 3893 quoti
726 3812 751 3866 ie
767 3811 939 3867 lavabantur

109 3897 201 3969 pedes
211 3897 297 3966 juxta
309 3892 459 3948 laudatum
471 3887 534 3944 ord.
546 3885 641 3958 operis
657 3885 705 3939 Dei
718 3901 784 3964 cum
795 3887 937 3954 apparatu

110 3984 194 4023 sacro
211 3969 297 4021 cantu
313 3969 342 4019 el
361 3961 508 4035 precibus,
525 3957 647 4039 cacapite
668 3957 774 4026 J'ejunn
791 3955 936 4026 usquead

111 4039 220 4094 festum
236 4037 286 4093 SS.
304 4032 432 4091 Simonis
448 4035 475 4086 et
489 4030 570 4086 iudae
587 4045 615 4082 m
632 4043 714 4082 omna
732 4043 799 4081 vero
820 4025 934 4081 Domini
952 4034 974 4100 (ζ

109 4111 167 4168 ritu
184 4107 316 4180 sequenti
334 4120 419 4161 mane
436 4105 501 4175 post
516 4100 631 4156 tertiam
645 4103 673 4153 et
687 4102 753 4169 post
768 4097 935 4168 prandium.

286 4180 361 4233 Dicte
376 4180 457 4232 tertia
472 4181 535 4230 eant
548 4171 584 4227 od
597 4169 759 4240 capitulam.

145 4253 222 4308 Dum
238 4251 346 4307 domno
361 4246 459 4303 abbati
475 4243 626 4316 placuerit,
638 4241 725 4295 faciat
737 4239 781 4364 ⁵¹5
895 4310 900 4320 ·

108 4323 164 4381 tori
181 4329 213 4378 ut
226 4324 325 4378 oriens
336 4320 441 4385 videat,
453 4318 477 4371 si
489 4330 632 4387 pauperes
647 4311 682 4365 ad
695 4328 761 4366 niun
785 4315 864 4365 atum
879 4314 938 4365 smt

989 3615 1110 3667 ¹prauam
1124 3598 1321 3661 claustralem,
1331 3602 1358 3652 et
1370 3598 1448 3669 prior
1458 3614 1525 3653 caini
1537 3599 1712 3724 ikuibusdaiu

1691 2816 1823 2890 [Victori.
1871 2841 1874 2846 ·

995 2956 1133 3029 capitulo,
1150 2957 1278 3031 legentes
1296 2957 1377 3030 ipsos
1399 2959 1529 3030 psalmos
1545 2960 1683 3032 prostrati
1705 2958 1736 3014 in
1759 2963 1821 3015 ter·

995 3046 1074 3097 ram3
1090 3030 1218 3085 domnus
1230 3033 1329 3084 autem
1340 3030 1431 3085 abbas
1442 3035 1509 3085 aute
1520 3030 1611 3087 altare
1622 3046 1710 3103 super
1720 3029 1820 3087 sedem

995 3100 1050 3155 sibi
1067 3101 1202 3172 posnam.
1218 3101 1321 3156 Finitis
1341 3101 1473 3172 psalmis,
1490 3101 1568 3158 dicat
1580 3103 1708 3158 domnus
1728 3102 1821 3158 abbas

995 3171 1206 3227 consessionem
1224 3189 1289 3227 cum
1315 3171 1496 3228 orationibus
1512 3174 1548 3228 ad
1572 3173 1626 3230 boc
1650 3173 1820 3246 pertinenti·

994 3243 1064 3311 bus;
1077 3242 1181 3298 deinde
1191 3243 1309 3300 ueniant
1319 3244 1347 3299 in
1360 3243 1521 3300 claustrum
1533 3245 1569 3300 ad
1581 3244 1818 3317 colloquendum.

1030 3314 1061 3368 ln
1077 3332 1159 3370 caina
1176 3314 1288 3369 ltomini
1312 3320 1377 3386 post
1400 3320 1511 3371 sextam
1538 3316 1626 3387 prior,
1643 3314 1819 3383 cellerarius,

993 3391 1095 3440 cantor
1111 3403 1161 3442 seu
1176 3388 1354 3442 camerarius
1378 3385 1514 3441 ordinent
1536 3389 1571 3441 zl
1596 3402 1752 3467 pauperes;
1769 3386 1820 3458 qui

994 3457 1114 3512 sedeant
1130 3458 1157 3511 in
1175 3457 1286 3512 ambitu
1303 3458 1472 3512 immediate
1487 3464 1551 3528 post
1567 3458 1734 3529 prandium.
1751 3457 1819 3512 Post

994 3527 1148 3609 prandium
1166 3529 1260 3582 veniat
1276 3528 1403 3583 domnus
1415 3527 1505 3582 abbas
1520 3529 1555 3582 ad
1571 3528 1713 3582 anibiium
1725 3544 1819 3651 penes

1737 3598 1819 3653 ratri·

992 3670 1059 3738 bus,
1072 3675 1100 3724 et
1119 3670 1155 3724 ibi
1173 3674 1427 3740 cautorprocurel..
1441 3670 1517 3740 quod
1535 3670 1542 3724 i
1567 3670 1643 3724 idem
1659 3669 1687 3724 in
1704 3668 1817 3724 ambitu

993 3742 1062 3805 sint,
1079 3747 1106 3796 ct
1136 3742 1256 3796 sedeant
1283 3740 1378 3795 solum
1408 3741 1449 3795 illi
1474 3743 1509 3796 at
1534 3758 1686 3823 pauperes,
1701 3746 1730 3795 et
1759 3758 1817 3796 non

991 3812 1101 3937 plures.
1114 3812 1219 3868 Servus
1235 3819 1332 3867 autem
1353 3812 1459 3867 deuius
1478 3811 1607 3867 lavatorii
1625 3816 1816 3893 praeparatam

1013 3883 1098 3939 abeat
1114 3901 1220 3955 aquam
1237 3883 1372 3948 calidam,
1390 3886 1418 3938 et
1433 3881 1521 3939 lintea
1536 3888 1564 3938 ct
1579 3884 1749 3956 paropsides
1765 3899 1816 3955 pro

991 3952 1097 4010 lotione
1113 3960 1142 4010 et
1157 3955 1284 4010 tersione
1303 3955 1411 4026 pedum
1437 3970 1488 4009 seu
1513 3971 1665 4011 manuum.
1682 3954 1817 4010 Camera-

992 4025 1054 4081 rius
1069 4030 1204 4097 procuret
1220 4031 1251 4080 ut
1267 4025 1374 4080 ibidem
1392 4024 1451 4079 sint
1465 4026 1523 4081 duo
1538 4027 1637 4097 picarii
1654 4042 1722 4081 cum
1738 4024 1816 4092 vino,

992 4101 1101 4168 etpost
1122 4096 1189 4152 hino
1213 4103 1315 4152 cantor
1337 4097 1459 4168 incipiat
1483 4103 1555 4160 ant,
1581 4099 1715 4154 Dmninas
1738 4101 1817 4154 Jcsas

988 4178 1132 4240 postquam
1146 4172 1274 4229 recreauit.
1289 4174 1356 4233 etc.,
1372 4172 1401 4224 et
1420 4169 1520 4223 statim
1537 4173 1588 4224 liat
1602 4169 1766 4243 genuflexio
1781 4168 1818 4225 ab

784 4256 854 4294 num
870 4256 936 4294 can·
992 4240 1140 4305 omnibus,
1157 4248 1184 4294 et
1203 4240 1297 4295 undio
1313 4243 1444 4312 tempora
1458 4239 1591 4295 laventur
1606 4241 1694 4313 pedes
1708 4256 1816 4321 paupe-

991 4327 1067 4364 rum.
1091 4311 1158 4365 Post
1185 4311 1293 4366 dicium
1323 4315 1382 4366 ant.
1400 4316 1425 4369 t.
1445 4316 1517 4366 Deus
1540 4314 1712 4375 misereatur,
1738 4326 1818 4381 prior

110 4395 248 4452 ordinati.
263 4393 292 4449 Si
309 4396 378 4448 sunt
393 4388 516 4445 ordinali
534 4384 630 4441 debito
646 4400 736 4447 more,
750 4399 816 4436 mox
831 4398 935 4436 renun·
989 4383 1131 4454 percutiat
1144 4383 1324 4443 tabulamet
1346 4381 1424 4436 die-at
1441 4399 1447 4436 ε
1466 4382 1634 4448 Deraedicile3
1652 4391 1676 4435 et
1696 4396 1815 4451 respon·

109 4467 161 4522 tiet
176 4467 286 4521 domno
311 4461 420 4528 abbati,
433 4459 483 4532 qui
504 4459 609 4513 innuat
624 4454 723 4526 priori,
736 4459 768 4508 ut
791 4455 937 4579 percutiat

108 4537 240 4594 tabulam
252 4536 281 4591 in
292 4532 491 4607 capitulaque
499 4525 782 4608 percussadictoque
806 4525 937 4580 caudeae

108 4609 231 4681 incipiat
246 4610 373 4662 doinnus
389 4604 481 4658 abbas
503 4618 547 4672 ps.
571 4600 703 4655 liberere
718 4613 771 4652 nim
788 4601 869 4662 Deus,
885 4604 934 4651 etc.

108 4681 307 4750 euntibusque
323 4679 351 4731 in
367 4675 529 4732 claustrum
544 4671 579 4726 ad
597 4669 776 4724 visitandum
794 4685 935 4740 [tuameres

107 4752 237 4808 doninus
248 4751 339 4806 oblias
349 4746 492 4829 pracedat
503 4760 567 4798 eum
578 4740 727 4813 capellano
739 4756 791 4792 saio
803 4743 937 4819 portante

107 4823 162 4879 sibi
180 4822 300 4886 librum,
316 4819 422 4875 demde
444 4817 657 4894 convontusct
681 4812 934 4891 primo-seniores,

108 4898 210 4967 postca
227 4892 308 4964 pueri
322 4907 389 4946 cum
400 4889 551 4957 magistro.
564 4886 656 4939 Finito
671 4900 726 4953 ps,
739 4887 857 4952 incipiat
868 4897 935 4935 can-

106 4972 153 5020 tor
178 4971 239 5019 ant.
266 4966 396 5019 Dominus
420 4961 507 5025 lesus,
538 4963 603 5023 etc,
631 4955 805 5023 flectuntque
834 4967 937 5006 onincs

107 5053 216 5109 genua,
232 5041 260 5090 et
276 5033 435 5104 unicuique
456 5031 579 5085 fratrum
600 5024 757 5103 collocetur
771 5039 848 5077 liniis
859 5039 936 5103 pau·

107 5125 176 5181 per;
199 5113 227 5163 et
244 5107 267 5162 si
284 5105 351 5178 quis
373 5103 495 5158 l'ratrum
520 5100 575 5154 boc
598 5104 674 5151 anno
699 5094 814 5160 obierit,
841 5094 935 5149 eidem

107 5195 187 5237 uuus
216 5194 307 5249 auper
317 5181 452 5259 ponatur.
462 5168 619 5249 Duodecim
630 5183 696 5222 aero
709 5165 936 5237 pauperesdom-

109 5267 146 5305 no
158 5195 255 5306 abian
268 5250 503 5319 assignentur,et
512 5243 650 5297 tredecim
660 5239 767 5293 domno
777 5237 937 5307 llegenber-

109 5322 175 5377 cbto
191 5320 327 5376 dotatori.
343 5319 409 5373 Post
428 5314 607 5371 ablutionem
625 5309 732 5382 pedum
748 5312 777 5361 et
794 5323 935 5361 manuum

991 4454 1079 4508 deant
1096 4471 1102 4509 :
1120 4455 1214 4510 nmen,
1231 4456 1314 4510 Tunc
1329 4456 1456 4508 doninus
1474 4452 1565 4508 abbas
1587 4453 1664 4507 dicat
1679 4457 1704 4514 i.
1720 4453 1818 4506 Polum

990 4543 1130 4581 sessurum
1157 4544 1269 4580 sariram
1291 4525 1419 4595 ‹liqnictar
1446 4524 1577 4578 bantinus
1602 4522 1766 4578 beaiediccre.
1784 4519 1818 4577 m

991 4597 1090 4652 statim
1118 4597 1235 4668 incipiat
1259 4599 1359 4650 cantor
1383 4592 1623 4664 responsorium:
1645 4594 1760 4650 :lacessit
1782 4593 1817 4648 ad

989 4667 1067 4742 pedes
1086 4673 1163 4726 deur,
1180 4673 1208 4721 el.
1231 4672 1300 4720 timo
1324 4669 1409 4736 polus
1434 4665 1520 4719 detur
1543 4664 1731 4737 pauperibus.
1749 4664 1818 4720 Post

991 4744 1053 4802 dea
1110 4756 1124 4793 r
1152 4738 1206 4791 inci
1231 4737 1271 4791 iat
1291 4741 1315 4797 i.
1330 4736 1450 4790 Dianitis
1475 4744 1540 4791 sient
1554 4739 1590 4797 ci,
1606 4741 1636 4792 et
1650 4736 1817 4793 cellerarius

991 4827 1068 4880 paup
1113 4810 1168 4864 bus
1221 4814 1248 4862 et
1276 4807 1439 4878 pecuniam,
1471 4807 1592 4864 cuilibet
1620 4809 1654 4866 15
1681 4808 1816 4864 denarios

992 4880 1124 4946 usualcs;
1142 4883 1228 4934 erunt
1240 4879 1275 4932 30
1290 4876 1386 4932 solidi.

1027 4950 1185 5022 Postquam
1201 4966 1302 5004 corsus
1326 4947 1455 5018 finietur,
1481 4951 1613 5022 repetitio
1627 4954 1643 5014 d
1658 4967 1688 5007 re
1710 4953 1813 5016 etatiir,

992 5026 1019 5076 et
1034 5022 1138 5076 iterum
1155 5021 1232 5093 potio
1248 5020 1470 5075 administretur
1485 5022 1671 5093 pauperibus.
1686 4967 1736 5075 His
1750 5036 1815 5103 per·

991 5093 1064 5148 actis
1087 5092 1166 5146 dicat
1194 5096 1297 5146 cantor
1313 5107 1318 5147 :
1335 5094 1518 5163 Speremus,
1547 5098 1629 5159 Deras,
1658 5087 1817 5146 misericor-

990 5165 1064 5219 diam
1080 5172 1165 5231 larini,
1182 5164 1266 5236 Kyrie
1290 5162 1410 5223 eleison.
1428 5163 1511 5217 Pater
1537 5170 1644 5219 noster.
1662 5166 1686 5225 i.
1704 5161 1817 5218 Oslcrade

990 5238 1079 5299 nertii,
1097 5237 1221 5300 licuitne,
1238 5235 1455 5291 misericordiam
1478 5242 1561 5300 tuum,
1579 5240 1603 5298 a.
1621 5243 1650 5290 tu
1669 5233 1816 5302 mandasti,

991 5306 1133 5361 Dominus
1150 5306 1310 5372 uobiscum,
1326 5321 1442 5361 eremas.
1465 5304 1568 5368 Adeo,
1587 5307 1710 5373 Domine,
1727 5305 1818 5376 officio

108 5393 254 5466 percutiat
270 5409 348 5464 prior
364 5387 494 5445 tabulam
511 5387 656 5464 annuente
673 5380 787 5448 abbate,
802 5395 861 5448 qua
876 5394 937 5449 pcr—
954 5405 975 5470 D
990 5387 1092 5460 nostrae
1103 5381 1254 5464 scriniario,
1272 5391 1334 5448 qaoe
1348 5378 1406 5457 ipse
1424 5382 1555 5458 proestare
1567 5375 1816 5459 aequolesina-

109 5449 937 5532 cussadelareleemosynapauperibusCompleloman-
992 5449 1116 5503 medmte
1145 5451 1195 5503 irat
1219 5449 1381 5528 genullenjio
1409 5446 1445 5500 ab
1471 5447 1620 5529 omnibus,
1647 5453 1676 5530 ot
1698 5452 1820 5519 incipiat

110 5535 180 5591 dato
194 5534 315 5608 incipiat
328 5534 435 5589 domus
457 5531 548 5586 abbas
571 5530 680 5597 septem
699 5522 829 5592 psalmos
846 5538 936 5590 pioni·
993 5520 1120 5575 doninus
1135 5521 1226 5575 abbas
1243 5537 1286 5590 ps.
1303 5524 1434 5574 nlicerere
1447 5533 1511 5586 mer,
1524 5524 1553 5576 et
1567 5524 1636 5576 cant
1649 5536 1679 5574 rn
1695 5518 1815 5575 eborum

114 5605 413 5681 teutiates‚qeantque
436 5603 466 5659 iu
490 5600 624 5666 chorum,
649 5596 724 5651 sicut
748 5598 879 5649 earet-aut
903 5593 938 5646 de
994 5597 1022 5647 ct
1038 5591 1155 5658 iaciant,
1173 5599 1203 5646 ut
1218 5589 1419 5662 praescriptum
1435 5591 1488 5644 cst.
