<?xml version="1.0" encoding="UTF-8"?>
<!DOCTYPE html PUBLIC "-//W3C//DTD XHTML 1.0 Transitional//EN"
    "http://www.w3.org/TR/xhtml1/DTD/xhtml1-transitional.dtd">
<html xmlns="http://www.w3.org/1999/xhtml" xml:lang="en" lang="en">
 <head>
  <title>
</title>
<meta http-equiv="Content-Type" content="text/html;charset=utf-8" />
  <meta name='ocr-system' content='tesseract 3.04.00' />
  <meta name='ocr-capabilities' content='ocr_page ocr_carea ocr_par ocr_line ocrx_word'/>
</head>
<body>
  <div class='ocr_page' id='page_1' title='image "./patrologiaecurs24unkngoog_0236.png"; bbox 0 0 3878 6098; ppageno 0'>
   <div class='ocr_carea' id='block_1_1' title="bbox 408 291 1402 358">
    <p class='ocr_par' dir='ltr' id='par_1_1' title="bbox 408 291 1402 358">
     <span class='ocr_line' id='line_1_1' title="bbox 408 291 1402 358; baseline 0.002 -5"><span class='ocrx_word' id='word_1_1' title='bbox 408 292 750 355; x_wconf 79' lang='lat' dir='ltr'><strong>ANGLO-SAXONUM</strong></span> <span class='ocrx_word' id='word_1_2' title='bbox 773 291 910 355; x_wconf 78' lang='lat' dir='ltr'><strong>REGUM</strong></span> <span class='ocrx_word' id='word_1_3' title='bbox 931 292 1055 354; x_wconf 73' lang='lat' dir='ltr'><strong>LEGES</strong></span> <span class='ocrx_word' id='word_1_4' title='bbox 1077 292 1402 358; x_wconf 75' lang='lat' dir='ltr'><strong><em>acccnslasrlcle.</em></strong></span> 
     </span>
    </p>
   </div>
   <div class='ocr_carea' id='block_1_2' title="bbox 302 596 1513 844">
    <p class='ocr_par' dir='ltr' id='par_1_2' title="bbox 302 596 1513 844">
     <span class='ocr_line' id='line_1_2' title="bbox 302 596 1513 693; baseline -0.001 -1"><span class='ocrx_word' id='word_1_5' title='bbox 302 600 481 693; x_wconf 79' lang='lat' dir='ltr'>LEGUM</span> <span class='ocrx_word' id='word_1_6' title='bbox 503 596 996 692; x_wconf 70' lang='lat' dir='ltr'><strong><em>annuntiatricibus</em></strong></span> <span class='ocrx_word' id='word_1_7' title='bbox 1016 599 1345 692; x_wconf 80' lang='lat' dir='ltr'><strong><em>AETHliLSTANt</em></strong></span> <span class='ocrx_word' id='word_1_8' title='bbox 1367 600 1513 692; x_wconf 77' lang='lat' dir='ltr'><strong>REGIS</strong></span> 
     </span>
     <span class='ocr_line' id='line_1_3' title="bbox 739 770 1073 844; baseline 0 -2"><span class='ocrx_word' id='word_1_9' title='bbox 739 770 886 843; x_wconf 79' lang='lat' dir='ltr'><strong><em>rarsca</em></strong></span> <span class='ocrx_word' id='word_1_10' title='bbox 914 770 1073 844; x_wconf 79' lang='lat' dir='ltr'><strong><em>vanno</em></strong></span> 
     </span>
    </p>
   </div>
   <div class='ocr_carea' id='block_1_3' title="bbox 63 937 1743 1104">
    <p class='ocr_par' dir='ltr' id='par_1_3' title="bbox 63 937 1743 1104">
     <span class='ocr_line' id='line_1_4' title="bbox 63 937 1743 1026; baseline -0.002 -17"><span class='ocrx_word' id='word_1_11' title='bbox 63 943 287 1009; x_wconf 62' lang='lat' dir='ltr'><strong><em>taeneotica</em></strong></span> <span class='ocrx_word' id='word_1_12' title='bbox 301 949 517 1022; x_wconf 82' lang='lat' dir='ltr'><strong><em>manuscriptos</em></strong></span> <span class='ocrx_word' id='word_1_13' title='bbox 537 941 651 1020; x_wconf 72' lang='lat' dir='ltr'><strong><em>reatuin</em></strong></span> <span class='ocrx_word' id='word_1_14' title='bbox 666 948 696 1000; x_wconf 89' lang='lat' dir='ltr'><strong><em>et</em></strong></span> <span class='ocrx_word' id='word_1_15' title='bbox 714 938 928 1012; x_wconf 75' lang='lat' dir='ltr'><strong><em>temulentam,</em></strong></span> <span class='ocrx_word' id='word_1_16' title='bbox 947 937 1042 1000; x_wconf 88' lang='lat' dir='ltr'><strong><em>multa</em></strong></span> <span class='ocrx_word' id='word_1_17' title='bbox 1078 942 1168 1000; x_wconf 82' lang='lat' dir='ltr'><strong><em>nain</em></strong></span> <span class='ocrx_word' id='word_1_18' title='bbox 1184 939 1339 1003; x_wconf 77' lang='lat' dir='ltr'><strong><em>Saronico</em></strong></span> <span class='ocrx_word' id='word_1_19' title='bbox 1355 941 1563 1006; x_wconf 75' lang='lat' dir='ltr'><strong><em>desiderantur</em></strong></span> <span class='ocrx_word' id='word_1_20' title='bbox 1576 945 1743 1026; x_wconf 80' lang='lat' dir='ltr'><strong><em>eeunptari</em></strong></span> 
     </span>
     <span class='ocr_line' id='line_1_5' title="bbox 546 1018 1255 1104; baseline 0.004 -24"><span class='ocrx_word' id='word_1_21' title='bbox 546 1020 745 1102; x_wconf 76' lang='lat' dir='ltr'><strong><em>proferentes,</em></strong></span> <span class='ocrx_word' id='word_1_22' title='bbox 763 1038 798 1081; x_wconf 86' lang='lat' dir='ltr'><strong><em>ao</em></strong></span> <span class='ocrx_word' id='word_1_23' title='bbox 811 1038 941 1080; x_wconf 85' lang='lat' dir='ltr'><strong><em>seorsum</em></strong></span> <span class='ocrx_word' id='word_1_24' title='bbox 953 1018 1030 1081; x_wconf 84' lang='lat' dir='ltr'><strong><em>alias</em></strong></span> <span class='ocrx_word' id='word_1_25' title='bbox 1067 1021 1255 1104; x_wconf 70' lang='lat' dir='ltr'><strong><em>recrepantes.</em></strong></span> 
     </span>
    </p>
   </div>
   <div class='ocr_carea' id='block_1_4' title="bbox 10 1313 1757 3976">
    <p class='ocr_par' dir='ltr' id='par_1_4' title="bbox 10 1313 1757 3976">
     <span class='ocr_line' id='line_1_6' title="bbox 255 1313 1755 1392; baseline 0.005 -16"><span class='ocrx_word' id='word_1_26' title='bbox 255 1318 379 1375; x_wconf 78' lang='lat' dir='ltr'>TITULI</span> <span class='ocrx_word' id='word_1_27' title='bbox 399 1313 668 1372; x_wconf 83' lang='lat' dir='ltr'>CAPITULORUM.</span> <span class='ocrx_word' id='word_1_28' title='bbox 890 1314 919 1383; x_wconf 77' lang='lat' dir='ltr'>A</span> <span class='ocrx_word' id='word_1_29' title='bbox 970 1315 1004 1371; x_wconf 93' lang='lat' dir='ltr'><strong><em>ll.</em></strong></span> <span class='ocrx_word' id='word_1_30' title='bbox 1021 1317 1054 1372; x_wconf 78' lang='lat' dir='ltr'><strong><em>at</em></strong></span> <span class='ocrx_word' id='word_1_31' title='bbox 1066 1315 1142 1387; x_wconf 81' lang='lat' dir='ltr'><strong><em>volo,</em></strong></span> <span class='ocrx_word' id='word_1_32' title='bbox 1158 1316 1347 1392; x_wconf 76' lang='lat' dir='ltr'>cyricsceatta</span> <span class='ocrx_word' id='word_1_33' title='bbox 1370 1321 1529 1378; x_wconf 88' lang='lat' dir='ltr'><strong><em>reddantur</em></strong></span> <span class='ocrx_word' id='word_1_34' title='bbox 1554 1325 1590 1379; x_wconf 90' lang='lat' dir='ltr'><strong><em>ad</em></strong></span> <span class='ocrx_word' id='word_1_35' title='bbox 1612 1322 1697 1380; x_wconf 92' lang='lat' dir='ltr'><strong><em>illum</em></strong></span> <span class='ocrx_word' id='word_1_36' title='bbox 1712 1324 1755 1384; x_wconf 93' lang='lat' dir='ltr'><strong><em>lo·</em></strong></span> 
     </span>
     <span class='ocr_line' id='line_1_7' title="bbox 50 1402 1755 1487; baseline 0.001 -17"><span class='ocrx_word' id='word_1_37' title='bbox 50 1416 71 1472; x_wconf 91' lang='lat'><strong><em>1.</em></strong></span> <span class='ocrx_word' id='word_1_38' title='bbox 85 1415 122 1470; x_wconf 81' lang='lat' dir='ltr'><strong><em>lte</em></strong></span> <span class='ocrx_word' id='word_1_39' title='bbox 142 1412 259 1468; x_wconf 78' lang='lat' dir='ltr'><strong><em>decimis</em></strong></span> <span class='ocrx_word' id='word_1_40' title='bbox 285 1408 401 1465; x_wconf 72' lang='lat' dir='ltr'><strong><em>sollicite</em></strong></span> <span class='ocrx_word' id='word_1_41' title='bbox 426 1404 580 1471; x_wconf 74' lang='lat' dir='ltr'><strong><em>reddendis,</em></strong></span> <span class='ocrx_word' id='word_1_42' title='bbox 597 1408 651 1460; x_wconf 87' lang='lat' dir='ltr'><strong><em>etc.</em></strong></span> <span class='ocrx_word' id='word_1_43' title='bbox 669 1404 736 1476; x_wconf 84' lang='lat' dir='ltr'><strong><em>(LL.</em></strong></span> <span class='ocrx_word' id='word_1_44' title='bbox 753 1402 819 1458; x_wconf 84' lang='lat' dir='ltr'><strong><em>Sax.</em></strong></span> <span class='ocrx_word' id='word_1_45' title='bbox 846 1403 875 1457; x_wconf 90' lang='lat' dir='ltr'><strong><em>in</em></strong></span> <span class='ocrx_word' id='word_1_46' title='bbox 932 1421 999 1461; x_wconf 91' lang='lat' dir='ltr'><strong><em>eum</em></strong></span> <span class='ocrx_word' id='word_1_47' title='bbox 1013 1405 1059 1462; x_wconf 91' lang='lat' dir='ltr'><strong><em>cui</em></strong></span> <span class='ocrx_word' id='word_1_48' title='bbox 1073 1409 1148 1461; x_wconf 89' lang='lat' dir='ltr'><strong><em>recte</em></strong></span> <span class='ocrx_word' id='word_1_49' title='bbox 1165 1408 1321 1478; x_wconf 87' lang='lat' dir='ltr'><strong><em>pertinent,</em></strong></span> <span class='ocrx_word' id='word_1_50' title='bbox 1338 1412 1366 1465; x_wconf 91' lang='lat' dir='ltr'><strong><em>et</em></strong></span> <span class='ocrx_word' id='word_1_51' title='bbox 1381 1409 1449 1466; x_wconf 88' lang='lat' dir='ltr'><strong><em>iude</em></strong></span> <span class='ocrx_word' id='word_1_52' title='bbox 1463 1412 1611 1483; x_wconf 74' lang='lat' dir='ltr'><strong><em>gaudeant</em></strong></span> <span class='ocrx_word' id='word_1_53' title='bbox 1633 1413 1663 1470; x_wconf 89' lang='lat' dir='ltr'><strong><em>in</em></strong></span> <span class='ocrx_word' id='word_1_54' title='bbox 1683 1413 1755 1487; x_wconf 91' lang='lat' dir='ltr'><strong><em>ipsis</em></strong></span> 
     </span>
     <span class='ocr_line' id='line_1_8' title="bbox 82 1493 1757 1577; baseline 0.004 -23"><span class='ocrx_word' id='word_1_55' title='bbox 82 1501 243 1577; x_wconf 77' lang='lat' dir='ltr'><strong><em>prooemi03</em></strong></span> <span class='ocrx_word' id='word_1_56' title='bbox 258 1497 340 1555; x_wconf 83' lang='lat' dir='ltr'><strong><em>Jorn.</em></strong></span> <span class='ocrx_word' id='word_1_57' title='bbox 357 1512 420 1569; x_wconf 90' lang='lat' dir='ltr'><strong><em>cap.</em></strong></span> <span class='ocrx_word' id='word_1_58' title='bbox 439 1494 475 1566; x_wconf 87' lang='lat' dir='ltr'><strong><em>l).</em></strong></span> <span class='ocrx_word' id='word_1_59' title='bbox 932 1493 1013 1564; x_wconf 87' lang='lat' dir='ltr'><strong><em>locis,</em></strong></span> <span class='ocrx_word' id='word_1_60' title='bbox 1031 1496 1080 1568; x_wconf 90' lang='lat' dir='ltr'><strong><em>qui</em></strong></span> <span class='ocrx_word' id='word_1_61' title='bbox 1096 1496 1157 1553; x_wconf 85' lang='lat' dir='ltr'><strong><em>bac</em></strong></span> <span class='ocrx_word' id='word_1_62' title='bbox 1181 1496 1299 1570; x_wconf 92' lang='lat' dir='ltr'><strong><em>dignius</em></strong></span> <span class='ocrx_word' id='word_1_63' title='bbox 1318 1514 1388 1571; x_wconf 88' lang='lat' dir='ltr'><strong><em>erga</em></strong></span> <span class='ocrx_word' id='word_1_64' title='bbox 1410 1504 1501 1557; x_wconf 65' lang='lat' dir='ltr'><strong><em>mum</em></strong></span> <span class='ocrx_word' id='word_1_65' title='bbox 1525 1505 1555 1557; x_wconf 86' lang='lat' dir='ltr'><strong><em>et</em></strong></span> <span class='ocrx_word' id='word_1_66' title='bbox 1579 1518 1632 1559; x_wconf 92' lang='lat' dir='ltr'><strong><em>nos</em></strong></span> <span class='ocrx_word' id='word_1_67' title='bbox 1653 1502 1757 1560; x_wconf 85' lang='lat' dir='ltr'><strong><em>volunt</em></strong></span> 
     </span>
     <span class='ocr_line' id='line_1_9' title="bbox 52 1580 1755 1659; baseline -0.001 -8"><span class='ocrx_word' id='word_1_68' title='bbox 52 1591 84 1651; x_wconf 89' lang='lat'><strong><em>11.</em></strong></span> <span class='ocrx_word' id='word_1_69' title='bbox 99 1599 141 1650; x_wconf 81' lang='lat' dir='ltr'><strong><em>Dr</em></strong></span> <span class='ocrx_word' id='word_1_70' title='bbox 155 1606 244 1648; x_wconf 77' lang='lat' dir='ltr'><strong><em>censu</em></strong></span> <span class='ocrx_word' id='word_1_71' title='bbox 257 1587 475 1658; x_wconf 58' lang='lat' dir='ltr'><strong><em>ecclesiequeno</em></strong></span> <span class='ocrx_word' id='word_1_72' title='bbox 490 1583 695 1655; x_wconf 76' lang='lat' dir='ltr'><strong><em>cyricsceattum</em></strong></span> <span class='ocrx_word' id='word_1_73' title='bbox 708 1580 878 1650; x_wconf 60' lang='lat' dir='ltr'><strong><em>uaearrtaed-</em></strong></span> <span class='ocrx_word' id='word_1_74' title='bbox 932 1583 1085 1642; x_wconf 85' lang='lat' dir='ltr'><strong><em>deservire.</em></strong></span> <span class='ocrx_word' id='word_1_75' title='bbox 1101 1586 1239 1643; x_wconf 82' lang='lat' dir='ltr'><strong>Hortatur</strong></span> <span class='ocrx_word' id='word_1_76' title='bbox 1253 1604 1306 1645; x_wconf 89' lang='lat' dir='ltr'><strong><em>nos</em></strong></span> <span class='ocrx_word' id='word_1_77' title='bbox 1320 1605 1418 1645; x_wconf 86' lang='lat' dir='ltr'><strong><em>sermo</em></strong></span> <span class='ocrx_word' id='word_1_78' title='bbox 1433 1589 1559 1659; x_wconf 69' lang='lat' dir='ltr'><strong><em>dianus,</em></strong></span> <span class='ocrx_word' id='word_1_79' title='bbox 1570 1594 1755 1649; x_wconf 83' lang='lat' dir='ltr'><strong><em>atamacum</em></strong></span> 
     </span>
     <span class='ocr_line' id='line_1_10' title="bbox 84 1669 1756 1755; baseline 0.002 -20"><span class='ocrx_word' id='word_1_80' title='bbox 84 1681 171 1743; x_wconf 63' lang='lat' dir='ltr'><strong><em>undo</em></strong></span> <span class='ocrx_word' id='word_1_81' title='bbox 186 1679 255 1755; x_wconf 85' lang='lat' dir='ltr'><strong><em>(LL.</em></strong></span> <span class='ocrx_word' id='word_1_82' title='bbox 272 1678 338 1734; x_wconf 80' lang='lat' dir='ltr'><strong><em>Sax.</em></strong></span> <span class='ocrx_word' id='word_1_83' title='bbox 355 1674 480 1732; x_wconf 81' lang='lat' dir='ltr'><strong><em>etiarn.</em></strong></span> <span class='ocrx_word' id='word_1_84' title='bbox 499 1690 562 1746; x_wconf 88' lang='lat' dir='ltr'><strong><em>cap.</em></strong></span> <span class='ocrx_word' id='word_1_85' title='bbox 575 1675 593 1728; x_wconf 83' lang='lat'>2</span> <span class='ocrx_word' id='word_1_86' title='bbox 608 1671 637 1727; x_wconf 88' lang='lat' dir='ltr'><strong><em>iu</em></strong></span> <span class='ocrx_word' id='word_1_87' title='bbox 654 1669 815 1743; x_wconf 75' lang='lat' dir='ltr'><strong><em>prooemio).</em></strong></span> <span class='ocrx_word' id='word_1_88' title='bbox 931 1674 1065 1744; x_wconf 86' lang='lat' dir='ltr'><strong><em>terrenis,</em></strong></span> <span class='ocrx_word' id='word_1_89' title='bbox 1082 1674 1211 1733; x_wconf 81' lang='lat' dir='ltr'><strong><em>coelestia</em></strong></span> <span class='ocrx_word' id='word_1_90' title='bbox 1235 1693 1303 1732; x_wconf 88' lang='lat' dir='ltr'><strong><em>cum</em></strong></span> <span class='ocrx_word' id='word_1_91' title='bbox 1331 1678 1450 1735; x_wconf 87' lang='lat' dir='ltr'><strong><em>caducis</em></strong></span> <span class='ocrx_word' id='word_1_92' title='bbox 1479 1679 1648 1752; x_wconf 89' lang='lat' dir='ltr'><strong><em>promereri.</em></strong></span> <span class='ocrx_word' id='word_1_93' title='bbox 1673 1681 1756 1739; x_wconf 91' lang='lat' dir='ltr'><strong><em>Nunc</em></strong></span> 
     </span>
     <span class='ocr_line' id='line_1_11' title="bbox 54 1761 1757 1844; baseline -0.002 -12"><span class='ocrx_word' id='word_1_94' title='bbox 54 1773 97 1831; x_wconf 86' lang='lat'><strong><em>111.</em></strong></span> <span class='ocrx_word' id='word_1_95' title='bbox 114 1774 146 1831; x_wconf 84' lang='lat' dir='ltr'><strong><em>lit</em></strong></span> <span class='ocrx_word' id='word_1_96' title='bbox 160 1768 272 1841; x_wconf 67' lang='lat' dir='ltr'><strong><em>empuli</em></strong></span> <span class='ocrx_word' id='word_1_97' title='bbox 286 1767 358 1839; x_wconf 72' lang='lat' dir='ltr'><strong><em>reon</em></strong></span> <span class='ocrx_word' id='word_1_98' title='bbox 371 1764 514 1838; x_wconf 72' lang='lat' dir='ltr'><strong><em>praepositi</em></strong></span> <span class='ocrx_word' id='word_1_99' title='bbox 528 1761 653 1831; x_wconf 70' lang='lat' dir='ltr'><strong><em>singulos</em></strong></span> <span class='ocrx_word' id='word_1_100' title='bbox 676 1761 754 1816; x_wconf 90' lang='lat' dir='ltr'><strong><em>alant</em></strong></span> <span class='ocrx_word' id='word_1_101' title='bbox 770 1776 876 1833; x_wconf 77' lang='lat' dir='ltr'><strong><em>parape-</em></strong></span> <span class='ocrx_word' id='word_1_102' title='bbox 931 1762 1040 1820; x_wconf 89' lang='lat' dir='ltr'><strong><em>auditis</em></strong></span> <span class='ocrx_word' id='word_1_103' title='bbox 1055 1763 1125 1837; x_wconf 91' lang='lat' dir='ltr'><strong><em>quid</em></strong></span> <span class='ocrx_word' id='word_1_104' title='bbox 1141 1765 1172 1820; x_wconf 92' lang='lat' dir='ltr'><strong><em>in</em></strong></span> <span class='ocrx_word' id='word_1_105' title='bbox 1187 1765 1245 1821; x_wconf 84' lang='lat' dir='ltr'><strong><em>Deo</em></strong></span> <span class='ocrx_word' id='word_1_106' title='bbox 1269 1767 1447 1840; x_wconf 81' lang='lat' dir='ltr'><strong><em>precipiam,</em></strong></span> <span class='ocrx_word' id='word_1_107' title='bbox 1463 1772 1492 1824; x_wconf 92' lang='lat' dir='ltr'><strong><em>et</em></strong></span> <span class='ocrx_word' id='word_1_108' title='bbox 1515 1769 1586 1842; x_wconf 90' lang='lat' dir='ltr'><strong><em>quid</em></strong></span> <span class='ocrx_word' id='word_1_109' title='bbox 1611 1771 1757 1844; x_wconf 89' lang='lat' dir='ltr'><strong><em>complere</em></strong></span> 
     </span>
     <span class='ocr_line' id='line_1_12' title="bbox 84 1851 1754 1934; baseline -0.001 -17"><span class='ocrx_word' id='word_1_110' title='bbox 84 1880 134 1934; x_wconf 80' lang='lat' dir='ltr'><strong><em>res,</em></strong></span> <span class='ocrx_word' id='word_1_111' title='bbox 152 1862 209 1918; x_wconf 87' lang='lat' dir='ltr'><strong><em>etc.</em></strong></span> <span class='ocrx_word' id='word_1_112' title='bbox 222 1857 290 1933; x_wconf 82' lang='lat' dir='ltr'><strong><em>(bb.</em></strong></span> <span class='ocrx_word' id='word_1_113' title='bbox 307 1856 373 1912; x_wconf 84' lang='lat' dir='ltr'><strong><em>Sex.</em></strong></span> <span class='ocrx_word' id='word_1_114' title='bbox 390 1869 453 1926; x_wconf 89' lang='lat' dir='ltr'><strong><em>cap.</em></strong></span> <span class='ocrx_word' id='word_1_115' title='bbox 469 1854 501 1921; x_wconf 86' lang='lat'><strong><em>3;</em></strong></span> <span class='ocrx_word' id='word_1_116' title='bbox 519 1852 601 1908; x_wconf 85' lang='lat' dir='ltr'><strong><em>Jorn.</em></strong></span> <span class='ocrx_word' id='word_1_117' title='bbox 614 1867 677 1924; x_wconf 91' lang='lat' dir='ltr'><strong><em>cap.</em></strong></span> <span class='ocrx_word' id='word_1_118' title='bbox 694 1851 732 1919; x_wconf 83' lang='lat'><strong><em>3).</em></strong></span> <span class='ocrx_word' id='word_1_119' title='bbox 931 1852 1070 1908; x_wconf 82' lang='lat' dir='ltr'><strong><em>debeatis.</em></strong></span> <span class='ocrx_word' id='word_1_120' title='bbox 1089 1852 1184 1910; x_wconf 86' lang='lat' dir='ltr'><strong><em>Facite</em></strong></span> <span class='ocrx_word' id='word_1_121' title='bbox 1198 1853 1285 1910; x_wconf 89' lang='lat' dir='ltr'><strong><em>etiam</em></strong></span> <span class='ocrx_word' id='word_1_122' title='bbox 1302 1862 1334 1911; x_wconf 85' lang='lat' dir='ltr'><strong><em>ut</em></strong></span> <span class='ocrx_word' id='word_1_123' title='bbox 1346 1855 1419 1911; x_wconf 91' lang='lat' dir='ltr'><strong><em>mihi</em></strong></span> <span class='ocrx_word' id='word_1_124' title='bbox 1433 1873 1499 1913; x_wconf 88' lang='lat' dir='ltr'><strong><em>mea</em></strong></span> <span class='ocrx_word' id='word_1_125' title='bbox 1520 1858 1639 1931; x_wconf 90' lang='lat' dir='ltr'><strong><em>propria</em></strong></span> <span class='ocrx_word' id='word_1_126' title='bbox 1655 1860 1754 1934; x_wconf 87' lang='lat' dir='ltr'><strong><em>cupia-</em></strong></span> 
     </span>
     <span class='ocr_line' id='line_1_13' title="bbox 56 1939 1755 2022; baseline -0.004 -10"><span class='ocrx_word' id='word_1_127' title='bbox 56 1953 147 2012; x_wconf 72' lang='lat' dir='ltr'><strong><em>moe</em></strong></span> <span class='ocrx_word' id='word_1_128' title='bbox 178 1948 345 2022; x_wconf 70' lang='lat' dir='ltr'><strong><em>infractione</em></strong></span> <span class='ocrx_word' id='word_1_129' title='bbox 372 1944 548 2001; x_wconf 82' lang='lat' dir='ltr'><strong><em>ecelesiarum</em></strong></span> <span class='ocrx_word' id='word_1_130' title='bbox 577 1939 643 2013; x_wconf 89' lang='lat' dir='ltr'><strong><em>(LL.</em></strong></span> <span class='ocrx_word' id='word_1_131' title='bbox 669 1940 735 1995; x_wconf 87' lang='lat' dir='ltr'><strong><em>Sax.</em></strong></span> <span class='ocrx_word' id='word_1_132' title='bbox 758 1954 820 2010; x_wconf 89' lang='lat' dir='ltr'><strong><em>cap.</em></strong></span> <span class='ocrx_word' id='word_1_133' title='bbox 843 1939 874 2006; x_wconf 79' lang='lat'><strong><em>53</em></strong></span> <span class='ocrx_word' id='word_1_134' title='bbox 930 1940 1045 2014; x_wconf 81' lang='lat' dir='ltr'><strong><em>tis,qua</em></strong></span> <span class='ocrx_word' id='word_1_135' title='bbox 1061 1942 1135 1999; x_wconf 89' lang='lat' dir='ltr'><strong><em>mihi</em></strong></span> <span class='ocrx_word' id='word_1_136' title='bbox 1150 1947 1226 1999; x_wconf 89' lang='lat' dir='ltr'><strong><em>recte</em></strong></span> <span class='ocrx_word' id='word_1_137' title='bbox 1240 1943 1373 2017; x_wconf 86' lang='lat' dir='ltr'><strong><em>poteritis</em></strong></span> <span class='ocrx_word' id='word_1_138' title='bbox 1388 1945 1628 2018; x_wconf 88' lang='lat' dir='ltr'><strong><em>acquirere.Nolo</em></strong></span> <span class='ocrx_word' id='word_1_139' title='bbox 1643 1947 1755 2021; x_wconf 89' lang='lat' dir='ltr'><strong><em>aliquid</em></strong></span> 
     </span>
     <span class='ocr_line' id='line_1_14' title="bbox 85 2030 1754 2112; baseline 0.008 -32"><span class='ocrx_word' id='word_1_140' title='bbox 85 2040 165 2098; x_wconf 62' lang='lat' dir='ltr'><strong><em>Jffl,</em></strong></span> <span class='ocrx_word' id='word_1_141' title='bbox 182 2053 248 2112; x_wconf 54' lang='lat' dir='ltr'><strong><em>cap,</em></strong></span> <span class='ocrx_word' id='word_1_142' title='bbox 264 2035 320 2108; x_wconf 76' lang='grc' dir='ltr'><strong><em>ιο),</em></strong></span> <span class='ocrx_word' id='word_1_143' title='bbox 931 2031 1041 2103; x_wconf 86' lang='lat' dir='ltr'><strong><em>injuste</em></strong></span> <span class='ocrx_word' id='word_1_144' title='bbox 1056 2030 1129 2087; x_wconf 90' lang='lat' dir='ltr'><strong><em>mihi</em></strong></span> <span class='ocrx_word' id='word_1_145' title='bbox 1144 2032 1388 2107; x_wconf 90' lang='lat' dir='ltr'><strong><em>conquiratis‚sed</em></strong></span> <span class='ocrx_word' id='word_1_146' title='bbox 1403 2034 1503 2091; x_wconf 89' lang='lat' dir='ltr'><strong><em>omnia</em></strong></span> <span class='ocrx_word' id='word_1_147' title='bbox 1516 2039 1613 2091; x_wconf 85' lang='lat' dir='ltr'><strong><em>vestra</em></strong></span> <span class='ocrx_word' id='word_1_148' title='bbox 1627 2039 1754 2094; x_wconf 90' lang='lat' dir='ltr'><strong><em>concedo</em></strong></span> 
     </span>
     <span class='ocr_line' id='line_1_15' title="bbox 56 2116 1753 2201; baseline 0.003 -24"><span class='ocrx_word' id='word_1_149' title='bbox 56 2129 133 2187; x_wconf 68' lang='lat' dir='ltr'><strong><em>ma</em></strong></span> <span class='ocrx_word' id='word_1_150' title='bbox 160 2129 239 2201; x_wconf 60' lang='lat'><strong><em>’⁰95⁸</em></strong></span> <span class='ocrx_word' id='word_1_151' title='bbox 262 2133 289 2182; x_wconf 86' lang='lat' dir='ltr'><strong><em>et</em></strong></span> <span class='ocrx_word' id='word_1_152' title='bbox 312 2122 447 2194; x_wconf 65' lang='lat' dir='ltr'><strong><em>veneten.</em></strong></span> <span class='ocrx_word' id='word_1_153' title='bbox 475 2119 541 2194; x_wconf 83' lang='lat' dir='ltr'><strong><em>(LL.</em></strong></span> <span class='ocrx_word' id='word_1_154' title='bbox 566 2119 633 2175; x_wconf 85' lang='lat' dir='ltr'><strong><em>Sex.</em></strong></span> <span class='ocrx_word' id='word_1_155' title='bbox 658 2134 721 2190; x_wconf 91' lang='lat' dir='ltr'><strong><em>cap.</em></strong></span> <span class='ocrx_word' id='word_1_156' title='bbox 745 2118 776 2184; x_wconf 86' lang='grc'><strong><em>6;</em></strong></span> <span class='ocrx_word' id='word_1_157' title='bbox 793 2116 874 2173; x_wconf 88' lang='lat' dir='ltr'><strong><em>Joru.</em></strong></span> <span class='ocrx_word' id='word_1_158' title='bbox 929 2120 1013 2177; x_wconf 87' lang='lat' dir='ltr'><strong><em>vobis</em></strong></span> <span class='ocrx_word' id='word_1_159' title='bbox 1028 2137 1061 2177; x_wconf 92' lang='lat' dir='ltr'><strong><em>eo</em></strong></span> <span class='ocrx_word' id='word_1_160' title='bbox 1078 2125 1177 2178; x_wconf 88' lang='lat' dir='ltr'><strong><em>tenore</em></strong></span> <span class='ocrx_word' id='word_1_161' title='bbox 1192 2138 1250 2194; x_wconf 91' lang='lat' dir='ltr'><strong><em>quo</em></strong></span> <span class='ocrx_word' id='word_1_162' title='bbox 1265 2122 1338 2178; x_wconf 90' lang='lat' dir='ltr'><strong><em>mibi</em></strong></span> <span class='ocrx_word' id='word_1_163' title='bbox 1354 2139 1420 2179; x_wconf 88' lang='lat' dir='ltr'><strong><em>mea</em></strong></span> <span class='ocrx_word' id='word_1_164' title='bbox 1443 2123 1580 2180; x_wconf 90' lang='lat' dir='ltr'><strong><em>similiter</em></strong></span> <span class='ocrx_word' id='word_1_165' title='bbox 1603 2125 1753 2199; x_wconf 77' lang='lat' dir='ltr'>exoptetis.</span> 
     </span>
     <span class='ocr_line' id='line_1_16' title="bbox 84 2210 1755 2293; baseline 0.007 -33"><span class='ocrx_word' id='word_1_166' title='bbox 84 2236 147 2293; x_wconf 55' lang='lat' dir='ltr'><strong><em>gap,</em></strong></span> <span class='ocrx_word' id='word_1_167' title='bbox 165 2216 222 2289; x_wconf 74' lang='lat' dir='ltr'><strong><em>fl),</em></strong></span> <span class='ocrx_word' id='word_1_168' title='bbox 931 2211 1032 2266; x_wconf 77' lang='lat' dir='ltr'><strong>Cavete</strong></span> <span class='ocrx_word' id='word_1_169' title='bbox 1045 2210 1134 2266; x_wconf 88' lang='lat' dir='ltr'><strong><em>simul</em></strong></span> <span class='ocrx_word' id='word_1_170' title='bbox 1149 2215 1178 2267; x_wconf 87' lang='lat' dir='ltr'><strong><em>et</em></strong></span> <span class='ocrx_word' id='word_1_171' title='bbox 1191 2210 1283 2276; x_wconf 84' lang='lat' dir='ltr'><strong><em>vobis,</em></strong></span> <span class='ocrx_word' id='word_1_172' title='bbox 1300 2211 1386 2268; x_wconf 84' lang='lat' dir='ltr'><strong><em>etsie</em></strong></span> <span class='ocrx_word' id='word_1_173' title='bbox 1401 2213 1478 2286; x_wconf 92' lang='lat' dir='ltr'><strong><em>quod</em></strong></span> <span class='ocrx_word' id='word_1_174' title='bbox 1494 2213 1651 2271; x_wconf 90' lang='lat' dir='ltr'><strong><em>admonere</em></strong></span> <span class='ocrx_word' id='word_1_175' title='bbox 1665 2214 1755 2276; x_wconf 88' lang='lat' dir='ltr'><strong><em>debe·</em></strong></span> 
     </span>
     <span class='ocr_line' id='line_1_17' title="bbox 56 2296 1575 2374; baseline -0.005 -10"><span class='ocrx_word' id='word_1_176' title='bbox 56 2309 95 2366; x_wconf 79' lang='lat' dir='ltr'><strong><em>tl.</em></strong></span> <span class='ocrx_word' id='word_1_177' title='bbox 108 2311 148 2366; x_wconf 80' lang='lat' dir='ltr'><strong><em>lte</em></strong></span> <span class='ocrx_word' id='word_1_178' title='bbox 172 2305 334 2363; x_wconf 76' lang='lat' dir='ltr'><strong><em>monetariis</em></strong></span> <span class='ocrx_word' id='word_1_179' title='bbox 358 2309 384 2358; x_wconf 87' lang='lat' dir='ltr'><strong><em>et</em></strong></span> <span class='ocrx_word' id='word_1_180' title='bbox 405 2300 547 2355; x_wconf 74' lang='lat' dir='ltr'><strong><em>cruoribus</em></strong></span> <span class='ocrx_word' id='word_1_181' title='bbox 568 2296 636 2368; x_wconf 87' lang='lat' dir='ltr'><strong><em>(LL.</em></strong></span> <span class='ocrx_word' id='word_1_182' title='bbox 659 2296 725 2352; x_wconf 81' lang='lat' dir='ltr'><strong><em>Sax.</em></strong></span> <span class='ocrx_word' id='word_1_183' title='bbox 742 2312 806 2368; x_wconf 92' lang='lat' dir='ltr'><strong><em>cap.</em></strong></span> <span class='ocrx_word' id='word_1_184' title='bbox 825 2296 874 2363; x_wconf 89' lang='lat' dir='ltr'><strong><em>ll;</em></strong></span> <span class='ocrx_word' id='word_1_185' title='bbox 931 2299 980 2367; x_wconf 91' lang='lat' dir='ltr'><strong><em>tis,</em></strong></span> <span class='ocrx_word' id='word_1_186' title='bbox 997 2305 1026 2356; x_wconf 90' lang='lat' dir='ltr'><strong><em>et</em></strong></span> <span class='ocrx_word' id='word_1_187' title='bbox 1040 2301 1076 2356; x_wconf 92' lang='lat' dir='ltr'><strong><em>ab</em></strong></span> <span class='ocrx_word' id='word_1_188' title='bbox 1091 2300 1136 2356; x_wconf 89' lang='lat' dir='ltr'><strong><em>ira</em></strong></span> <span class='ocrx_word' id='word_1_189' title='bbox 1150 2301 1200 2356; x_wconf 87' lang='lat' dir='ltr'><strong><em>Dei</em></strong></span> <span class='ocrx_word' id='word_1_190' title='bbox 1215 2304 1243 2356; x_wconf 91' lang='lat' dir='ltr'><strong><em>et</em></strong></span> <span class='ocrx_word' id='word_1_191' title='bbox 1257 2301 1490 2374; x_wconf 80' lang='lat' dir='ltr'><strong><em>transgressione</em></strong></span> <span class='ocrx_word' id='word_1_192' title='bbox 1501 2319 1575 2359; x_wconf 89' lang='lat' dir='ltr'><strong><em>mea.</em></strong></span> 
     </span>
     <span class='ocr_line' id='line_1_18' title="bbox 84 2389 1756 2469; baseline -0.003 -14"><span class='ocrx_word' id='word_1_193' title='bbox 84 2399 165 2457; x_wconf 81' lang='lat' dir='ltr'><strong><em>iarn.</em></strong></span> <span class='ocrx_word' id='word_1_194' title='bbox 182 2413 248 2469; x_wconf 85' lang='lat' dir='ltr'><strong><em>cap.</em></strong></span> <span class='ocrx_word' id='word_1_195' title='bbox 261 2395 319 2463; x_wconf 83' lang='grc'>20).</span> <span class='ocrx_word' id='word_1_196' title='bbox 968 2389 1013 2446; x_wconf 91' lang='lat' dir='ltr'><strong><em>ill.</em></strong></span> <span class='ocrx_word' id='word_1_197' title='bbox 1030 2391 1104 2464; x_wconf 85' lang='lat' dir='ltr'><strong><em>Ergo</em></strong></span> <span class='ocrx_word' id='word_1_198' title='bbox 1119 2389 1295 2447; x_wconf 70' lang='lat' dir='ltr'><strong><em>adelstanus</em></strong></span> <span class='ocrx_word' id='word_1_199' title='bbox 1310 2407 1360 2447; x_wconf 83' lang='lat' dir='ltr'><strong><em>rex</em></strong></span> <span class='ocrx_word' id='word_1_200' title='bbox 1370 2390 1488 2447; x_wconf 88' lang='lat' dir='ltr'><strong><em>notifico</em></strong></span> <span class='ocrx_word' id='word_1_201' title='bbox 1503 2391 1668 2464; x_wconf 74' lang='lat' dir='ltr'><strong><em>prepositis</em></strong></span> <span class='ocrx_word' id='word_1_202' title='bbox 1683 2391 1756 2455; x_wconf 86' lang='lat' dir='ltr'><strong><em>meis</em></strong></span> 
     </span>
     <span class='ocr_line' id='line_1_19' title="bbox 56 2474 1757 2561; baseline -0.001 -20"><span class='ocrx_word' id='word_1_203' title='bbox 56 2488 104 2546; x_wconf 73' lang='lat' dir='ltr'><strong><em>ill.</em></strong></span> <span class='ocrx_word' id='word_1_204' title='bbox 118 2494 161 2546; x_wconf 80' lang='lat' dir='ltr'><strong><em>De</em></strong></span> <span class='ocrx_word' id='word_1_205' title='bbox 173 2484 380 2561; x_wconf 62' lang='lat' dir='ltr'><strong><em>preparatione</em></strong></span> <span class='ocrx_word' id='word_1_206' title='bbox 395 2478 579 2550; x_wconf 67' lang='lat' dir='ltr'><strong><em>aggredientis</em></strong></span> <span class='ocrx_word' id='word_1_207' title='bbox 589 2474 876 2546; x_wconf 63' lang='lat' dir='ltr'><strong><em>oreattumtbbbax.</em></strong></span> <span class='ocrx_word' id='word_1_208' title='bbox 931 2479 1070 2536; x_wconf 91' lang='lat' dir='ltr'><strong><em>omnibus</em></strong></span> <span class='ocrx_word' id='word_1_209' title='bbox 1084 2480 1114 2536; x_wconf 91' lang='lat' dir='ltr'><strong><em>in</em></strong></span> <span class='ocrx_word' id='word_1_210' title='bbox 1130 2496 1219 2553; x_wconf 90' lang='lat' dir='ltr'><strong><em>regno</em></strong></span> <span class='ocrx_word' id='word_1_211' title='bbox 1235 2497 1299 2536; x_wconf 88' lang='lat' dir='ltr'><strong><em>meo</em></strong></span> <span class='ocrx_word' id='word_1_212' title='bbox 1315 2480 1393 2553; x_wconf 88' lang='lat' dir='ltr'><strong><em>quod</em></strong></span> <span class='ocrx_word' id='word_1_213' title='bbox 1409 2479 1532 2536; x_wconf 89' lang='lat' dir='ltr'><strong><em>concilio</em></strong></span> <span class='ocrx_word' id='word_1_214' title='bbox 1546 2479 1694 2537; x_wconf 89' lang='lat' dir='ltr'><strong><em>Wolfelmi</em></strong></span> <span class='ocrx_word' id='word_1_215' title='bbox 1710 2499 1757 2539; x_wconf 90' lang='lat' dir='ltr'><strong><em>ar·</em></strong></span> 
     </span>
     <span class='ocr_line' id='line_1_20' title="bbox 86 2567 1755 2648; baseline 0.005 -31"><span class='ocrx_word' id='word_1_216' title='bbox 86 2597 127 2648; x_wconf 43' lang='lat'><strong><em>0.;</em></strong></span> <span class='ocrx_word' id='word_1_217' title='bbox 142 2578 228 2634; x_wconf 74' lang='lat' dir='ltr'><strong><em>J0m‚</em></strong></span> <span class='ocrx_word' id='word_1_218' title='bbox 242 2589 305 2646; x_wconf 57' lang='lat' dir='ltr'><strong><em>sap,</em></strong></span> <span class='ocrx_word' id='word_1_219' title='bbox 322 2571 377 2642; x_wconf 84' lang='lat'><strong><em>31).</em></strong></span> <span class='ocrx_word' id='word_1_220' title='bbox 931 2567 1109 2642; x_wconf 90' lang='lat' dir='ltr'><strong><em>cbiepiscopi</em></strong></span> <span class='ocrx_word' id='word_1_221' title='bbox 1126 2569 1231 2636; x_wconf 89' lang='lat' dir='ltr'><strong><em>mei,et</em></strong></span> <span class='ocrx_word' id='word_1_222' title='bbox 1245 2568 1378 2626; x_wconf 89' lang='lat' dir='ltr'><strong><em>omnium</em></strong></span> <span class='ocrx_word' id='word_1_223' title='bbox 1394 2569 1600 2643; x_wconf 88' lang='lat' dir='ltr'><strong><em>episcoporum</em></strong></span> <span class='ocrx_word' id='word_1_224' title='bbox 1610 2586 1755 2641; x_wconf 86' lang='lat' dir='ltr'><strong><em>meorum,</em></strong></span> 
     </span>
     <span class='ocr_line' id='line_1_21' title="bbox 57 2651 1755 2756; baseline -0.003 -36"><span class='ocrx_word' id='word_1_225' title='bbox 57 2668 119 2726; x_wconf 79' lang='lat' dir='ltr'><strong><em>tul.</em></strong></span> <span class='ocrx_word' id='word_1_226' title='bbox 135 2673 174 2725; x_wconf 80' lang='lat' dir='ltr'><strong><em>lte</em></strong></span> <span class='ocrx_word' id='word_1_227' title='bbox 186 2668 280 2738; x_wconf 76' lang='lat' dir='ltr'><strong><em>forma</em></strong></span> <span class='ocrx_word' id='word_1_228' title='bbox 289 2659 392 2718; x_wconf 87' lang='lat' dir='ltr'><strong><em>ordalii</em></strong></span> <span class='ocrx_word' id='word_1_229' title='bbox 399 2657 555 2716; x_wconf 84' lang='lat' dir='ltr'><strong><em>celebrandi</em></strong></span> <span class='ocrx_word' id='word_1_230' title='bbox 566 2655 759 2728; x_wconf 88' lang='lat' dir='ltr'><strong><em>(desideratur</em></strong></span> <span class='ocrx_word' id='word_1_231' title='bbox 769 2651 799 2708; x_wconf 92' lang='lat' dir='ltr'><strong><em>in</em></strong></span> <span class='ocrx_word' id='word_1_232' title='bbox 809 2652 875 2708; x_wconf 86' lang='lat' dir='ltr'><strong><em>Sax.</em></strong></span> <span class='ocrx_word' id='word_1_233' title='bbox 891 2688 916 2756; x_wconf 79' lang='lat' dir='ltr'>B</span> <span class='ocrx_word' id='word_1_234' title='bbox 931 2659 959 2710; x_wconf 90' lang='lat' dir='ltr'><strong><em>et</em></strong></span> <span class='ocrx_word' id='word_1_235' title='bbox 974 2655 1025 2711; x_wconf 87' lang='lat' dir='ltr'><strong><em>Dei</em></strong></span> <span class='ocrx_word' id='word_1_236' title='bbox 1048 2655 1261 2724; x_wconf 87' lang='lat' dir='ltr'><strong><em>ministrorum,</em></strong></span> <span class='ocrx_word' id='word_1_237' title='bbox 1278 2657 1314 2711; x_wconf 90' lang='lat' dir='ltr'><strong><em>ad</em></strong></span> <span class='ocrx_word' id='word_1_238' title='bbox 1341 2655 1545 2720; x_wconf 83' lang='lat' dir='ltr'><strong><em>remissionem</em></strong></span> <span class='ocrx_word' id='word_1_239' title='bbox 1570 2661 1755 2730; x_wconf 90' lang='lat' dir='ltr'><strong><em>peccatorum</em></strong></span> 
     </span>
     <span class='ocr_line' id='line_1_22' title="bbox 85 2744 1754 2824; baseline -0.007 -9"><span class='ocrx_word' id='word_1_240' title='bbox 85 2763 110 2815; x_wconf 86' lang='lat' dir='ltr'><strong><em>et</em></strong></span> <span class='ocrx_word' id='word_1_241' title='bbox 124 2757 209 2814; x_wconf 87' lang='lat' dir='ltr'><strong><em>Jorn.</em></strong></span> <span class='ocrx_word' id='word_1_242' title='bbox 226 2753 422 2824; x_wconf 88' lang='lat' dir='ltr'><strong><em>Desumptum</em></strong></span> <span class='ocrx_word' id='word_1_243' title='bbox 437 2751 482 2805; x_wconf 91' lang='lat' dir='ltr'><strong><em>est</em></strong></span> <span class='ocrx_word' id='word_1_244' title='bbox 496 2764 530 2803; x_wconf 83' lang='lat' dir='ltr'><strong><em>ca</em></strong></span> <span class='ocrx_word' id='word_1_245' title='bbox 546 2746 624 2819; x_wconf 90' lang='lat' dir='ltr'><strong><em>regio</em></strong></span> <span class='ocrx_word' id='word_1_246' title='bbox 640 2744 719 2816; x_wconf 81' lang='lat' dir='ltr'><strong><em>ms).</em></strong></span> <span class='ocrx_word' id='word_1_247' title='bbox 931 2761 1063 2800; x_wconf 90' lang='lat' dir='ltr'><strong><em>meorum</em></strong></span> <span class='ocrx_word' id='word_1_248' title='bbox 1074 2750 1103 2801; x_wconf 89' lang='lat' dir='ltr'><strong><em>et</em></strong></span> <span class='ocrx_word' id='word_1_249' title='bbox 1118 2745 1341 2819; x_wconf 88' lang='lat' dir='ltr'><strong><em>acquisitionem</em></strong></span> <span class='ocrx_word' id='word_1_250' title='bbox 1357 2744 1422 2801; x_wconf 82' lang='lat' dir='ltr'><strong><em>vita</em></strong></span> <span class='ocrx_word' id='word_1_251' title='bbox 1435 2751 1558 2816; x_wconf 80' lang='lat' dir='ltr'><strong><em>aterna,</em></strong></span> <span class='ocrx_word' id='word_1_252' title='bbox 1569 2746 1633 2803; x_wconf 88' lang='lat' dir='ltr'><strong><em>volo</em></strong></span> <span class='ocrx_word' id='word_1_253' title='bbox 1649 2752 1680 2803; x_wconf 91' lang='lat' dir='ltr'><strong><em>ut</em></strong></span> <span class='ocrx_word' id='word_1_254' title='bbox 1691 2765 1754 2820; x_wconf 88' lang='lat' dir='ltr'><strong><em>pas-</em></strong></span> 
     </span>
     <span class='ocr_line' id='line_1_23' title="bbox 10 2830 1754 2921; baseline -0.004 -21"><span class='ocrx_word' id='word_1_255' title='bbox 10 2877 12 2921; x_wconf 54' lang='lat'><strong>:</strong></span> <span class='ocrx_word' id='word_1_256' title='bbox 58 2843 377 2919; x_wconf 73' lang='lat' dir='ltr'><strong><em>1X.tttnepotiationon</em></strong></span> <span class='ocrx_word' id='word_1_257' title='bbox 391 2838 498 2911; x_wconf 79' lang='lat' dir='ltr'><strong><em>fiatdic</em></strong></span> <span class='ocrx_word' id='word_1_258' title='bbox 516 2832 874 2905; x_wconf 84' lang='lat' dir='ltr'><strong><em>Dorninioa(LL.Sax.cap.</em></strong></span> <span class='ocrx_word' id='word_1_259' title='bbox 918 2830 1002 2888; x_wconf 74' lang='lat' dir='ltr'><strong><em>&#39;eatis</em></strong></span> <span class='ocrx_word' id='word_1_260' title='bbox 1013 2832 1093 2887; x_wconf 90' lang='lat' dir='ltr'><strong><em>omni</em></strong></span> <span class='ocrx_word' id='word_1_261' title='bbox 1107 2833 1154 2888; x_wconf 87' lang='lat' dir='ltr'><strong><em>via</em></strong></span> <span class='ocrx_word' id='word_1_262' title='bbox 1168 2849 1326 2906; x_wconf 91' lang='lat' dir='ltr'><strong><em>pauperem</em></strong></span> <span class='ocrx_word' id='word_1_263' title='bbox 1342 2851 1434 2890; x_wconf 92' lang='lat' dir='ltr'><strong><em>unum</em></strong></span> <span class='ocrx_word' id='word_1_264' title='bbox 1447 2835 1601 2907; x_wconf 78' lang='lat' dir='ltr'><strong><em>Anglicum</em></strong></span> <span class='ocrx_word' id='word_1_265' title='bbox 1617 2835 1754 2912; x_wconf 87' lang='lat' dir='ltr'><strong><em>indigen-</em></strong></span> 
     </span>
     <span class='ocr_line' id='line_1_24' title="bbox 84 2921 1752 3006; baseline 0.01 -39"><span class='ocrx_word' id='word_1_266' title='bbox 84 2939 132 3006; x_wconf 67' lang='lat'><strong><em>243</em></strong></span> <span class='ocrx_word' id='word_1_267' title='bbox 145 2935 232 2992; x_wconf 35' lang='lat' dir='ltr'><strong><em>quom,</em></strong></span> <span class='ocrx_word' id='word_1_268' title='bbox 249 2947 313 3004; x_wconf 69' lang='lat'><strong>⁰⁸1)-</strong></span> <span class='ocrx_word' id='word_1_269' title='bbox 329 2929 384 2998; x_wconf 70' lang='lat'>32),</span> <span class='ocrx_word' id='word_1_270' title='bbox 930 2923 999 2990; x_wconf 85' lang='lat' dir='ltr'><strong><em>tem,</em></strong></span> <span class='ocrx_word' id='word_1_271' title='bbox 1007 2921 1032 2977; x_wconf 91' lang='lat' dir='ltr'><strong><em>si</em></strong></span> <span class='ocrx_word' id='word_1_272' title='bbox 1046 2922 1085 2977; x_wconf 92' lang='lat' dir='ltr'><strong><em>sit</em></strong></span> <span class='ocrx_word' id='word_1_273' title='bbox 1099 2921 1151 2988; x_wconf 94' lang='lat' dir='ltr'><strong><em>ibi,</em></strong></span> <span class='ocrx_word' id='word_1_274' title='bbox 1166 2922 1210 2978; x_wconf 91' lang='lat' dir='ltr'><strong><em>vel</em></strong></span> <span class='ocrx_word' id='word_1_275' title='bbox 1226 2922 1315 2978; x_wconf 90' lang='lat' dir='ltr'><strong><em>alium</em></strong></span> <span class='ocrx_word' id='word_1_276' title='bbox 1330 2922 1494 2981; x_wconf 87' lang='lat' dir='ltr'><strong><em>inveniatis.</em></strong></span> <span class='ocrx_word' id='word_1_277' title='bbox 1506 2924 1547 2982; x_wconf 89' lang='lat' dir='ltr'><strong><em>De</em></strong></span> <span class='ocrx_word' id='word_1_278' title='bbox 1561 2925 1752 2983; x_wconf 91' lang='lat' dir='ltr'><strong><em>duabusNitb</em></strong></span> 
     </span>
     <span class='ocr_line' id='line_1_25' title="bbox 84 3010 1754 3096; baseline -0.007 -13"><span class='ocrx_word' id='word_1_279' title='bbox 84 3027 114 3083; x_wconf 86' lang='lat' dir='ltr'><strong><em>if.</em></strong></span> <span class='ocrx_word' id='word_1_280' title='bbox 130 3019 367 3096; x_wconf 57' lang='lat' dir='ltr'><strong><em>venerantibus</em></strong></span> <span class='ocrx_word' id='word_1_281' title='bbox 382 3016 448 3090; x_wconf 89' lang='lat' dir='ltr'><strong><em>(LL.</em></strong></span> <span class='ocrx_word' id='word_1_282' title='bbox 469 3015 536 3071; x_wconf 82' lang='lat' dir='ltr'><strong><em>Sex.</em></strong></span> <span class='ocrx_word' id='word_1_283' title='bbox 561 3030 624 3087; x_wconf 90' lang='lat' dir='ltr'><strong><em>cap.</em></strong></span> <span class='ocrx_word' id='word_1_284' title='bbox 646 3013 694 3082; x_wconf 82' lang='lat'><strong><em>25;</em></strong></span> <span class='ocrx_word' id='word_1_285' title='bbox 710 3011 793 3068; x_wconf 86' lang='lat' dir='ltr'><strong><em>Jorn.</em></strong></span> <span class='ocrx_word' id='word_1_286' title='bbox 809 3024 873 3081; x_wconf 89' lang='lat' dir='ltr'><strong><em>cap.</em></strong></span> <span class='ocrx_word' id='word_1_287' title='bbox 928 3010 1022 3066; x_wconf 88' lang='lat' dir='ltr'><strong><em>firmis</em></strong></span> <span class='ocrx_word' id='word_1_288' title='bbox 1038 3012 1123 3068; x_wconf 89' lang='lat' dir='ltr'><strong><em>detur</em></strong></span> <span class='ocrx_word' id='word_1_289' title='bbox 1136 3011 1178 3068; x_wconf 89' lang='lat' dir='ltr'><strong><em>eis</em></strong></span> <span class='ocrx_word' id='word_1_290' title='bbox 1193 3010 1318 3087; x_wconf 88' lang='lat' dir='ltr'><strong><em>singulis</em></strong></span> <span class='ocrx_word' id='word_1_291' title='bbox 1328 3013 1481 3070; x_wconf 87' lang='lat' dir='ltr'><strong><em>mensibus</em></strong></span> <span class='ocrx_word' id='word_1_292' title='bbox 1495 3015 1599 3072; x_wconf 89' lang='lat' dir='ltr'><strong><em>ambra</em></strong></span> <span class='ocrx_word' id='word_1_293' title='bbox 1612 3013 1700 3088; x_wconf 89' lang='lat' dir='ltr'><strong><em>plena</em></strong></span> <span class='ocrx_word' id='word_1_294' title='bbox 1714 3016 1754 3072; x_wconf 91' lang='lat' dir='ltr'><strong><em>fa-</em></strong></span> 
     </span>
     <span class='ocr_line' id='line_1_26' title="bbox 84 3100 1754 3186; baseline 0.008 -37"><span class='ocrx_word' id='word_1_295' title='bbox 84 3117 137 3186; x_wconf 42' lang='grc'><strong><em>34),</em></strong></span> <span class='ocrx_word' id='word_1_296' title='bbox 928 3100 1112 3169; x_wconf 84' lang='lat' dir='ltr'><strong><em>rinae,etuna</em></strong></span> <span class='ocrx_word' id='word_1_297' title='bbox 1126 3101 1272 3174; x_wconf 86' lang='lat' dir='ltr'><strong><em>perna,vel</em></strong></span> <span class='ocrx_word' id='word_1_298' title='bbox 1284 3120 1361 3158; x_wconf 89' lang='lat' dir='ltr'><strong><em>unus</em></strong></span> <span class='ocrx_word' id='word_1_299' title='bbox 1370 3102 1446 3160; x_wconf 87' lang='lat' dir='ltr'><strong><em>aries</em></strong></span> <span class='ocrx_word' id='word_1_300' title='bbox 1460 3104 1615 3176; x_wconf 86' lang='lat' dir='ltr'><strong><em>quivaleat</em></strong></span> <span class='ocrx_word' id='word_1_301' title='bbox 1628 3109 1754 3178; x_wconf 90' lang='lat' dir='ltr'><strong><em>quatuor</em></strong></span> 
     </span>
     <span class='ocr_line' id='line_1_27' title="bbox 59 3189 1753 3275; baseline -0.007 -12"><span class='ocrx_word' id='word_1_302' title='bbox 59 3204 94 3262; x_wconf 76' lang='lat' dir='ltr'><strong><em>xl.</em></strong></span> <span class='ocrx_word' id='word_1_303' title='bbox 107 3206 144 3261; x_wconf 82' lang='lat' dir='ltr'><strong><em>lte</em></strong></span> <span class='ocrx_word' id='word_1_304' title='bbox 159 3202 251 3275; x_wconf 72' lang='lat' dir='ltr'><strong><em>officio</em></strong></span> <span class='ocrx_word' id='word_1_305' title='bbox 265 3197 395 3272; x_wconf 82' lang='lat' dir='ltr'><strong><em>episcopi,</em></strong></span> <span class='ocrx_word' id='word_1_306' title='bbox 420 3203 446 3251; x_wconf 89' lang='lat' dir='ltr'><strong><em>et</em></strong></span> <span class='ocrx_word' id='word_1_307' title='bbox 468 3193 534 3267; x_wconf 79' lang='lat' dir='ltr'><strong><em>auid</em></strong></span> <span class='ocrx_word' id='word_1_308' title='bbox 556 3193 675 3264; x_wconf 87' lang='lat' dir='ltr'><strong><em>pertinet</em></strong></span> <span class='ocrx_word' id='word_1_309' title='bbox 699 3189 735 3245; x_wconf 92' lang='lat' dir='ltr'><strong><em>ad</em></strong></span> <span class='ocrx_word' id='word_1_310' title='bbox 751 3189 874 3262; x_wconf 66' lang='lat' dir='ltr'><strong><em>officium</em></strong></span> <span class='ocrx_word' id='word_1_311' title='bbox 929 3189 1076 3261; x_wconf 83' lang='lat' dir='ltr'><strong><em>denarios,</em></strong></span> <span class='ocrx_word' id='word_1_312' title='bbox 1087 3195 1116 3247; x_wconf 91' lang='lat' dir='ltr'><strong><em>et</em></strong></span> <span class='ocrx_word' id='word_1_313' title='bbox 1129 3192 1205 3248; x_wconf 88' lang='lat' dir='ltr'><strong><em>casei</em></strong></span> <span class='ocrx_word' id='word_1_314' title='bbox 1218 3195 1344 3264; x_wconf 90' lang='lat' dir='ltr'><strong><em>quatuor</em></strong></span> <span class='ocrx_word' id='word_1_315' title='bbox 1361 3209 1367 3248; x_wconf 90' lang='lat'><strong>:</strong></span> <span class='ocrx_word' id='word_1_316' title='bbox 1384 3197 1414 3248; x_wconf 88' lang='lat' dir='ltr'><strong><em>et</em></strong></span> <span class='ocrx_word' id='word_1_317' title='bbox 1428 3192 1458 3249; x_wconf 93' lang='lat' dir='ltr'><strong><em>in</em></strong></span> <span class='ocrx_word' id='word_1_318' title='bbox 1473 3193 1559 3250; x_wconf 83' lang='lat' dir='ltr'><strong><em>tertia</em></strong></span> <span class='ocrx_word' id='word_1_319' title='bbox 1574 3194 1621 3251; x_wconf 93' lang='lat' dir='ltr'><strong><em>die</em></strong></span> <span class='ocrx_word' id='word_1_320' title='bbox 1637 3194 1753 3253; x_wconf 82' lang='lat' dir='ltr'><strong><em>Pascha</em></strong></span> 
     </span>
     <span class='ocr_line' id='line_1_28' title="bbox 86 3279 1753 3367; baseline -0.002 -21"><span class='ocrx_word' id='word_1_321' title='bbox 86 3296 139 3367; x_wconf 60' lang='lat' dir='ltr'><strong><em>aaa</em></strong></span> <span class='ocrx_word' id='word_1_322' title='bbox 154 3290 226 3362; x_wconf 84' lang='lat' dir='ltr'><strong><em>(LL.</em></strong></span> <span class='ocrx_word' id='word_1_323' title='bbox 243 3289 308 3345; x_wconf 84' lang='lat' dir='ltr'><strong><em>Sax.</em></strong></span> <span class='ocrx_word' id='word_1_324' title='bbox 327 3303 370 3354; x_wconf 91' lang='lat'><strong><em>0.;</em></strong></span> <span class='ocrx_word' id='word_1_325' title='bbox 386 3284 468 3340; x_wconf 86' lang='lat' dir='ltr'><strong><em>torn.</em></strong></span> <span class='ocrx_word' id='word_1_326' title='bbox 485 3299 548 3356; x_wconf 91' lang='lat' dir='ltr'><strong><em>cap.</em></strong></span> <span class='ocrx_word' id='word_1_327' title='bbox 566 3279 721 3354; x_wconf 86' lang='lat' dir='ltr'><strong><em>sequenti).</em></strong></span> <span class='ocrx_word' id='word_1_328' title='bbox 928 3279 1049 3353; x_wconf 88' lang='lat' dir='ltr'><strong><em>triginta</em></strong></span> <span class='ocrx_word' id='word_1_329' title='bbox 1072 3280 1183 3337; x_wconf 90' lang='lat' dir='ltr'><strong><em>denarii</em></strong></span> <span class='ocrx_word' id='word_1_330' title='bbox 1206 3282 1242 3338; x_wconf 90' lang='lat' dir='ltr'><strong><em>ad</em></strong></span> <span class='ocrx_word' id='word_1_331' title='bbox 1265 3281 1403 3338; x_wconf 80' lang='lat' dir='ltr'><strong><em>vestitum</em></strong></span> <span class='ocrx_word' id='word_1_332' title='bbox 1433 3282 1586 3340; x_wconf 89' lang='lat' dir='ltr'><strong><em>duodecim</em></strong></span> <span class='ocrx_word' id='word_1_333' title='bbox 1606 3285 1753 3342; x_wconf 88' lang='lat' dir='ltr'><strong><em>mensium</em></strong></span> 
     </span>
     <span class='ocr_line' id='line_1_29' title="bbox 61 3368 1752 3454; baseline -0.002 -20"><span class='ocrx_word' id='word_1_334' title='bbox 61 3382 107 3440; x_wconf 81' lang='lat' dir='ltr'><strong><em>ill.</em></strong></span> <span class='ocrx_word' id='word_1_335' title='bbox 123 3379 205 3454; x_wconf 84' lang='lat' dir='ltr'><strong><em>Quod</em></strong></span> <span class='ocrx_word' id='word_1_336' title='bbox 220 3378 297 3436; x_wconf 88' lang='lat' dir='ltr'><strong><em>omni</em></strong></span> <span class='ocrx_word' id='word_1_337' title='bbox 311 3375 356 3431; x_wconf 86' lang='lat' dir='ltr'><strong><em>die</em></strong></span> <span class='ocrx_word' id='word_1_338' title='bbox 372 3375 486 3430; x_wconf 84' lang='lat' dir='ltr'><strong><em>Veneris</em></strong></span> <span class='ocrx_word' id='word_1_339' title='bbox 499 3388 550 3445; x_wconf 87' lang='lat' dir='ltr'><strong><em>pro</em></strong></span> <span class='ocrx_word' id='word_1_340' title='bbox 565 3387 627 3440; x_wconf 77' lang='lat' dir='ltr'><strong><em>reae</em></strong></span> <span class='ocrx_word' id='word_1_341' title='bbox 650 3376 675 3425; x_wconf 91' lang='lat' dir='ltr'><strong><em>et</em></strong></span> <span class='ocrx_word' id='word_1_342' title='bbox 687 3368 787 3441; x_wconf 83' lang='lat' dir='ltr'><strong><em>populo</em></strong></span> <span class='ocrx_word' id='word_1_343' title='bbox 808 3383 874 3422; x_wconf 89' lang='lat' dir='ltr'><strong><em>can·</em></strong></span> <span class='ocrx_word' id='word_1_344' title='bbox 929 3385 1106 3443; x_wconf 86' lang='lat' dir='ltr'><strong><em>unoquoque</em></strong></span> <span class='ocrx_word' id='word_1_345' title='bbox 1121 3387 1206 3427; x_wconf 92' lang='lat' dir='ltr'><strong><em>anno.</em></strong></span> <span class='ocrx_word' id='word_1_346' title='bbox 1225 3370 1260 3425; x_wconf 82' lang='lat' dir='ltr'><strong><em>Et</em></strong></span> <span class='ocrx_word' id='word_1_347' title='bbox 1271 3369 1401 3427; x_wconf 88' lang='lat' dir='ltr'><strong><em>liberetis</em></strong></span> <span class='ocrx_word' id='word_1_348' title='bbox 1425 3388 1516 3426; x_wconf 92' lang='lat' dir='ltr'><strong><em>unum</em></strong></span> <span class='ocrx_word' id='word_1_349' title='bbox 1540 3372 1752 3444; x_wconf 80' lang='lat' dir='ltr'><strong><em>uiretlteoune,</em></strong></span> 
     </span>
     <span class='ocr_line' id='line_1_30' title="bbox 86 3457 1755 3540; baseline -0.006 -12"><span class='ocrx_word' id='word_1_350' title='bbox 86 3471 236 3529; x_wconf 70' lang='lat' dir='ltr'><strong><em>aarum</em></strong></span> <span class='ocrx_word' id='word_1_351' title='bbox 252 3465 383 3540; x_wconf 79' lang='lat' dir='ltr'><strong><em>apsalmi</em></strong></span> <span class='ocrx_word' id='word_1_352' title='bbox 397 3461 496 3535; x_wconf 78' lang='lat' dir='ltr'><strong><em>(Cone.</em></strong></span> <span class='ocrx_word' id='word_1_353' title='bbox 512 3462 602 3516; x_wconf 78' lang='lat' dir='ltr'><strong><em>Euan.</em></strong></span> <span class='ocrx_word' id='word_1_354' title='bbox 619 3460 649 3514; x_wconf 90' lang='lat' dir='ltr'><strong><em>in</em></strong></span> <span class='ocrx_word' id='word_1_355' title='bbox 667 3459 722 3513; x_wconf 90' lang='lat' dir='ltr'><strong><em>LL.</em></strong></span> <span class='ocrx_word' id='word_1_356' title='bbox 734 3457 872 3528; x_wconf 69' lang='lat' dir='ltr'><strong><em>Saacap.</em></strong></span> <span class='ocrx_word' id='word_1_357' title='bbox 929 3458 958 3514; x_wconf 93' lang='lat' dir='ltr'><strong><em>id</em></strong></span> <span class='ocrx_word' id='word_1_358' title='bbox 973 3463 1029 3526; x_wconf 85' lang='lat' dir='ltr'><strong><em>ast,</em></strong></span> <span class='ocrx_word' id='word_1_359' title='bbox 1037 3460 1219 3515; x_wconf 88' lang='lat' dir='ltr'><strong><em>forisfactum</em></strong></span> <span class='ocrx_word' id='word_1_360' title='bbox 1235 3476 1362 3516; x_wconf 88' lang='lat' dir='ltr'><strong><em>servum.</em></strong></span> <span class='ocrx_word' id='word_1_361' title='bbox 1374 3461 1410 3516; x_wconf 83' lang='lat' dir='ltr'><strong><em>Et</em></strong></span> <span class='ocrx_word' id='word_1_362' title='bbox 1425 3459 1479 3516; x_wconf 93' lang='lat' dir='ltr'><strong><em>boc</em></strong></span> <span class='ocrx_word' id='word_1_363' title='bbox 1490 3464 1583 3518; x_wconf 91' lang='lat' dir='ltr'><strong><em>totum</em></strong></span> <span class='ocrx_word' id='word_1_364' title='bbox 1598 3467 1755 3537; x_wconf 83' lang='lat' dir='ltr'><strong><em>peragatur</em></strong></span> 
     </span>
     <span class='ocr_line' id='line_1_31' title="bbox 86 3547 1754 3632; baseline 0.006 -35"><span class='ocrx_word' id='word_1_365' title='bbox 86 3563 116 3632; x_wconf 64' lang='lat'><strong><em>33</em></strong></span> <span class='ocrx_word' id='word_1_366' title='bbox 131 3561 216 3618; x_wconf 65' lang='lat' dir='ltr'><strong><em>gom,</em></strong></span> <span class='ocrx_word' id='word_1_367' title='bbox 232 3573 296 3630; x_wconf 58' lang='lat'><strong><em>029,</em></strong></span> <span class='ocrx_word' id='word_1_368' title='bbox 312 3554 349 3628; x_wconf 80' lang='grc'><strong><em>6),</em></strong></span> <span class='ocrx_word' id='word_1_369' title='bbox 928 3547 957 3603; x_wconf 90' lang='lat' dir='ltr'><strong><em>in</em></strong></span> <span class='ocrx_word' id='word_1_370' title='bbox 975 3548 1175 3604; x_wconf 86' lang='lat' dir='ltr'><strong><em>misericordia</em></strong></span> <span class='ocrx_word' id='word_1_371' title='bbox 1190 3549 1238 3604; x_wconf 74' lang='lat' dir='ltr'><strong><em>liei</em></strong></span> <span class='ocrx_word' id='word_1_372' title='bbox 1254 3552 1283 3603; x_wconf 90' lang='lat' dir='ltr'><strong><em>et</em></strong></span> <span class='ocrx_word' id='word_1_373' title='bbox 1298 3547 1427 3604; x_wconf 90' lang='lat' dir='ltr'><strong><em>amicitia</em></strong></span> <span class='ocrx_word' id='word_1_374' title='bbox 1452 3565 1527 3616; x_wconf 86' lang='lat' dir='ltr'><strong><em>mea,</em></strong></span> <span class='ocrx_word' id='word_1_375' title='bbox 1543 3550 1597 3606; x_wconf 91' lang='lat' dir='ltr'><strong><em>sub</em></strong></span> <span class='ocrx_word' id='word_1_376' title='bbox 1618 3549 1754 3607; x_wconf 88' lang='lat' dir='ltr'><strong><em>testimo·</em></strong></span> 
     </span>
     <span class='ocr_line' id='line_1_32' title="bbox 61 3634 1753 3715; baseline -0.008 -6"><span class='ocrx_word' id='word_1_377' title='bbox 61 3649 119 3710; x_wconf 76' lang='lat' dir='ltr'><strong><em>tut</em></strong></span> <span class='ocrx_word' id='word_1_378' title='bbox 136 3642 476 3715; x_wconf 64' lang='lat' dir='ltr'><strong><em>venenisuenenis,</em></strong></span> <span class='ocrx_word' id='word_1_379' title='bbox 493 3641 521 3696; x_wconf 89' lang='lat' dir='ltr'><strong><em>id</em></strong></span> <span class='ocrx_word' id='word_1_380' title='bbox 544 3648 583 3696; x_wconf 87' lang='lat' dir='ltr'><strong><em>est</em></strong></span> <span class='ocrx_word' id='word_1_381' title='bbox 606 3641 727 3713; x_wconf 81' lang='lat' dir='ltr'><strong><em>capitana</em></strong></span> <span class='ocrx_word' id='word_1_382' title='bbox 749 3640 873 3695; x_wconf 79' lang='lat' dir='ltr'><strong><em>aestima·</em></strong></span> <span class='ocrx_word' id='word_1_383' title='bbox 928 3634 976 3692; x_wconf 91' lang='lat' dir='ltr'><strong><em>nio</em></strong></span> <span class='ocrx_word' id='word_1_384' title='bbox 989 3636 1119 3710; x_wconf 89' lang='lat' dir='ltr'><strong><em>episcopi</em></strong></span> <span class='ocrx_word' id='word_1_385' title='bbox 1135 3636 1164 3691; x_wconf 92' lang='lat' dir='ltr'><strong><em>in</em></strong></span> <span class='ocrx_word' id='word_1_386' title='bbox 1181 3638 1266 3709; x_wconf 87' lang='lat' dir='ltr'><strong><em>cujus</em></strong></span> <span class='ocrx_word' id='word_1_387' title='bbox 1281 3636 1449 3709; x_wconf 89' lang='lat' dir='ltr'><strong><em>episcopatu</em></strong></span> <span class='ocrx_word' id='word_1_388' title='bbox 1464 3636 1559 3697; x_wconf 72' lang='lat' dir='ltr'><strong><em>sitiit</em></strong></span> <span class='ocrx_word' id='word_1_389' title='bbox 1574 3638 1598 3695; x_wconf 88' lang='lat' dir='ltr'><strong><em>ei</em></strong></span> <span class='ocrx_word' id='word_1_390' title='bbox 1613 3639 1753 3712; x_wconf 81' lang='lat' dir='ltr'><strong><em>preposi-</em></strong></span> 
     </span>
     <span class='ocr_line' id='line_1_33' title="bbox 86 3724 1753 3811; baseline -0.007 -16"><span class='ocrx_word' id='word_1_391' title='bbox 86 3741 205 3799; x_wconf 81' lang='lat' dir='ltr'><strong><em>tiaaioua</em></strong></span> <span class='ocrx_word' id='word_1_392' title='bbox 229 3735 296 3811; x_wconf 85' lang='lat' dir='ltr'><strong><em>(LL.</em></strong></span> <span class='ocrx_word' id='word_1_393' title='bbox 322 3735 389 3792; x_wconf 80' lang='lat' dir='ltr'><strong><em>Sax.</em></strong></span> <span class='ocrx_word' id='word_1_394' title='bbox 414 3748 477 3803; x_wconf 88' lang='lat' dir='ltr'><strong><em>cap.</em></strong></span> <span class='ocrx_word' id='word_1_395' title='bbox 500 3728 620 3799; x_wconf 85' lang='lat' dir='ltr'><strong><em>nltim0;</em></strong></span> <span class='ocrx_word' id='word_1_396' title='bbox 636 3729 718 3784; x_wconf 79' lang='lat' dir='ltr'><strong><em>torn.</em></strong></span> <span class='ocrx_word' id='word_1_397' title='bbox 740 3744 803 3800; x_wconf 91' lang='lat' dir='ltr'><strong><em>cap.</em></strong></span> <span class='ocrx_word' id='word_1_398' title='bbox 828 3742 872 3782; x_wconf 91' lang='lat' dir='ltr'><strong><em>se·</em></strong></span> <span class='ocrx_word' id='word_1_399' title='bbox 927 3728 977 3782; x_wconf 87' lang='lat' dir='ltr'><strong><em>tus</em></strong></span> <span class='ocrx_word' id='word_1_400' title='bbox 992 3725 1048 3781; x_wconf 90' lang='lat' dir='ltr'><strong><em>hoc</em></strong></span> <span class='ocrx_word' id='word_1_401' title='bbox 1059 3729 1254 3798; x_wconf 88' lang='lat' dir='ltr'><strong><em>superteneat,</em></strong></span> <span class='ocrx_word' id='word_1_402' title='bbox 1271 3724 1406 3781; x_wconf 90' lang='lat' dir='ltr'><strong><em>emendet</em></strong></span> <span class='ocrx_word' id='word_1_403' title='bbox 1420 3741 1475 3781; x_wconf 73' lang='lat' dir='ltr'><strong><em>aaa</em></strong></span> <span class='ocrx_word' id='word_1_404' title='bbox 1490 3724 1544 3796; x_wconf 86' lang='lat' dir='ltr'><strong><em>sol,</em></strong></span> <span class='ocrx_word' id='word_1_405' title='bbox 1559 3731 1588 3783; x_wconf 87' lang='lat' dir='ltr'><strong><em>et</em></strong></span> <span class='ocrx_word' id='word_1_406' title='bbox 1606 3727 1753 3784; x_wconf 87' lang='lat' dir='ltr'><strong><em>dividatur</em></strong></span> 
     </span>
     <span class='ocr_line' id='line_1_34' title="bbox 87 3813 1751 3904; baseline 0.004 -39"><span class='ocrx_word' id='word_1_407' title='bbox 87 3828 206 3904; x_wconf 45' lang='lat' dir='ltr'><strong><em>quenti),</em></strong></span> <span class='ocrx_word' id='word_1_408' title='bbox 927 3815 987 3871; x_wconf 85' lang='lat' dir='ltr'><strong><em>baec</em></strong></span> <span class='ocrx_word' id='word_1_409' title='bbox 1004 3813 1127 3887; x_wconf 86' lang='lat' dir='ltr'><strong><em>pecunia</em></strong></span> <span class='ocrx_word' id='word_1_410' title='bbox 1138 3832 1189 3888; x_wconf 88' lang='lat' dir='ltr'><strong><em>per</em></strong></span> <span class='ocrx_word' id='word_1_411' title='bbox 1202 3813 1405 3870; x_wconf 87' lang='lat' dir='ltr'><strong><em>testimonium</em></strong></span> <span class='ocrx_word' id='word_1_412' title='bbox 1425 3813 1552 3888; x_wconf 87' lang='lat' dir='ltr'><strong><em>episcopi</em></strong></span> <span class='ocrx_word' id='word_1_413' title='bbox 1568 3815 1751 3889; x_wconf 87' lang='lat' dir='ltr'><strong><em>pauperiori·</em></strong></span> 
     </span>
     <span class='ocr_line' id='line_1_35' title="bbox 367 3902 1753 3976; baseline -0.003 -10"><span class='ocrx_word' id='word_1_414' title='bbox 367 3908 551 3966; x_wconf 79' lang='lat' dir='ltr'><strong>CAPITULA.</strong></span> <span class='ocrx_word' id='word_1_415' title='bbox 927 3903 983 3959; x_wconf 86' lang='lat' dir='ltr'><strong><em>bus</em></strong></span> <span class='ocrx_word' id='word_1_416' title='bbox 996 3903 1046 3976; x_wconf 89' lang='lat' dir='ltr'><strong><em>qui</em></strong></span> <span class='ocrx_word' id='word_1_417' title='bbox 1061 3903 1092 3959; x_wconf 91' lang='lat' dir='ltr'><strong><em>in</em></strong></span> <span class='ocrx_word' id='word_1_418' title='bbox 1107 3904 1171 3976; x_wconf 90' lang='lat' dir='ltr'><strong><em>ipsa</em></strong></span> <span class='ocrx_word' id='word_1_419' title='bbox 1185 3903 1254 3958; x_wconf 90' lang='lat' dir='ltr'><strong><em>villa</em></strong></span> <span class='ocrx_word' id='word_1_420' title='bbox 1269 3906 1355 3959; x_wconf 89' lang='lat' dir='ltr'><strong><em>erunt</em></strong></span> <span class='ocrx_word' id='word_1_421' title='bbox 1370 3903 1420 3958; x_wconf 93' lang='lat' dir='ltr'><strong><em>ubi</em></strong></span> <span class='ocrx_word' id='word_1_422' title='bbox 1431 3902 1486 3960; x_wconf 92' lang='lat' dir='ltr'><strong><em>hoc</em></strong></span> <span class='ocrx_word' id='word_1_423' title='bbox 1499 3904 1623 3961; x_wconf 88' lang='lat' dir='ltr'><strong><em>nonfuit</em></strong></span> <span class='ocrx_word' id='word_1_424' title='bbox 1636 3921 1753 3963; x_wconf 84' lang='lat' dir='ltr'><strong><em>exsecu-</em></strong></span> 
     </span>
    </p>
   </div>
   <div class='ocr_carea' id='block_1_5' title="bbox 64 3997 1755 4180">
    <p class='ocr_par' dir='ltr' id='par_1_5' title="bbox 64 3997 1755 4180">
     <span class='ocr_line' id='line_1_36' title="bbox 87 3997 1002 4090; baseline -0.031 -16"><span class='ocrx_word' id='word_1_425' title='bbox 87 4016 181 4090; x_wconf 75' lang='lat' dir='ltr'><strong><em>llige</em></strong></span> <span class='ocrx_word' id='word_1_426' title='bbox 197 4010 375 4069; x_wconf 69' lang='lat' dir='ltr'><strong><em>adelstanus</em></strong></span> <span class='ocrx_word' id='word_1_427' title='bbox 389 4026 439 4065; x_wconf 78' lang='lat' dir='ltr'><strong><em>rex</em></strong></span> <span class='ocrx_word' id='word_1_428' title='bbox 454 4005 576 4063; x_wconf 88' lang='lat' dir='ltr'><strong><em>concilio</em></strong></span> <span class='ocrx_word' id='word_1_429' title='bbox 588 4003 714 4063; x_wconf 87' lang='lat' dir='ltr'><strong><em>Wlfclmi</em></strong></span> <span class='ocrx_word' id='word_1_430' title='bbox 730 4001 872 4075; x_wconf 89' lang='lat' dir='ltr'><strong><em>archiepi-</em></strong></span> <span class='ocrx_word' id='word_1_431' title='bbox 906 4024 912 4031; x_wconf 95' lang='lat'>·</span> <span class='ocrx_word' id='word_1_432' title='bbox 927 3997 1002 4050; x_wconf 82' lang='lat' dir='ltr'><strong><em>tum.</em></strong></span> 
     </span>
     <span class='ocr_line' id='line_1_37' title="bbox 64 4060 1755 4180; baseline -0.013 -16"><span class='ocrx_word' id='word_1_433' title='bbox 64 4106 129 4180; x_wconf 77' lang='lat' dir='ltr'><strong><em>tropi</em></strong></span> <span class='ocrx_word' id='word_1_434' title='bbox 140 4103 210 4173; x_wconf 91' lang='lat' dir='ltr'><strong><em>mei,</em></strong></span> <span class='ocrx_word' id='word_1_435' title='bbox 222 4099 385 4158; x_wconf 86' lang='lat' dir='ltr'><strong><em>etaliorum</em></strong></span> <span class='ocrx_word' id='word_1_436' title='bbox 401 4097 604 4170; x_wconf 89' lang='lat' dir='ltr'><strong><em>episcoporum</em></strong></span> <span class='ocrx_word' id='word_1_437' title='bbox 619 4060 909 4162; x_wconf 82' lang='lat' dir='ltr'><strong><em>meorum,mand0C</em></strong></span> <span class='ocrx_word' id='word_1_438' title='bbox 968 4083 1013 4139; x_wconf 91' lang='lat' dir='ltr'><strong><em>lV.</em></strong></span> <span class='ocrx_word' id='word_1_439' title='bbox 1030 4085 1065 4139; x_wconf 78' lang='lat' dir='ltr'><strong><em>lit</em></strong></span> <span class='ocrx_word' id='word_1_440' title='bbox 1089 4083 1124 4139; x_wconf 91' lang='lat' dir='ltr'><strong><em>de</em></strong></span> <span class='ocrx_word' id='word_1_441' title='bbox 1149 4082 1316 4138; x_wconf 81' lang='lat' dir='ltr'><strong><em>infracturis</em></strong></span> <span class='ocrx_word' id='word_1_442' title='bbox 1340 4081 1540 4150; x_wconf 87' lang='lat' dir='ltr'><strong><em>aeclesiarum,</em></strong></span> <span class='ocrx_word' id='word_1_443' title='bbox 1557 4085 1581 4140; x_wconf 91' lang='lat' dir='ltr'><strong><em>si</em></strong></span> <span class='ocrx_word' id='word_1_444' title='bbox 1605 4084 1672 4157; x_wconf 91' lang='lat' dir='ltr'><strong><em>quis</em></strong></span> <span class='ocrx_word' id='word_1_445' title='bbox 1688 4102 1755 4143; x_wconf 85' lang='lat' dir='ltr'><strong><em>reus</em></strong></span> 
     </span>
    </p>
   </div>
   <div class='ocr_carea' id='block_1_6' title="bbox 10 4170 1764 5694">
    <p class='ocr_par' dir='ltr' id='par_1_6' title="bbox 64 4170 1757 4357">
     <span class='ocr_line' id='line_1_38' title="bbox 64 4170 1757 4269; baseline -0.013 -18"><span class='ocrx_word' id='word_1_446' title='bbox 64 4193 216 4269; x_wconf 77' lang='lat' dir='ltr'><strong><em>prepositis</em></strong></span> <span class='ocrx_word' id='word_1_447' title='bbox 243 4190 318 4246; x_wconf 92' lang='lat' dir='ltr'><strong><em>meis</em></strong></span> <span class='ocrx_word' id='word_1_448' title='bbox 345 4187 483 4244; x_wconf 90' lang='lat' dir='ltr'><strong><em>omnibus</em></strong></span> <span class='ocrx_word' id='word_1_449' title='bbox 512 4186 542 4240; x_wconf 90' lang='lat' dir='ltr'><strong><em>in</em></strong></span> <span class='ocrx_word' id='word_1_450' title='bbox 569 4187 629 4239; x_wconf 90' lang='lat' dir='ltr'><strong><em>toto</em></strong></span> <span class='ocrx_word' id='word_1_451' title='bbox 649 4199 738 4256; x_wconf 91' lang='lat' dir='ltr'><strong><em>regno</em></strong></span> <span class='ocrx_word' id='word_1_452' title='bbox 758 4199 833 4249; x_wconf 87' lang='lat' dir='ltr'><strong><em>meo,</em></strong></span> <span class='ocrx_word' id='word_1_453' title='bbox 849 4185 877 4236; x_wconf 91' lang='lat' dir='ltr'><strong><em>et</em></strong></span> <span class='ocrx_word' id='word_1_454' title='bbox 931 4177 1071 4246; x_wconf 85' lang='lat' dir='ltr'><strong><em>appareat</em></strong></span> <span class='ocrx_word' id='word_1_455' title='bbox 1086 4173 1116 4228; x_wconf 92' lang='lat' dir='ltr'><strong><em>in</em></strong></span> <span class='ocrx_word' id='word_1_456' title='bbox 1132 4170 1240 4244; x_wconf 87' lang='lat' dir='ltr'><strong><em>triplici</em></strong></span> <span class='ocrx_word' id='word_1_457' title='bbox 1257 4170 1379 4241; x_wconf 88' lang='lat' dir='ltr'><strong><em>ordalio,</em></strong></span> <span class='ocrx_word' id='word_1_458' title='bbox 1397 4172 1567 4229; x_wconf 89' lang='lat' dir='ltr'><strong><em>emendetur</em></strong></span> <span class='ocrx_word' id='word_1_459' title='bbox 1581 4173 1659 4230; x_wconf 91' lang='lat' dir='ltr'><strong><em>sicut</em></strong></span> <span class='ocrx_word' id='word_1_460' title='bbox 1677 4174 1757 4246; x_wconf 89' lang='lat' dir='ltr'><strong><em>judi-</em></strong></span> 
     </span>
     <span class='ocr_line' id='line_1_39' title="bbox 64 4262 1200 4357; baseline -0.021 -17"><span class='ocrx_word' id='word_1_461' title='bbox 64 4284 186 4357; x_wconf 74' lang='lat' dir='ltr'><strong><em>praeipio</em></strong></span> <span class='ocrx_word' id='word_1_462' title='bbox 198 4283 229 4338; x_wconf 93' lang='lat' dir='ltr'><strong><em>in</em></strong></span> <span class='ocrx_word' id='word_1_463' title='bbox 245 4279 363 4336; x_wconf 90' lang='lat' dir='ltr'><strong><em>nomine</em></strong></span> <span class='ocrx_word' id='word_1_464' title='bbox 378 4274 495 4334; x_wconf 85' lang='lat' dir='ltr'><strong><em>Domini</em></strong></span> <span class='ocrx_word' id='word_1_465' title='bbox 508 4278 538 4331; x_wconf 93' lang='lat' dir='ltr'><strong><em>et</em></strong></span> <span class='ocrx_word' id='word_1_466' title='bbox 552 4276 720 4330; x_wconf 88' lang='lat' dir='ltr'><strong><em>sauctorum</em></strong></span> <span class='ocrx_word' id='word_1_467' title='bbox 732 4271 875 4341; x_wconf 91' lang='lat' dir='ltr'><strong><em>omnium,</em></strong></span> <span class='ocrx_word' id='word_1_468' title='bbox 932 4262 1015 4319; x_wconf 92' lang='lat' dir='ltr'><strong><em>cialis</em></strong></span> <span class='ocrx_word' id='word_1_469' title='bbox 1030 4262 1104 4318; x_wconf 88' lang='lat' dir='ltr'><strong><em>liber</em></strong></span> <span class='ocrx_word' id='word_1_470' title='bbox 1119 4262 1200 4318; x_wconf 87' lang='lat' dir='ltr'><strong><em>dicit.</em></strong></span> 
     </span>
    </p>

    <p class='ocr_par' dir='ltr' id='par_1_7' title="bbox 10 4349 1758 5058">
     <span class='ocr_line' id='line_1_40' title="bbox 10 4349 1758 4447; baseline -0.014 -15"><span class='ocrx_word' id='word_1_471' title='bbox 10 4366 13 4389; x_wconf 68' lang='lat'>³</span> <span class='ocrx_word' id='word_1_472' title='bbox 64 4379 184 4447; x_wconf 81' lang='lat' dir='ltr'><strong><em>etsuper</em></strong></span> <span class='ocrx_word' id='word_1_473' title='bbox 198 4369 360 4427; x_wconf 88' lang='lat' dir='ltr'><strong><em>amicitiam</em></strong></span> <span class='ocrx_word' id='word_1_474' title='bbox 375 4382 482 4431; x_wconf 89' lang='lat' dir='ltr'><strong><em>meam,</em></strong></span> <span class='ocrx_word' id='word_1_475' title='bbox 498 4366 531 4419; x_wconf 91' lang='lat' dir='ltr'><strong><em>ut</em></strong></span> <span class='ocrx_word' id='word_1_476' title='bbox 545 4363 575 4418; x_wconf 92' lang='lat' dir='ltr'><strong><em>in</em></strong></span> <span class='ocrx_word' id='word_1_477' title='bbox 591 4361 695 4434; x_wconf 89' lang='lat' dir='ltr'><strong><em>primis</em></strong></span> <span class='ocrx_word' id='word_1_478' title='bbox 711 4361 877 4416; x_wconf 88' lang='lat' dir='ltr'><strong><em>reddantde</em></strong></span> <span class='ocrx_word' id='word_1_479' title='bbox 967 4352 1001 4408; x_wconf 88' lang='lat' dir='ltr'><strong><em>V.</em></strong></span> <span class='ocrx_word' id='word_1_480' title='bbox 1018 4352 1205 4408; x_wconf 86' lang='lat' dir='ltr'><strong><em>Decrevimus</em></strong></span> <span class='ocrx_word' id='word_1_481' title='bbox 1220 4351 1309 4406; x_wconf 87' lang='lat' dir='ltr'><strong><em>etiam</em></strong></span> <span class='ocrx_word' id='word_1_482' title='bbox 1324 4352 1360 4407; x_wconf 90' lang='lat' dir='ltr'><strong><em>de</em></strong></span> <span class='ocrx_word' id='word_1_483' title='bbox 1375 4350 1522 4424; x_wconf 86' lang='lat' dir='ltr'><strong><em>sortilegis</em></strong></span> <span class='ocrx_word' id='word_1_484' title='bbox 1543 4354 1571 4406; x_wconf 89' lang='lat' dir='ltr'><strong><em>et</em></strong></span> <span class='ocrx_word' id='word_1_485' title='bbox 1593 4349 1717 4418; x_wconf 88' lang='lat' dir='ltr'><strong><em>liblacis,</em></strong></span> <span class='ocrx_word' id='word_1_486' title='bbox 1729 4354 1758 4407; x_wconf 88' lang='lat' dir='ltr'><strong><em>et</em></strong></span> 
     </span>
     <span class='ocr_line' id='line_1_41' title="bbox 64 4438 1757 4537; baseline -0.016 -16"><span class='ocrx_word' id='word_1_487' title='bbox 64 4476 116 4520; x_wconf 84' lang='lat' dir='ltr'><strong><em>neo</em></strong></span> <span class='ocrx_word' id='word_1_488' title='bbox 130 4461 252 4537; x_wconf 87' lang='lat' dir='ltr'><strong><em>proprio</em></strong></span> <span class='ocrx_word' id='word_1_489' title='bbox 264 4458 394 4515; x_wconf 90' lang='lat' dir='ltr'><strong><em>decimas</em></strong></span> <span class='ocrx_word' id='word_1_490' title='bbox 409 4460 475 4523; x_wconf 87' lang='lat' dir='ltr'><strong><em>Deo,</em></strong></span> <span class='ocrx_word' id='word_1_491' title='bbox 491 4457 552 4509; x_wconf 90' lang='lat' dir='ltr'><strong><em>tam</em></strong></span> <span class='ocrx_word' id='word_1_492' title='bbox 572 4452 602 4506; x_wconf 90' lang='lat' dir='ltr'><strong><em>in</em></strong></span> <span class='ocrx_word' id='word_1_493' title='bbox 623 4450 731 4506; x_wconf 88' lang='lat' dir='ltr'><strong><em>viventi</em></strong></span> <span class='ocrx_word' id='word_1_494' title='bbox 747 4448 876 4523; x_wconf 89' lang='lat' dir='ltr'><strong><em>capitali,</em></strong></span> <span class='ocrx_word' id='word_1_495' title='bbox 934 4447 1043 4499; x_wconf 87' lang='lat' dir='ltr'><strong><em>sortem</em></strong></span> <span class='ocrx_word' id='word_1_496' title='bbox 1059 4441 1209 4508; x_wconf 87' lang='lat' dir='ltr'><strong><em>dantibus,</em></strong></span> <span class='ocrx_word' id='word_1_497' title='bbox 1227 4439 1251 4496; x_wconf 94' lang='lat' dir='ltr'><strong><em>si</em></strong></span> <span class='ocrx_word' id='word_1_498' title='bbox 1266 4438 1415 4495; x_wconf 90' lang='lat' dir='ltr'><strong><em>hominem</em></strong></span> <span class='ocrx_word' id='word_1_499' title='bbox 1437 4439 1581 4504; x_wconf 91' lang='lat' dir='ltr'><strong><em>occidant,</em></strong></span> <span class='ocrx_word' id='word_1_500' title='bbox 1597 4442 1626 4494; x_wconf 90' lang='lat' dir='ltr'><strong><em>et</em></strong></span> <span class='ocrx_word' id='word_1_501' title='bbox 1650 4454 1757 4511; x_wconf 89' lang='lat' dir='ltr'><strong><em>negare</em></strong></span> 
     </span>
     <span class='ocr_line' id='line_1_42' title="bbox 61 4525 1757 4626; baseline -0.014 -19"><span class='ocrx_word' id='word_1_502' title='bbox 61 4568 140 4626; x_wconf 71' lang='lat' dir='ltr'><strong><em>quam</em></strong></span> <span class='ocrx_word' id='word_1_503' title='bbox 154 4548 281 4606; x_wconf 86' lang='lat' dir='ltr'><strong><em>mortuis</em></strong></span> <span class='ocrx_word' id='word_1_504' title='bbox 296 4545 431 4618; x_wconf 80' lang='lat' dir='ltr'><strong><em>frugibus</em></strong></span> <span class='ocrx_word' id='word_1_505' title='bbox 447 4548 540 4599; x_wconf 82' lang='lat' dir='ltr'><strong><em>terra.</em></strong></span> <span class='ocrx_word' id='word_1_506' title='bbox 556 4543 590 4596; x_wconf 86' lang='lat' dir='ltr'><strong><em>Et</em></strong></span> <span class='ocrx_word' id='word_1_507' title='bbox 604 4540 732 4613; x_wconf 90' lang='lat' dir='ltr'><strong><em>episcopi</em></strong></span> <span class='ocrx_word' id='word_1_508' title='bbox 758 4538 814 4594; x_wconf 89' lang='lat' dir='ltr'><strong><em>mei</em></strong></span> <span class='ocrx_word' id='word_1_509' title='bbox 839 4537 877 4593; x_wconf 91' lang='lat' dir='ltr'><strong><em>si·</em></strong></span> <span class='ocrx_word' id='word_1_510' title='bbox 933 4551 990 4589; x_wconf 89' lang='lat' dir='ltr'><strong><em>nau</em></strong></span> <span class='ocrx_word' id='word_1_511' title='bbox 1003 4530 1192 4605; x_wconf 60' lang='lat' dir='ltr'><strong><em>pessimatus</em></strong></span> <span class='ocrx_word' id='word_1_512' title='bbox 1203 4547 1262 4586; x_wconf 80' lang='lat' dir='ltr'><strong><em>sua</em></strong></span> <span class='ocrx_word' id='word_1_513' title='bbox 1272 4527 1546 4600; x_wconf 86' lang='lat' dir='ltr'><strong><em>cnlpajudicentnr.</em></strong></span> <span class='ocrx_word' id='word_1_514' title='bbox 1559 4525 1588 4582; x_wconf 89' lang='lat' dir='ltr'><strong><em>Si</em></strong></span> <span class='ocrx_word' id='word_1_515' title='bbox 1598 4543 1757 4602; x_wconf 86' lang='lat' dir='ltr'><strong><em>pernegare</em></strong></span> 
     </span>
     <span class='ocr_line' id='line_1_43' title="bbox 59 4614 1755 4705; baseline -0.014 -8"><span class='ocrx_word' id='word_1_516' title='bbox 59 4640 163 4698; x_wconf 85' lang='lat' dir='ltr'><strong><em>uiliter</em></strong></span> <span class='ocrx_word' id='word_1_517' title='bbox 178 4638 289 4694; x_wconf 87' lang='lat' dir='ltr'><strong><em>faciant</em></strong></span> <span class='ocrx_word' id='word_1_518' title='bbox 303 4636 339 4690; x_wconf 89' lang='lat' dir='ltr'><strong><em>de</em></strong></span> <span class='ocrx_word' id='word_1_519' title='bbox 354 4650 407 4691; x_wconf 91' lang='lat' dir='ltr'><strong><em>suo</em></strong></span> <span class='ocrx_word' id='word_1_520' title='bbox 422 4632 550 4705; x_wconf 89' lang='lat' dir='ltr'><strong><em>proprio,</em></strong></span> <span class='ocrx_word' id='word_1_521' title='bbox 568 4635 596 4686; x_wconf 89' lang='lat' dir='ltr'><strong><em>et</em></strong></span> <span class='ocrx_word' id='word_1_522' title='bbox 610 4626 794 4685; x_wconf 89' lang='lat' dir='ltr'><strong><em>aldermanni</em></strong></span> <span class='ocrx_word' id='word_1_523' title='bbox 809 4626 877 4683; x_wconf 87' lang='lat' dir='ltr'><strong><em>mei.</em></strong></span> <span class='ocrx_word' id='word_1_524' title='bbox 932 4621 1032 4688; x_wconf 78' lang='lat' dir='ltr'><strong><em>uelint,</em></strong></span> <span class='ocrx_word' id='word_1_525' title='bbox 1047 4625 1076 4676; x_wconf 87' lang='lat' dir='ltr'><strong><em>at</em></strong></span> <span class='ocrx_word' id='word_1_526' title='bbox 1090 4620 1118 4674; x_wconf 92' lang='lat' dir='ltr'><strong><em>in</em></strong></span> <span class='ocrx_word' id='word_1_527' title='bbox 1134 4618 1241 4690; x_wconf 86' lang='lat' dir='ltr'><strong><em>triplici</em></strong></span> <span class='ocrx_word' id='word_1_528' title='bbox 1257 4614 1367 4672; x_wconf 90' lang='lat' dir='ltr'><strong><em>ordalio</em></strong></span> <span class='ocrx_word' id='word_1_529' title='bbox 1384 4614 1544 4688; x_wconf 88' lang='lat' dir='ltr'><strong><em>culpabiles</em></strong></span> <span class='ocrx_word' id='word_1_530' title='bbox 1561 4615 1755 4673; x_wconf 90' lang='lat' dir='ltr'><strong><em>inveniantur.</em></strong></span> 
     </span>
     <span class='ocr_line' id='line_1_44' title="bbox 57 4704 1757 4804; baseline -0.014 -17"><span class='ocrx_word' id='word_1_531' title='bbox 57 4725 243 4804; x_wconf 69' lang='lat' dir='ltr'><strong><em>dprepositi</em></strong></span> <span class='ocrx_word' id='word_1_532' title='bbox 260 4722 328 4780; x_wconf 89' lang='lat' dir='ltr'><strong><em>mei.</em></strong></span> <span class='ocrx_word' id='word_1_533' title='bbox 345 4724 380 4778; x_wconf 85' lang='lat' dir='ltr'><strong><em>Et</em></strong></span> <span class='ocrx_word' id='word_1_534' title='bbox 393 4719 457 4778; x_wconf 88' lang='lat' dir='ltr'><strong><em>volo</em></strong></span> <span class='ocrx_word' id='word_1_535' title='bbox 474 4723 506 4776; x_wconf 94' lang='lat' dir='ltr'><strong><em>nt</em></strong></span> <span class='ocrx_word' id='word_1_536' title='bbox 529 4718 657 4791; x_wconf 88' lang='lat' dir='ltr'><strong><em>episcopi</em></strong></span> <span class='ocrx_word' id='word_1_537' title='bbox 681 4720 708 4772; x_wconf 88' lang='lat' dir='ltr'><strong><em>et</em></strong></span> <span class='ocrx_word' id='word_1_538' title='bbox 732 4715 880 4788; x_wconf 74' lang='lat' dir='ltr'><strong><em>prepositi</em></strong></span> <span class='ocrx_word' id='word_1_539' title='bbox 934 4711 994 4768; x_wconf 90' lang='lat' dir='ltr'><strong><em>sint</em></strong></span> <span class='ocrx_word' id='word_1_540' title='bbox 1008 4714 1125 4767; x_wconf 88' lang='lat' dir='ltr'><strong><em>centum</em></strong></span> <span class='ocrx_word' id='word_1_541' title='bbox 1136 4706 1238 4780; x_wconf 86' lang='lat' dir='ltr'><strong><em>viginti</em></strong></span> <span class='ocrx_word' id='word_1_542' title='bbox 1254 4704 1389 4761; x_wconf 88' lang='lat' dir='ltr'><strong><em>noctibus</em></strong></span> <span class='ocrx_word' id='word_1_543' title='bbox 1405 4705 1433 4758; x_wconf 92' lang='lat' dir='ltr'><strong><em>in</em></strong></span> <span class='ocrx_word' id='word_1_544' title='bbox 1449 4707 1612 4773; x_wconf 86' lang='lat' dir='ltr'><strong><em>carcere,et</em></strong></span> <span class='ocrx_word' id='word_1_545' title='bbox 1624 4706 1757 4781; x_wconf 88' lang='lat' dir='ltr'><strong><em>coguatio</em></strong></span> 
     </span>
     <span class='ocr_line' id='line_1_45' title="bbox 57 4794 1758 4882; baseline -0.016 -5"><span class='ocrx_word' id='word_1_546' title='bbox 57 4818 109 4877; x_wconf 80' lang='lat' dir='ltr'><strong><em>mai</em></strong></span> <span class='ocrx_word' id='word_1_547' title='bbox 123 4815 322 4874; x_wconf 88' lang='lat' dir='ltr'><strong><em>bocindicent</em></strong></span> <span class='ocrx_word' id='word_1_548' title='bbox 336 4810 474 4868; x_wconf 92' lang='lat' dir='ltr'><strong><em>omnibus</em></strong></span> <span class='ocrx_word' id='word_1_549' title='bbox 489 4809 538 4882; x_wconf 93' lang='lat' dir='ltr'><strong><em>qui</em></strong></span> <span class='ocrx_word' id='word_1_550' title='bbox 562 4808 604 4864; x_wconf 87' lang='lat' dir='ltr'><strong><em>eis</em></strong></span> <span class='ocrx_word' id='word_1_551' title='bbox 625 4823 726 4879; x_wconf 87' lang='lat' dir='ltr'><strong><em>parere</em></strong></span> <span class='ocrx_word' id='word_1_552' title='bbox 749 4805 856 4860; x_wconf 89' lang='lat' dir='ltr'><strong><em>debent</em></strong></span> <span class='ocrx_word' id='word_1_553' title='bbox 871 4821 877 4859; x_wconf 92' lang='lat'>:</span> <span class='ocrx_word' id='word_1_554' title='bbox 935 4817 1035 4857; x_wconf 84' lang='lat' dir='ltr'><strong><em>aarum</em></strong></span> <span class='ocrx_word' id='word_1_555' title='bbox 1051 4799 1155 4854; x_wconf 89' lang='lat' dir='ltr'><strong><em>educat</em></strong></span> <span class='ocrx_word' id='word_1_556' title='bbox 1170 4798 1265 4866; x_wconf 89' lang='lat' dir='ltr'><strong><em>eas,et</em></strong></span> <span class='ocrx_word' id='word_1_557' title='bbox 1275 4794 1446 4850; x_wconf 89' lang='lat' dir='ltr'><strong><em>emendetur</em></strong></span> <span class='ocrx_word' id='word_1_558' title='bbox 1456 4794 1515 4867; x_wconf 90' lang='lat' dir='ltr'><strong><em>regi</em></strong></span> <span class='ocrx_word' id='word_1_559' title='bbox 1526 4796 1644 4851; x_wconf 89' lang='lat' dir='ltr'><strong><em>centum</em></strong></span> <span class='ocrx_word' id='word_1_560' title='bbox 1655 4795 1758 4869; x_wconf 88' lang='lat' dir='ltr'><strong><em>viginti</em></strong></span> 
     </span>
     <span class='ocr_line' id='line_1_46' title="bbox 55 4882 1758 4971; baseline -0.016 -6"><span class='ocrx_word' id='word_1_561' title='bbox 55 4913 81 4965; x_wconf 67' lang='grc' dir='ltr'>ί</span> <span class='ocrx_word' id='word_1_562' title='bbox 92 4908 157 4964; x_wconf 77' lang='lat' dir='ltr'><strong><em>haec</em></strong></span> <span class='ocrx_word' id='word_1_563' title='bbox 180 4905 219 4959; x_wconf 87' lang='lat' dir='ltr'><strong><em>ad</em></strong></span> <span class='ocrx_word' id='word_1_564' title='bbox 233 4902 393 4960; x_wconf 87' lang='lat' dir='ltr'><strong><em>terminum</em></strong></span> <span class='ocrx_word' id='word_1_565' title='bbox 410 4898 544 4971; x_wconf 79' lang='lat' dir='ltr'><strong><em>expleant</em></strong></span> <span class='ocrx_word' id='word_1_566' title='bbox 560 4913 647 4968; x_wconf 85' lang='lat' dir='ltr'><strong><em>quem</em></strong></span> <span class='ocrx_word' id='word_1_567' title='bbox 671 4895 713 4951; x_wconf 92' lang='lat' dir='ltr'><strong><em>eis</em></strong></span> <span class='ocrx_word' id='word_1_568' title='bbox 729 4893 877 4967; x_wconf 85' lang='lat' dir='ltr'><strong><em>ponimus,</em></strong></span> <span class='ocrx_word' id='word_1_569' title='bbox 935 4889 1048 4955; x_wconf 88' lang='lat' dir='ltr'><strong><em>solidis,</em></strong></span> <span class='ocrx_word' id='word_1_570' title='bbox 1065 4890 1093 4943; x_wconf 90' lang='lat' dir='ltr'><strong><em>et</em></strong></span> <span class='ocrx_word' id='word_1_571' title='bbox 1116 4884 1245 4942; x_wconf 90' lang='lat' dir='ltr'><strong><em>occisum</em></strong></span> <span class='ocrx_word' id='word_1_572' title='bbox 1271 4882 1429 4939; x_wconf 88' lang='lat' dir='ltr'><strong><em>bominem·</em></strong></span> <span class='ocrx_word' id='word_1_573' title='bbox 1445 4884 1568 4940; x_wconf 87' lang='lat' dir='ltr'><strong><em>reddant</em></strong></span> <span class='ocrx_word' id='word_1_574' title='bbox 1587 4883 1758 4958; x_wconf 88' lang='lat' dir='ltr'><strong><em>parentibus</em></strong></span> 
     </span>
     <span class='ocr_line' id='line_1_47' title="bbox 56 4972 1758 5058; baseline -0.016 -5"><span class='ocrx_word' id='word_1_575' title='bbox 56 4995 144 5053; x_wconf 82' lang='lat' dir='ltr'><strong><em>idest</em></strong></span> <span class='ocrx_word' id='word_1_576' title='bbox 157 4991 313 5050; x_wconf 88' lang='lat' dir='ltr'><strong><em>decollatio</em></strong></span> <span class='ocrx_word' id='word_1_577' title='bbox 330 4992 359 5047; x_wconf 87' lang='lat' dir='ltr'><strong><em>S.</em></strong></span> <span class='ocrx_word' id='word_1_578' title='bbox 375 4987 498 5046; x_wconf 87' lang='lat' dir='ltr'><strong><em>Joannis</em></strong></span> <span class='ocrx_word' id='word_1_579' title='bbox 513 4972 660 5058; x_wconf 78' lang='lat' dir='ltr'><strong><em>Baptista.</em></strong></span> <span class='ocrx_word' id='word_1_580' title='bbox 936 4977 1008 5045; x_wconf 92' lang='lat' dir='ltr'><strong><em>suis,</em></strong></span> <span class='ocrx_word' id='word_1_581' title='bbox 1026 4980 1054 5032; x_wconf 88' lang='lat' dir='ltr'><strong><em>et</em></strong></span> <span class='ocrx_word' id='word_1_582' title='bbox 1074 4978 1142 5031; x_wconf 90' lang='lat' dir='ltr'><strong><em>eant</em></strong></span> <span class='ocrx_word' id='word_1_583' title='bbox 1156 4974 1198 5030; x_wconf 89' lang='lat' dir='ltr'><strong><em>eis</em></strong></span> <span class='ocrx_word' id='word_1_584' title='bbox 1212 4973 1242 5028; x_wconf 92' lang='lat' dir='ltr'><strong><em>in</em></strong></span> <span class='ocrx_word' id='word_1_585' title='bbox 1259 4972 1398 5045; x_wconf 89' lang='lat' dir='ltr'><strong><em>plegium,</em></strong></span> <span class='ocrx_word' id='word_1_586' title='bbox 1415 4974 1493 5045; x_wconf 90' lang='lat' dir='ltr'><strong><em>qnod</em></strong></span> <span class='ocrx_word' id='word_1_587' title='bbox 1509 4989 1599 5046; x_wconf 90' lang='lat' dir='ltr'><strong><em>super</em></strong></span> <span class='ocrx_word' id='word_1_588' title='bbox 1614 4972 1650 5028; x_wconf 90' lang='lat' dir='ltr'><strong><em>iis</em></strong></span> <span class='ocrx_word' id='word_1_589' title='bbox 1667 4972 1758 5028; x_wconf 89' lang='lat' dir='ltr'><strong><em>absti-</em></strong></span> 
     </span>
    </p>

    <p class='ocr_par' dir='ltr' id='par_1_8' title="bbox 87 5065 1232 5160">
     <span class='ocr_line' id='line_1_48' title="bbox 87 5065 1232 5160; baseline -0.022 -18"><span class='ocrx_word' id='word_1_590' title='bbox 87 5085 259 5160; x_wconf 72' lang='lat' dir='ltr'><strong><em>i‘ngitemus</em></strong></span> <span class='ocrx_word' id='word_1_591' title='bbox 275 5080 346 5153; x_wconf 91' lang='lat' dir='ltr'><strong><em>quid</em></strong></span> <span class='ocrx_word' id='word_1_592' title='bbox 361 5077 489 5135; x_wconf 89' lang='lat' dir='ltr'><strong><em>Jacobus</em></strong></span> <span class='ocrx_word' id='word_1_593' title='bbox 503 5079 586 5148; x_wconf 90' lang='lat' dir='ltr'><strong><em>pater</em></strong></span> <span class='ocrx_word' id='word_1_594' title='bbox 610 5073 682 5129; x_wconf 84' lang='lat' dir='ltr'><strong><em>dixit</em></strong></span> <span class='ocrx_word' id='word_1_595' title='bbox 705 5073 763 5128; x_wconf 89' lang='lat' dir='ltr'><strong><em>Deo</em></strong></span> <span class='ocrx_word' id='word_1_596' title='bbox 782 5088 787 5127; x_wconf 91' lang='lat'>:</span> <span class='ocrx_word' id='word_1_597' title='bbox 804 5074 881 5128; x_wconf 85' lang='lat' dir='ltr'><strong><em>Dect·</em></strong></span> <span class='ocrx_word' id='word_1_598' title='bbox 916 5071 1023 5156; x_wconf 36' lang='lat' dir='ltr'><strong><em>‘neant</em></strong></span> <span class='ocrx_word' id='word_1_599' title='bbox 1037 5065 1067 5120; x_wconf 92' lang='lat' dir='ltr'><strong><em>in</em></strong></span> <span class='ocrx_word' id='word_1_600' title='bbox 1082 5069 1232 5119; x_wconf 81' lang='lat' dir='ltr'><strong><em>aternum.</em></strong></span> 
     </span>
    </p>

    <p class='ocr_par' dir='ltr' id='par_1_9' title="bbox 58 5147 1764 5694">
     <span class='ocr_line' id='line_1_49' title="bbox 58 5147 1760 5244; baseline -0.018 -12"><span class='ocrx_word' id='word_1_601' title='bbox 58 5192 111 5232; x_wconf 66' lang='lat' dir='ltr'><strong><em>aas</em></strong></span> <span class='ocrx_word' id='word_1_602' title='bbox 125 5183 153 5231; x_wconf 86' lang='lat' dir='ltr'><strong><em>et</em></strong></span> <span class='ocrx_word' id='word_1_603' title='bbox 166 5173 271 5229; x_wconf 81' lang='lat' dir='ltr'><strong><em>bestias</em></strong></span> <span class='ocrx_word' id='word_1_604' title='bbox 283 5167 415 5244; x_wconf 76' lang='lat' dir='ltr'><strong><em>pacificos</em></strong></span> <span class='ocrx_word' id='word_1_605' title='bbox 436 5167 549 5239; x_wconf 75' lang='lat' dir='ltr'><strong><em>offeram</em></strong></span> <span class='ocrx_word' id='word_1_606' title='bbox 572 5165 624 5219; x_wconf 87' lang='lat' dir='ltr'><strong><em>tibi</em></strong></span> <span class='ocrx_word' id='word_1_607' title='bbox 647 5162 722 5235; x_wconf 80' lang='lat' dir='ltr'><strong><em>(Gen.</em></strong></span> <span class='ocrx_word' id='word_1_608' title='bbox 738 5164 831 5230; x_wconf 74' lang='lat' dir='ltr'><strong><em>xvmt</em></strong></span> <span class='ocrx_word' id='word_1_609' title='bbox 849 5162 883 5216; x_wconf 79' lang='lat' dir='ltr'><strong><em>lit</em></strong></span> <span class='ocrx_word' id='word_1_610' title='bbox 971 5156 1018 5210; x_wconf 90' lang='lat' dir='ltr'><strong><em>Vl.</em></strong></span> <span class='ocrx_word' id='word_1_611' title='bbox 1036 5153 1147 5210; x_wconf 90' lang='lat' dir='ltr'><strong><em>Placuit</em></strong></span> <span class='ocrx_word' id='word_1_612' title='bbox 1161 5152 1246 5208; x_wconf 91' lang='lat' dir='ltr'><strong><em>nobis</em></strong></span> <span class='ocrx_word' id='word_1_613' title='bbox 1261 5158 1293 5207; x_wconf 91' lang='lat' dir='ltr'><strong><em>ut</em></strong></span> <span class='ocrx_word' id='word_1_614' title='bbox 1308 5167 1366 5207; x_wconf 91' lang='lat' dir='ltr'><strong><em>nna</em></strong></span> <span class='ocrx_word' id='word_1_615' title='bbox 1380 5156 1499 5208; x_wconf 88' lang='lat' dir='ltr'><strong><em>moneta</em></strong></span> <span class='ocrx_word' id='word_1_616' title='bbox 1512 5150 1552 5207; x_wconf 88' lang='lat' dir='ltr'><strong><em>sit</em></strong></span> <span class='ocrx_word' id='word_1_617' title='bbox 1566 5150 1596 5205; x_wconf 92' lang='lat' dir='ltr'><strong><em>iu</em></strong></span> <span class='ocrx_word' id='word_1_618' title='bbox 1607 5151 1667 5205; x_wconf 88' lang='lat' dir='ltr'><strong><em>toto</em></strong></span> <span class='ocrx_word' id='word_1_619' title='bbox 1677 5147 1760 5220; x_wconf 89' lang='lat' dir='ltr'><strong><em>regni</em></strong></span> 
     </span>
     <span class='ocr_line' id='line_1_50' title="bbox 59 5237 1761 5333; baseline -0.018 -13"><span class='ocrx_word' id='word_1_620' title='bbox 59 5262 200 5322; x_wconf 75' lang='lat' dir='ltr'><strong><em>Dominus</em></strong></span> <span class='ocrx_word' id='word_1_621' title='bbox 211 5261 274 5333; x_wconf 89' lang='lat' dir='ltr'><strong><em>ipse</em></strong></span> <span class='ocrx_word' id='word_1_622' title='bbox 289 5258 361 5315; x_wconf 90' lang='lat' dir='ltr'><strong><em>dicit</em></strong></span> <span class='ocrx_word' id='word_1_623' title='bbox 375 5258 405 5312; x_wconf 92' lang='lat' dir='ltr'><strong><em>in</em></strong></span> <span class='ocrx_word' id='word_1_624' title='bbox 421 5253 575 5327; x_wconf 77' lang='lat' dir='ltr'><strong><em>cvangelio</em></strong></span> <span class='ocrx_word' id='word_1_625' title='bbox 592 5270 598 5308; x_wconf 88' lang='lat'><strong>:</strong></span> <span class='ocrx_word' id='word_1_626' title='bbox 617 5253 699 5309; x_wconf 87' lang='lat' dir='ltr'><strong><em>Omni</em></strong></span> <span class='ocrx_word' id='word_1_627' title='bbox 712 5251 881 5307; x_wconf 82' lang='lat' dir='ltr'><strong><em>balentida-</em></strong></span> <span class='ocrx_word' id='word_1_628' title='bbox 937 5245 1108 5318; x_wconf 72' lang='lat' dir='ltr'><strong><em>important</em></strong></span> <span class='ocrx_word' id='word_1_629' title='bbox 1122 5241 1221 5298; x_wconf 92' lang='lat' dir='ltr'><strong><em>nullus</em></strong></span> <span class='ocrx_word' id='word_1_630' title='bbox 1237 5245 1366 5297; x_wconf 88' lang='lat' dir='ltr'><strong><em>monetet</em></strong></span> <span class='ocrx_word' id='word_1_631' title='bbox 1379 5245 1459 5296; x_wconf 86' lang='lat' dir='ltr'><strong><em>extra</em></strong></span> <span class='ocrx_word' id='word_1_632' title='bbox 1482 5243 1607 5312; x_wconf 90' lang='lat' dir='ltr'><strong><em>portam.</em></strong></span> <span class='ocrx_word' id='word_1_633' title='bbox 1619 5237 1648 5294; x_wconf 85' lang='lat' dir='ltr'><strong><em>si</em></strong></span> <span class='ocrx_word' id='word_1_634' title='bbox 1664 5252 1761 5292; x_wconf 87' lang='lat' dir='ltr'><strong><em>mone·</em></strong></span> 
     </span>
     <span class='ocr_line' id='line_1_51' title="bbox 61 5328 1762 5422; baseline -0.019 -10"><span class='ocrx_word' id='word_1_635' title='bbox 61 5353 139 5422; x_wconf 65' lang='lat' dir='ltr'><strong><em>utu,</em></strong></span> <span class='ocrx_word' id='word_1_636' title='bbox 154 5360 182 5410; x_wconf 88' lang='lat' dir='ltr'><strong><em>et</em></strong></span> <span class='ocrx_word' id='word_1_637' title='bbox 190 5348 343 5407; x_wconf 83' lang='lat' dir='ltr'><strong><em>abundabit</em></strong></span> <span class='ocrx_word' id='word_1_638' title='bbox 367 5345 475 5419; x_wconf 77' lang='lat' dir='ltr'><strong><em>(llattli.</em></strong></span> <span class='ocrx_word' id='word_1_639' title='bbox 489 5343 565 5413; x_wconf 69' lang='lat' dir='ltr'><strong><em>nav).</em></strong></span> <span class='ocrx_word' id='word_1_640' title='bbox 585 5341 782 5398; x_wconf 88' lang='lat' dir='ltr'><strong><em>Recolendum</em></strong></span> <span class='ocrx_word' id='word_1_641' title='bbox 808 5357 882 5412; x_wconf 89' lang='lat' dir='ltr'><strong><em>quo·</em></strong></span> <span class='ocrx_word' id='word_1_642' title='bbox 937 5335 1029 5392; x_wconf 87' lang='lat' dir='ltr'><strong><em>tarius</em></strong></span> <span class='ocrx_word' id='word_1_643' title='bbox 1044 5349 1111 5389; x_wconf 91' lang='lat' dir='ltr'><strong><em>reus</em></strong></span> <span class='ocrx_word' id='word_1_644' title='bbox 1127 5330 1223 5399; x_wconf 87' lang='lat' dir='ltr'><strong><em>fuerit,</em></strong></span> <span class='ocrx_word' id='word_1_645' title='bbox 1240 5334 1409 5402; x_wconf 89' lang='lat' dir='ltr'><strong><em>amputetur</em></strong></span> <span class='ocrx_word' id='word_1_646' title='bbox 1421 5329 1446 5384; x_wconf 89' lang='lat' dir='ltr'><strong><em>ei</em></strong></span> <span class='ocrx_word' id='word_1_647' title='bbox 1462 5344 1578 5393; x_wconf 81' lang='lat' dir='ltr'><strong><em>uranus,</em></strong></span> <span class='ocrx_word' id='word_1_648' title='bbox 1594 5330 1622 5382; x_wconf 89' lang='lat' dir='ltr'><strong><em>et</em></strong></span> <span class='ocrx_word' id='word_1_649' title='bbox 1637 5328 1762 5398; x_wconf 88' lang='lat' dir='ltr'><strong><em>ponetur</em></strong></span> 
     </span>
     <span class='ocr_line' id='line_1_52' title="bbox 62 5415 1762 5517; baseline -0.017 -18"><span class='ocrx_word' id='word_1_650' title='bbox 62 5456 109 5517; x_wconf 59' lang='lat' dir='ltr'><strong><em>&#39;a</em></strong></span> <span class='ocrx_word' id='word_1_651' title='bbox 121 5441 212 5499; x_wconf 90' lang='lat' dir='ltr'><strong><em>nobis</em></strong></span> <span class='ocrx_word' id='word_1_652' title='bbox 234 5442 279 5494; x_wconf 87' lang='lat' dir='ltr'><strong><em>est</em></strong></span> <span class='ocrx_word' id='word_1_653' title='bbox 300 5453 389 5510; x_wconf 89' lang='lat' dir='ltr'><strong><em>quam</em></strong></span> <span class='ocrx_word' id='word_1_654' title='bbox 413 5431 583 5491; x_wconf 89' lang='lat' dir='ltr'><strong><em>terribiliter</em></strong></span> <span class='ocrx_word' id='word_1_655' title='bbox 604 5431 635 5486; x_wconf 92' lang='lat' dir='ltr'><strong><em>in</em></strong></span> <span class='ocrx_word' id='word_1_656' title='bbox 656 5428 740 5485; x_wconf 91' lang='lat' dir='ltr'><strong><em>libris</em></strong></span> <span class='ocrx_word' id='word_1_657' title='bbox 755 5429 882 5501; x_wconf 89' lang='lat' dir='ltr'><strong><em>positum</em></strong></span> <span class='ocrx_word' id='word_1_658' title='bbox 898 5430 922 5496; x_wconf 80' lang='grc' dir='ltr'><strong><em>Ι)</em></strong></span> <span class='ocrx_word' id='word_1_659' title='bbox 939 5425 993 5481; x_wconf 92' lang='lat' dir='ltr'><strong><em>sub</em></strong></span> <span class='ocrx_word' id='word_1_660' title='bbox 1010 5426 1131 5479; x_wconf 79' lang='lat' dir='ltr'><strong><em>maneta</em></strong></span> <span class='ocrx_word' id='word_1_661' title='bbox 1144 5415 1495 5488; x_wconf 80' lang='lat' dir='ltr'><strong><em>fabricamsiinculpalio</em></strong></span> <span class='ocrx_word' id='word_1_662' title='bbox 1506 5416 1627 5484; x_wconf 86' lang='lat' dir='ltr'><strong><em>sit‚etse</em></strong></span> <span class='ocrx_word' id='word_1_663' title='bbox 1636 5431 1762 5488; x_wconf 85' lang='lat' dir='ltr'><strong><em>purgare</em></strong></span> 
     </span>
     <span class='ocr_line' id='line_1_53' title="bbox 61 5504 1762 5593; baseline -0.017 -5"><span class='ocrx_word' id='word_1_664' title='bbox 61 5535 118 5593; x_wconf 73' lang='lat' dir='ltr'><strong><em>aa:</em></strong></span> <span class='ocrx_word' id='word_1_665' title='bbox 136 5531 168 5587; x_wconf 87' lang='lat' dir='ltr'><strong><em>Si</em></strong></span> <span class='ocrx_word' id='word_1_666' title='bbox 184 5528 319 5584; x_wconf 68' lang='lat' dir='ltr'><strong><em>maman</em></strong></span> <span class='ocrx_word' id='word_1_667' title='bbox 333 5524 398 5580; x_wconf 87' lang='lat' dir='ltr'><strong><em>dare</em></strong></span> <span class='ocrx_word' id='word_1_668' title='bbox 413 5524 551 5590; x_wconf 77' lang='lat' dir='ltr'><strong><em>coturnus,</em></strong></span> <span class='ocrx_word' id='word_1_669' title='bbox 568 5529 599 5576; x_wconf 90' lang='lat' dir='ltr'><strong><em>ut</em></strong></span> <span class='ocrx_word' id='word_1_670' title='bbox 622 5523 787 5590; x_wconf 71' lang='lat' dir='ltr'><strong><em>couterentur</em></strong></span> <span class='ocrx_word' id='word_1_671' title='bbox 808 5520 885 5573; x_wconf 75' lang='lat' dir='ltr'><strong><em>reatris·</em></strong></span> <span class='ocrx_word' id='word_1_672' title='bbox 941 5515 1019 5581; x_wconf 81' lang='lat' dir='ltr'><strong><em>velit,</em></strong></span> <span class='ocrx_word' id='word_1_673' title='bbox 1036 5517 1081 5568; x_wconf 85' lang='lat' dir='ltr'><strong><em>cat</em></strong></span> <span class='ocrx_word' id='word_1_674' title='bbox 1106 5512 1140 5565; x_wconf 86' lang='lat' dir='ltr'><strong><em>ad</em></strong></span> <span class='ocrx_word' id='word_1_675' title='bbox 1166 5511 1275 5565; x_wconf 87' lang='lat' dir='ltr'><strong><em>ferrum</em></strong></span> <span class='ocrx_word' id='word_1_676' title='bbox 1299 5507 1438 5573; x_wconf 85' lang='lat' dir='ltr'><strong><em>calidum,</em></strong></span> <span class='ocrx_word' id='word_1_677' title='bbox 1454 5510 1483 5562; x_wconf 90' lang='lat' dir='ltr'><strong><em>et</em></strong></span> <span class='ocrx_word' id='word_1_678' title='bbox 1497 5504 1622 5578; x_wconf 88' lang='lat' dir='ltr'><strong><em>adlegiet</em></strong></span> <span class='ocrx_word' id='word_1_679' title='bbox 1641 5521 1762 5560; x_wconf 89' lang='lat' dir='ltr'><strong><em>manum</em></strong></span> 
     </span>
     <span class='ocr_line' id='line_1_54' title="bbox 63 5592 1764 5694; baseline -0.016 -18"><span class='ocrx_word' id='word_1_680' title='bbox 63 5637 145 5682; x_wconf 61' lang='lat' dir='ltr'><strong><em>uatem</em></strong></span> <span class='ocrx_word' id='word_1_681' title='bbox 159 5625 268 5694; x_wconf 83' lang='lat' dir='ltr'><strong><em>partes,</em></strong></span> <span class='ocrx_word' id='word_1_682' title='bbox 283 5625 309 5673; x_wconf 88' lang='lat' dir='ltr'><strong><em>et</em></strong></span> <span class='ocrx_word' id='word_1_683' title='bbox 323 5616 427 5672; x_wconf 87' lang='lat' dir='ltr'><strong><em>decima</em></strong></span> <span class='ocrx_word' id='word_1_684' title='bbox 441 5613 500 5669; x_wconf 83' lang='lat' dir='ltr'><strong><em>sola</em></strong></span> <span class='ocrx_word' id='word_1_685' title='bbox 515 5611 697 5682; x_wconf 81' lang='lat' dir='ltr'><strong><em>relinqantur.</em></strong></span> <span class='ocrx_word' id='word_1_686' title='bbox 942 5605 978 5660; x_wconf 89' lang='lat' dir='ltr'><strong><em>ad</em></strong></span> <span class='ocrx_word' id='word_1_687' title='bbox 994 5601 1152 5658; x_wconf 81' lang='lat' dir='ltr'><strong><em>caniferam</em></strong></span> <span class='ocrx_word' id='word_1_688' title='bbox 1169 5598 1245 5671; x_wconf 88' lang='lat' dir='ltr'><strong><em>quod</em></strong></span> <span class='ocrx_word' id='word_1_689' title='bbox 1262 5614 1319 5653; x_wconf 92' lang='lat' dir='ltr'><strong><em>non</em></strong></span> <span class='ocrx_word' id='word_1_690' title='bbox 1332 5595 1440 5653; x_wconf 91' lang='lat' dir='ltr'><strong><em>falsum</em></strong></span> <span class='ocrx_word' id='word_1_691' title='bbox 1455 5595 1532 5651; x_wconf 88' lang='lat' dir='ltr'><strong><em>fecit.</em></strong></span> <span class='ocrx_word' id='word_1_692' title='bbox 1549 5595 1579 5653; x_wconf 88' lang='lat' dir='ltr'><strong><em>Si</em></strong></span> <span class='ocrx_word' id='word_1_693' title='bbox 1603 5595 1634 5651; x_wconf 88' lang='lat' dir='ltr'><strong><em>in</em></strong></span> <span class='ocrx_word' id='word_1_694' title='bbox 1653 5592 1764 5651; x_wconf 88' lang='lat' dir='ltr'><strong><em>ordalio</em></strong></span> 
     </span>
    </p>
   </div>
   <div class='ocr_carea' id='block_1_7' title="bbox 0 0 1949 6098">
    <p class='ocr_par' dir='ltr' id='par_1_10' title="bbox 0 0 1949 6098">
     <span class='ocr_line' id='line_1_55' title="bbox 0 0 1949 6098; baseline 0 0"><span class='ocrx_word' id='word_1_695' title='bbox 0 0 1949 6098; x_wconf 95' lang='lat' dir='ltr'><strong><em> </em></strong></span> 
     </span>
    </p>
   </div>
  </div>
 </body>
</html>
