3878 6098
175 297 232 360 651

512 301 677 363 ΑΡΡΕΝΙ).
702 299 752 362 ΑΙ)
775 300 868 362 SAEC.
892 299 927 358 X.
946 333 982 341 -
998 295 1249 359 thNUblEN'lh
1273 293 1551 360 alphocranon.

1824 297 1885 357 052

176 430 268 488 ricem
285 448 338 488 noe
353 430 500 489 salvemus
515 438 543 489 et
558 434 740 505 adjuvemus,
754 428 1001 487 sicutavuneulus
1017 430 1043 496 Α
1059 445 1159 484 sorum
1176 434 1341 484 nostrorum
1365 429 1401 485 de
1424 429 1479 484 hoc
1505 427 1644 485 omnibus
1672 427 1841 495 ostendant,
1858 433 1891 485 et

176 526 311 593 nopotem
327 525 356 577 et
371 538 461 595 nepos
472 523 649 579 avunculum
665 539 717 594 per
732 526 842 576 rectum
853 519 1003 575 salvasset

176 610 313 681 adjuvare
329 611 424 667 dehet.

208 699 236 753 5.
250 699 285 753 nt
300 699 393 754 nostri
409 699 521 765 fideles,
533 700 583 772 qui
599 704 755 771 presentes
772 699 889 752 luerunt
904 701 931 752 ot
947 695 1003 751 hoc

175 786 333 843 consilinm
349 788 434 843 nabis
446 787 743 855 dederunt,dixerunt
754 787 848 851 nohis,
862 786 939 858 quod
956 801 1004 857 pa·

175 875 231 932 rati
247 881 317 931 suat
332 893 395 943 nos,
411 876 568 932 auxiliante
585 876 720 946 Domina,
732 877 761 931 in
774 875 910 931 omnibus
923 875 1003 946 adju·

176 981 255 1031 vare,
267 969 299 1019 ut
314 965 401 1020 istam
417 965 584 1020 firmitatem
601 966 751 1037 possimus
766 965 801 1020 ad
817 964 940 1019 invicem
956 965 1003 1020 oh·

177 1069 302 1112 servare.
318 1054 352 1109 Et
382 1058 536 1126 propterca
564 1055 700 1109 volumus
723 1071 739 1109 a
762 1054 845 1109 vobis
874 1057 1002 1109 vostrum

178 1159 354 1200 consensum
370 1148 398 1198 at
420 1143 600 1198 voluntatem
625 1145 735 1209 audire,
752 1143 776 1198 si
801 1147 830 1198 et
853 1143 907 1197 hoc
923 1142 1004 1197 vohis

177 1232 250 1288 bene
265 1232 389 1298 videtur,
401 1237 430 1287 et
445 1233 529 1287 nabis
545 1233 613 1287 inde
629 1232 769 1287 auxilinm
786 1231 872 1287 valiis
888 1235 1005 1303 prasta-

66 1335 72 1341 ’
178 1338 219 1387 ro,
232 1327 265 1376 ut
280 1321 335 1377 hoc
351 1321 501 1393 possimus
522 1338 589 1376 cum
614 1321 664 1377 Dei
690 1321 886 1392 adjutorio-ct
908 1324 1004 1375 vestro

178 1406 343 1465 observare.

213 1499 392 1554 Aitnantiatio
404 1501 437 1534 ³⁸³
449 1501 601 1555 illotharii.
611 1498 730 1552 -sieut
747 1516 829 1554 meus
844 1497 1005 1553 avunculus

178 1586 261 1642 vobis
272 1586 500 1658 dicit,qnantun1
515 1593 589 1642 [taus
604 1587 676 1641 mihi
688 1587 761 1642 scire
777 1591 804 1642 el
820 1604 904 1659 possa
915 1588 1006 1642 dona·

179 1676 298 1742 veritat
311 1675 339 1730 in
351 1677 384 1710 7⁸⁶
396 1676 444 1730 illa
457 1675 594 1731 tirmitate
606 1692 671 1729 cunr
686 1677 798 1731 seniore
810 1693 875 1731 moa
887 1676 962 1730 t'acta
977 1674 1005 1730 in

180 1781 240 1836 qua
250 1781 296 1820 me
308 1765 446 1836 suscepit.
458 1771 486 1819 et
502 1781 590 1836 quam
608 1765 706 1819 senior
720 1782 803 1820 meus
814 1769 915 1820 contra
924 1761 1011 1819 illum'

155 1853 158 1858 ’
181 1853 332 1921 lecit,volo
355 1870 549 1927 perseverare,
561 1858 589 1908 et
604 1852 683 1908 illam
701 1870 789 1925 quam
816 1857 916 1909 cantra
940 1871 1007 1909 enm

181 1942 245 2008 leci,
257 1959 325 1998 cum
340 1942 390 1998 Dei
407 1942 552 2012 adjutorio
568 1942 631 1997 volo
648 1942 771 1998 tirmiter
785 1943 949 1999 obseruare.

215 2032 282 2086 ltem
292 2031 467 2086 adnuntiatio
478 2032 575 2086 Karoli
585 2030 850 2099 reaia-Volumus
861 2049 911 2086 vos
922 2029 1005 2098 seire,

180 2118 249 2191 quia
263 2123 380 2191 propter
394 2119 466 2173 istas
480 2118 598 2191 rapinas
613 2123 641 2173 et
656 2120 961 2192 depraedationesque
977 2120 1007 2175 in

179 2222 268 2278 regno
277 2211 377 2262 nostro
390 2208 584 2275 increverunt,
594 2224 626 2262 ex
639 2212 719 2279 parta
728 2208 798 2278 quia
808 2209 913 2281 pagani
924 2209 1007 2265 nobis

179 2299 420 2368 supervenerunt,
433 2312 466 2350 ex
491 2301 572 2367 parte
595 2314 647 2368 pro
672 2295 780 2352 talibus
805 2297 1007 2354 occasionibus

180 2400 243 2456 quie
255 2383 283 2438 in
296 2400 385 2456 regno
397 2388 498 2439 nostro
509 2385 688 2447 acciderunt,
702 2385 846 2456 synodum
859 2387 1007 2459 episcopo-

180 2490 245 2528 rum
257 2476 286 2528 et
297 2471 462 2544 aliquantos
474 2474 509 2528 de
521 2473 629 2528 nostris
642 2473 777 2529 fidelihus
791 2492 841 2546 pro
853 2476 1006 2548 oportuni-

181 2565 240 2617 tate
251 2560 392 2632 temporis
403 2561 668 2628 convocavinms,et
678 2563 928 2619 consideravimus
939 2581 1005 2620 cum

179 2648 298 2722 ipsis,ut
309 2666 360 2720 per
370 2666 455 2705 omne
468 2667 590 2724 regnum
602 2655 735 2706 nostrum
747 2651 912 2724 episcopiet
923 2654 1004 2710 missi

179 2739 272 2795 nostri
283 2755 316 2793 ac
329 2738 452 2794 comites
463 2739 492 2794 in
507 2738 631 2811 singulis
644 2739 805 2811 parrochiis
815 2757 848 2796 aa
860 2742 1006 2798 comitati-

179 2828 235 2884 bus
251 2826 357 2900 plaeita
372 2831 500 2895 teneant,
515 2833 543 2883 et
559 2828 595 2883 ad
616 2827 666 2883 illa
685 2827 792 2901 placita
807 2831 1006 2889 omnishomo

180 2915 231 2990 qui
248 2917 388 2991 placitum
400 2915 546 2972 custodire
560 2917 646 2972 debet
657 2921 686 2972 et
701 2918 730 2972 in
746 2917 805 2975 illis
819 2921 1006 2977 comitatibus

180 3005 427 3072 commanet,sine
438 3005 604 3077 exceptione
613 3010 641 3060 ot
649 3007 834 3063 excusatione
843 3008 1004 3066 conveniat.

1057 519 1169 573 tantam
1185 518 1334 574 miseriam
1347 519 1379 553 ⁷⁸⁷
1401 517 1588 574 interdicant.
1600 519 1635 573 nt
1650 515 1745 572 sciant
1769 534 1888 587 omnes,

1058 605 1126 676 quia
1142 607 1321 680 quicumque
1336 606 1443 662 abinde
1458 606 1528 663 talia
1543 606 1637 662 lacere
1652 607 1887 680 presumpserit,

1057 699 1086 750 et
1101 696 1271 751 eanonicam
1287 700 1315 752 et
1332 695 1458 769 regalem
1472 695 1632 751 vindictam
1648 695 1799 768 suscipiet,
1809 694 1891 752 sicut

1057 787 1127 839 tunc
1142 785 1281 841 omnibus
1303 789 1331 839 et
1358 784 1486 857 episcopi
1501 787 1530 840 et
1545 783 1629 839 missi
1653 783 1746 839 nostri
1769 782 1889 858 plenius

1058 873 1284 930 adnunhabunt

1093 963 1159 1017 liem
1189 962 1363 1018 adnuntiatio
1392 963 1536 1018 illotharii.
1554 993 1588 1002 —
1607 962 1630 1017 l.
1657 960 1762 1018 Sciatis
1785 962 1887 1033 etiam,

1059 1050 1128 1122 quia
1153 1051 1415 1118 consideravimus,
1433 1056 1465 1106 ut
1494 1051 1690 1124 quiscumque
1717 1051 1892 1108 malefactor

1059 1139 1094 1194 de
1109 1156 1167 1193 uno
1183 1155 1272 1212 regno
1289 1144 1389 1195 nostro
1408 1140 1438 1194 in
1454 1138 1578 1195 alterum
1593 1139 1715 1203 venerit,
1730 1140 1890 1214 episcopua

1058 1227 1103 1283 vel
1120 1229 1239 1295 missus,
1252 1228 1311 1284 sive
1327 1229 1477 1295 comes,de
1493 1245 1618 1300 quorum
1637 1229 1800 1285 ministerio
1816 1231 1890 1285 etlu·

1058 1315 1134 1389 gerit
1151 1323 1182 1371 nt
1196 1318 1344 1387 justitiam
1374 1334 1432 1372 nou
1461 1317 1564 1372 reddat
1592 1317 1890 1390 autdignamvindi-

1059 1410 1136 1460 ctam
1153 1423 1210 1460 non
1227 1405 1380 1473 sustineat,
1398 1405 1456 1460 illis
1477 1405 1576 1461 missis
1592 1405 1764 1477 inquorum
1780 1407 1889 1463 missa·

1060 1494 1116 1548 tiao
1138 1495 1164 1549 in
1191 1493 1247 1550 alio
1276 1511 1364 1566 regno
1382 1494 1498 1567 fugerit,
1516 1499 1617 1550 notum
1644 1494 1764 1560 iaciant,
1781 1500 1809 1551 et
1834 1496 1889 1568 ipsi

1060 1583 1144 1639 illum
1161 1583 1258 1640 taliter
1271 1583 1483 1656 constringant,
1496 1587 1589 1639 artant
1600 1584 1636 1639 ad
1647 1583 1889 1656 compositionem

1062 1677 1112 1729 aut
1127 1673 1163 1727 ad
1178 1673 1335 1728 vindictam
1357 1670 1428 1728 illuc
1444 1672 1572 1729 reveniat
1591 1672 1641 1728 uhi
1659 1671 1770 1728 malum
1787 1689 1888 1747 perpe-

1060 1762 1157 1817 travit.
1376 1816 1380 1839 l

1097 1855 1124 1906 2.
1140 1851 1172 1905 lit
1188 1851 1297 1918 sciatis,
1315 1851 1383 1923 quia
1397 1851 1474 1907 sicut
1494 1850 1571 1907 Deus
1596 1867 1648 1922 per
1672 1868 1759 1907 suam
1774 1851 1885 1909 miseri·

1062 1941 1202 2006 cordiam,
1220 1945 1249 1998 at
1271 1957 1323 2012 per
1346 1957 1427 1996 meos
1451 1940 1611 1996 avunculos
1624 1940 1657 1975 ³⁸⁸
1673 1941 1847 2007 bonitatem,
1860 1944 1886 1998 a

1062 2047 1113 2102 par
1129 2029 1184 2084 mai
1196 2029 1320 2085 senioris
1331 2046 1363 2084 ac
1376 2046 1455 2084 meos
1467 2028 1566 2084 fideles
1576 2028 1611 2064 '⁴⁸⁹
1620 2029 1814 2101 avljutorium,
1826 2045 1883 2086 meo

1063 2117 1170 2173 seniori
1182 2120 1211 2171 in
1229 2134 1316 2190 regno
1328 2116 1467 2197 successi,
1480 2117 1520 2172 ita
1535 2121 1565 2174 et
1580 2117 1701 2174 inomni
1717 2118 1848 2175 bonitate
1861 2121 1883 2174 al

1062 2206 1091 2261 in
1109 2206 1308 2263 observatione
1324 2207 1359 2261 de
1374 2205 1432 2260 illis
1448 2205 1585 2278 capitulis
1600 2223 1674 2278 quos
1692 2224 1779 2263 meus
1795 2207 1882 2264 senior

1062 2312 1128 2350 cum
1145 2295 1206 2351 suis
1221 2295 1370 2361 iratribus,
1383 2295 1457 2350 mois
1468 2294 1631 2363 avunculis,
1644 2295 1679 2350 ad
1692 2296 1844 2352 Marsuam
1854 2297 1885 2352 da

1062 2384 1111 2439 Dei
1128 2384 1278 2440 voluntate
1298 2388 1326 2439 et
1348 2389 1455 2439 sancta
1471 2383 1601 2440 aeclesia
1617 2383 1738 2451 honore,
1756 2390 1786 2441 et
1810 2385 1892 2459 regni

1062 2473 1278 2541 stabilitatem
1304 2476 1410 2529 sanctae
1440 2472 1568 2547 ecclesia
1590 2490 1623 2528 ac
1645 2474 1729 2547 regni
1759 2473 1897 2534 fidelium

1062 2560 1251 2629 salvamento,
1268 2561 1464 2617 consideravit
1487 2565 1516 2616 et
1540 2561 1735 2629 confirmavit,
1746 2578 1816 2618 cum
1839 2562 1899 2624 ner

1061 2651 1207 2723 adjutorio
1223 2654 1252 2706 et
1271 2650 1344 2705 meis
1368 2648 1520 2705 avunculis
1532 2651 1566 2685 ⁷⁹⁰
1581 2650 1705 2707 consilio
1729 2655 1759 2706 et
1783 2649 1898 2715 auxilia

1061 2745 1089 2796 et
1105 2744 1199 2796 vestro
1215 2737 1360 2811 adjutorio
1376 2754 1548 2811 permanere
1562 2738 1636 2795 volo.

1098 2830 1187 2884 Tertia
1202 2829 1376 2884 adnuntiatio
1391 2829 1495 2884 llaroli.
1508 2859 1541 2868 —
1552 2829 1630 2884 Deus
1640 2828 1829 2902 amnipotens
1840 2848 1890 2891 na-

1061 2918 1106 2975 bis
1123 2919 1260 2986 donct,ut
1269 2921 1396 2973 vestram
1409 2916 1579 2973 fidelitatem
1591 2923 1620 2974 et
1630 2923 1761 2975 vestrum
1773 2918 1882 2991 adjuto·

1062 3008 1150 3079 rium,
1162 3024 1224 3079 quaa
1248 3023 1364 3078 semper
1379 3009 1480 3061 contra
1496 3022 1549 3062 nos
1564 3023 1633 3062 cum
1656 3007 1738 3064 omni
1763 3007 1875 3067 barnatu
1931 3048 1933 3067 ,

180 3095 215 3152 ut
229 3094 357 3168 episcopi
374 3093 511 3151 omnihus
521 3094 732 3161 demonstrent,
745 3113 834 3168 quam
850 3113 936 3170 grave
950 3099 1005 3155 hoc
1060 3099 1134 3168 (127)
1148 3095 1366 3162 demonstratis,
1382 3094 1464 3150 vobis
1479 3093 1521 3150 sic
1537 3111 1649 3151 merore
1668 3092 1825 3168 possimus,
1836 3097 1870 3152 ei·

180 3183 442 3256 peccatumsit,et
466 3181 582 3254 (qualem
613 3184 815 3256 paenitentiam
845 3188 958 3258 querit,
976 3167 1041 3244 etC
1061 3192 1111 3243 cut
1136 3191 1335 3242 antecessores
1360 3183 1452 3240 nostri
1477 3182 1581 3240 vestris
1604 3183 1866 3241 antecessoribueia

179 3273 294 3346 qualem
312 3272 542 3339 damnationem,
557 3272 613 3328 nisi
632 3271 800 3345 paenitentia
816 3279 1003 3349 succurrerit,
1061 3278 1137 3333 bono
1153 3278 1333 3344 meruerunt,
1348 3277 1377 3330 et
1398 3289 1451 3328 nos
1470 3272 1553 3328 vobis
1569 3274 1734 3329 cumomni
1758 3273 1865 3330 bonitate

178 3361 323 3435 adquirat.
340 3362 375 3418 nt
390 3360 473 3418 missi
489 3361 583 3418 nostri
599 3361 726 3435 capitula
741 3361 814 3436 legis
830 3367 859 3419 ot
872 3369 1006 3424 anteces·
1060 3366 1198 3423 volumus
1212 3362 1395 3421 commereri.

637 3515 783 3576 abacti
809 3518 835 3578 ll
858 3510 1094 3585 CONVENTUS
1117 3517 1425 3582 canlslncansls.

878 3642 939 3715 (Aa.
954 3645 1016 3701 858.
1033 3650 1119 3703 Mari.
1136 3643 1193 3715 21.)

215 3764 290 3820 Petri
309 3764 415 3847 ¹Pithoei
438 3762 606 3847 editionem·
623 3780 670 3820 aa.
688 3763 757 3847 15811
773 3764 801 3819 in
818 3764 869 3821 SS.
884 3769 1039 3826 coetaneis
1054 3769 1103 3825 Xll
1118 3768 1292 3826 Sirmondus
1314 3764 1509 3893 Baluziusque
1538 3765 1731 3848 repetierunt;
1760 3774 1861 3848 quornm

112 3856 117 3865 ¹
178 3837 258 3910 prior
270 3853 473 3908 episcoporum
490 3841 519 3891 et
532 3840 684 3901 comatum,
699 3853 748 3908 qur
763 3843 948 3895 sacramento
963 3840 1214 3914 subscripserunt,
1231 3839 1351 3895 nomina
1365 3856 1400 3895 ex
1415 3855 1447 3894 co
1471 3854 1513 3893 ica
1529 3838 1718 3894 Laudunensr
1734 3837 1834 3910 adJeen.

178 3976 243 4032 Acta
257 3985 322 4032 eant
337 3977 395 4033 hac
409 3979 551 4049 repetentia
573 3976 645 4051 apud
662 3979 836 4036 Curisiacum
857 3983 1005 4054 palatium,
1061 3982 1129 4040 inde
1145 3982 1303 4049 retraham,
1319 3986 1462 4054 quantum
1478 3980 1555 4036 Deua
1572 3979 1645 4036 mihi
1662 3972 1861 4036 intellectuntl

213 4062 287 4102 antio
316 4050 519 4104 incarnationis
547 4050 691 4105 dominica
719 4052 781 4116 858,
806 4056 887 4123 repni
916 4062 1007 4111 autem
1061 4071 1286 4145 possibilitatem
1302 4070 1463 4126 donaverit,

213 4118 645 4262 fmffiffieifflgffl⁰m
659 4123 687 4189 θ’
704 4125 739 4176 ¹2
762 4123 876 4179 K‘dend'
891 4127 1006 4197 ΛΡΜ*
1096 4161 1304 4219 Sacramentum
1318 4160 1400 4230 rapit.
1412 4191 1445 4200 —
1457 4160 1491 4215 at
1503 4175 1568 4239 ¹ego,
1585 4163 1731 4232 quantum
1751 4151 1859 4216 salaai

1061 4249 1273 4306 rationabiliter
1296 4254 1428 4321 potuero,
1445 4247 1568 4304 Domino
1593 4249 1762 4320 adjuvante,
1777 4256 1858 4303 unum·

168 4378 171 4385 .
212 4331 420 4389 Sacramentum
429 4331 599 4404 (idolium-
612 4333 759 4396 Quantum
769 4335 861 4391 sciero
871 4342 899 4392 ct
909 4343 1008 4409 potue·
1061 4336 1858 4412 quemquevestrumsecundumsuumardinemetpn

176 4439 219 4494 ro,
231 4422 356 4479 Domino
380 4423 547 4493 adjuvante,
559 4421 671 4493 absque
696 4422 756 4477 ulla
779 4424 932 4481 dolositate
956 4430 1007 4482 aut
1061 4445 1163 4483 sonam
1179 4427 1328 4482 honorabo
1344 4431 1372 4482 et
1394 4426 1524 4494 salvabo,
1540 4431 1569 4482 et
1584 4425 1762 4483 honoratum
1774 4439 1802 4481 ac
1814 4413 1857 4477 etl·

177 4512 359 4580 seductione,
371 4515 398 4567 et
414 4510 537 4567 consilio
553 4513 581 4566 et
596 4509 704 4566 auxilio
728 4513 890 4568 secundum
906 4530 1006 4571 meum
1023 4521 1045 4585 Β
1061 4521 1158 4572 vatum
1184 4516 1295 4588 absque
1319 4514 1379 4570 ullo
1404 4516 1470 4573 dolo
1499 4533 1533 4572 ac
1560 4515 1752 4572 damnatione
1767 4508 1805 4569 vel
1821 4507 1855 4563 dt·

178 4600 373 4657 ministerium
390 4604 419 4656 et
439 4600 601 4657 secundum
626 4617 721 4656 meam
738 4618 893 4674 personam
911 4604 1006 4661 lldelis
1060 4605 1192 4677 ceptione
1221 4605 1407 4673 conservabo,
1431 4608 1460 4660 et
1484 4604 1644 4677 unicuique
1672 4600 1853 4677 ammenta

176 4688 259 4754 vobis
274 4690 393 4761 adjutor
408 4707 467 4757 ero,
479 4694 512 4744 ul
527 4689 607 4745 illam
623 4694 807 4762 potestatem,
820 4709 908 4764 quam
925 4692 954 4748 in
965 4711 1006 4751 re·
1060 4694 1153 4766 legem
1178 4698 1205 4749 et
1225 4693 1373 4765 justitiam
1389 4694 1577 4750 conservabo.
1594 4693 1629 4749 lit
1653 4693 1705 4766 qui
1728 4690 1802 4747 illam
1819 4695 1853 4741 tt·

176 4777 353 4852 gionomine
364 4779 584 4851 ctregnovobis
600 4779 677 4834 Deus
693 4780 845 4848 concessit,
857 4781 892 4836 ad
907 4782 1001 4854 ipsius
1059 4800 1139 4838 cesse
1163 4782 1309 4849 hahuerit,
1324 4786 1353 4838 et
1376 4781 1589 4838 rationabiliter
1611 4781 1739 4854 petierit,
1756 4775 1852 4836 ntia

175 4867 356 4923 voluntatem
377 4871 405 4920 et
428 4867 464 4921 ad
484 4870 609 4923 vestram
634 4884 668 4923 ac
691 4868 1000 4926 lideliumvcstrorum
1059 4872 1146 4927 bilem
1172 4870 1402 4927 misericordiam
1432 4871 1584 4938 exhibebo,
1610 4870 1689 4926 sicut
1715 4866 1802 4926 acala
1819 4868 1852 4916 Μ

86 4958 94 4971 ’
124 4954 130 4962 ’
176 4946 1004 5031 salvationem,cumdebitoathanareetvigore,tenere
1058 4977 1127 5016 euos
1143 4960 1243 5016 fideles
1258 4965 1434 5033 perrectum
1450 4960 1593 5016 honorare
1605 4964 1635 5016 et
1649 4941 1851 5029 salamani

176 5049 204 5102 et
218 5046 381 5120 gubernare
398 5043 517 5116 possitis
531 5062 536 5099 :
549 5049 577 5099 et
592 5061 644 5116 pro
668 5044 726 5100 ullo
749 5045 867 5102 homine
883 5064 941 5104 non
957 5065 1004 5104 me
1057 5049 1162 5122 cuique
1173 5051 1386 5121 competentem
1402 5047 1495 5123 legem
1510 5052 1538 5105 et
1548 5047 1700 5121 justitiam
1715 5046 1851 5113 innuant

850 5162 972 5219 VAltlAE
995 5164 1204 5223 LllG'l'tONES.

209 5258 443 5317 ³⁸³annuntiatio
465 5259 492 5314 3.
514 5267 678 5315 corvatanter.
717 5259 751 5295 '¹⁸⁶
765 5259 837 5316 decet
861 5261 888 5316 3.
927 5263 1094 5321 maantam
1121 5262 1294 5336 mysterium
1309 5265 1336 5318 3.
1376 5264 1409 5299 ⁷⁸⁸
1425 5266 1464 5320 ita
1488 5265 1619 5321 vetustior
1641 5263 1723 5321 lectio
1742 5242 1849 5319 elidii*
1871 5286 1888 5319 ·.

174 5340 293 5389 conecto
309 5334 339 5388 in
355 5332 411 5387 mai
427 5330 574 5399 avunculi,
592 5330 762 5404 quodetbb.
780 5331 869 5388 habet.
908 5333 1088 5393 ⁷⁸⁹meorum
1105 5334 1376 5392 atellensem.
1415 5337 1450 5373 ⁷⁹⁰
1465 5317 1848 5394 meorumavunculct'ttm'i

174 5404 232 5459 mei
246 5402 383 5460 avunculi
397 5405 475 5459 BAL.

956 5504 1072 5566 narn.
1463 5474 1467 5482 ’
1887 5448 1933 5591 Ι

211 5588 284 5669 (127)
300 5589 319 5646 i.
334 5589 528 5651 abaronatu.
