3878 6098
175 323 255 384 latu
565 317 733 382 APPEND.
757 320 808 383 AD
831 319 927 382 SAEC.
950 316 989 380 X.
1005 347 1044 397 ··.
1059 317 1310 380 nouandum
1331 315 1489 381 Ll'l'DliG.
1804 313 1882 374 lm

210 454 354 512 rimhrnsii
381 454 506 508 diaconi.
529 453 670 525 Nivigolln
691 454 868 510 monasterio
891 452 1040 518 sanclaA
1094 451 1175 523 epia
1196 450 1291 507 sancti
1313 448 1447 517 selencii,
1464 447 1592 520 itemque
1617 447 1646 502 in
1670 446 1767 520 Fulgin
1792 448 1882 502 sancti

209 546 361 602 (lcrlrudis
376 543 508 616 virginis.
1042 583 1048 597 ,
1093 540 1218 612 agapiti.

173 636 222 693 XV
238 634 357 692 Kalend.
379 631 469 705 April.
494 632 578 704 Apud
603 630 763 688 Caesaream
786 631 882 687 natale
906 629 999 688 sancti
1053 629 1119 685 Vlll
1135 629 1255 685 Kalend.
1272 625 1880 700 AprilrlpudcivitatemGalileeNazareth

208 722 363 782 Alexandri
377 720 505 793 episcopi
522 724 551 776 ei
566 719 765 794 martyrisqni
781 736 848 776 cam
863 719 999 775 Narcisso
1089 716 1281 774 Annuntiatio
1297 721 1405 773 sancte
1421 732 1454 771 aa
1470 719 1615 788 perpetua
1635 715 1760 788 uirginis
1775 714 1878 783 Maria,

208 810 476 884 Hierosolymitanae
492 808 624 866 Ecclesia
640 809 838 882 gubernacula
859 808 998 881 suscepit.
1089 807 1162 862 etin
1178 805 1386 879 Hierosolymis
1400 804 1549 861 crucifixio
1565 804 1681 860 Domini
1702 803 1803 873 nasim
1813 804 1877 861 iesu

209 903 308 960 Romae
323 898 420 972 Cyrilli
437 898 565 971 episcopi
580 903 608 954 at
623 899 808 955 confessoris.
1089 894 1294 966 Christihpud
1309 893 1457 964 syrmium
1474 891 1570 948 natale
1584 893 1676 948 sancti
1687 892 1811 949 Hereaei
1823 893 1878 966 epi-

290 990 372 1047 Dhiit.
381 988 566 1045 Walalrarias
580 988 703 1045 sacerdos
717 997 743 1045 et
756 988 892 1045 decamus.
1069 1057 1072 1061 Α
1089 985 1169 1058 scopi
1184 987 1214 1040 ei
1223 981 1472 1056 martyrisnomae
1482 982 1581 1055 passio
1592 980 1794 1054 sanctiCyriai
1806 998 1878 1037 mar-

172 1083 234 1140 XIV
249 1079 368 1138 Kalend.
382 1076 472 1152 April.
489 1078 522 1132 In
544 1077 672 1133 Caesarea
697 1075 883 1148 Cappadocia
905 1073 998 1131 sancti
1089 1072 1171 1147 tyris.
1188 1072 1358 1132 Nicomedia
1372 1071 1471 1127 natale
1484 1074 1590 1127 sancta
1603 1068 1720 1127 Sedulae
1734 1069 1878 1142 martyris.

209 1167 355 1227 Theodori
371 1165 543 1241 presbyteri.
568 1166 652 1238 Apud
677 1166 871 1221 Penarensem
896 1165 999 1220 urbem
1090 1163 1121 1218 ln
1135 1164 1225 1219 Antra
1241 1160 1339 1217 insula
1353 1158 1449 1216 natale
1464 1160 1558 1217 sancti
1572 1159 1740 1216 hemelandi
1755 1159 1877 1216 abbatis.

207 1259 284 1316 beati
296 1255 440 1314 iohannis
454 1272 569 1331 magna
583 1253 999 1312 sanctitatisviri.surrentum
1126 1251 1200 1308 Obiit
1220 1249 1349 1306 ilduinus
1372 1250 1534 1306 secoviensis
1561 1248 1772 1306 archidiaconus
1801 1248 1879 1320 liuius

184 1387 186 1390 -
208 1353 376 1405 sanctorum
392 1348 556 1417 martyram
570 1342 680 1415 anina,
695 1340 997 1410 Quintilli,0uartilln,
1088 1340 1378 1398 emtesimcmauicus.
1447 1379 1451 1385 .

207 1436 296 1493 Marci
312 1451 378 1492 cum
394 1434 460 1490 aliis
475 1448 589 1489 navem.
1061 1430 1113 1486 Vll
1128 1427 1250 1486 Kalend.
1267 1426 1356 1501 April.
1373 1427 1471 1483 Roma
1487 1426 1582 1482 sancti
1594 1425 1707 1483 Gaetuli
1718 1425 1877 1500 presbyteri

172 1525 236 1580 xtu
250 1519 468 1591 Kalendhpril.
479 1520 508 1574 ln
527 1518 687 1575 Britanniis
697 1515 895 1577 natalesancti
906 1515 998 1584 Claud·
1088 1523 1118 1574 et
1133 1513 1463 1590 martyrisPentapolim
1477 1515 1572 1588 tybia
1582 1515 1728 1572 Theodori
1739 1515 1879 1589 episcopi,

208 1611 318 1668 hrchcti
344 1608 470 1681 episcopi
497 1611 525 1662 et
550 1607 675 1663 consess.
699 1607 808 1664 Eodem
833 1606 881 1665 dis
903 1604 999 1663 natale
1087 1606 1192 1663 Yrenei
1205 1607 1330 1673 diaconi,
1347 1605 1713 1677 Serapionisetllmmanii
1727 1604 1878 1661 lectarum.

208 1699 301 1755 sancti
323 1695 462 1769 Archippi
485 1694 693 1752 commilitonis
709 1694 791 1751 Pauli
815 1693 950 1767 apastoli.
966 1693 1000 1753 ln
1087 1695 1172 1769 Apud
1186 1695 1333 1768 syrmium
1348 1692 1445 1750 natale
1460 1692 1553 1749 sanati
1570 1691 1702 1749 Montani
1717 1694 1878 1767 presbyteri

207 1788 291 1862 Syria
305 1790 474 1843 sanctorum
489 1784 582 1850 Pauli,
593 1782 702 1856 cyrilli,
714 1783 835 1856 Eugenii
848 1800 915 1839 cum
931 1781 1040 1887 aliisB
1089 1790 1118 1844 et
1131 1784 1263 1843 Maxime
1275 1783 1374 1840 uxoris
1389 1783 1453 1854 ejus
1468 1782 1497 1838 in
1513 1799 1593 1838 mare
1606 1799 1784 1840 mersorum.

207 1895 247 1934 av.
266 1875 392 1948 lpsodie
407 1872 501 1929 sancti
516 1872 685 1928 Willranni.
1127 1874 1205 1937 Obiit
1232 1877 1292 1947 Aya
1316 1880 1420 1930 sanctae
1446 1871 1543 1929 llariae
1568 1873 1684 1928 ancilla.
1709 1871 1810 1928 Eodem
1836 1872 1878 1928 die

243 1965 318 2021 Obiit
331 1963 470 2020 taloardus
483 1963 625 2034 presbyter
637 1968 664 2016 et
676 1961 795 2017 Araitdis
816 1965 872 2017 Dee
893 1960 995 2030 deuoti,
1087 1965 1157 2023 adiit
1168 1963 1271 2023 dnasia
1282 1970 1371 2020 niater
1391 1961 1497 2017 domini
1520 1960 1620 2016 Acardi
1637 1962 1879 2034 presbyterique

207 2057 255 2128 qui
269 2054 342 2111 dedit
355 2052 489 2125 fratribus
504 2053 534 2106 in
549 2051 646 2119 villari
663 2052 837 2107 tornetrense
859 2059 885 2105 et
909 2049 997 2106 llaro·
1086 2053 1161 2109 dedit
1196 2052 1337 2110 manicis
1372 2051 1463 2105 satiati
1499 2049 1648 2121 Stephani.
1670 2052 1879 2122 protomartyris

207 2144 243 2198 lia
259 2144 391 2214 optimum
406 2139 518 2195 alodum
532 2154 594 2193 cum
608 2139 712 2210 capella
724 2155 775 2209 pro
797 2139 842 2193 sui
864 2139 997 2194 memoria
1087 2141 1235 2216 pastoriam
1248 2143 1358 2198 vinam
1370 2141 1511 2212 optimam,
1527 2139 1576 2194 hoa
1587 2145 1669 2210 pacto
1683 2146 1715 2195 ut
1727 2141 1778 2210 pai
1791 2147 1880 2194 motu·

205 2232 341 2304 fascienda.
1087 2233 1154 2288 tinis
1168 2231 1243 2287 liaris
1259 2226 1605 2298 semimortuorum
1619 2227 1735 2283 duraret
1750 2229 1878 2283 liberent.

169 2322 220 2378 th
232 2319 354 2376 Kalend.
371 2317 460 2390 April.
477 2317 560 2389 Apud
575 2315 730 2373 Cassinum
750 2320 879 2371 castrum
902 2315 995 2371 saneti
1086 2322 1219 2379 Cononioi
1232 2327 1324 2375 autem
1339 2319 1389 2390 pai
1400 2324 1480 2375 masat
1494 2319 1525 2374 in
1538 2317 1658 2388 capitulo
1670 2317 1720 2372 tac
1744 2333 1881 2373 mneesse-

206 2410 298 2482 pdiris
318 2406 411 2463 nostri
437 2404 582 2461 Benedicti
608 2405 731 2474 abbatis,
747 2404 796 2476 qai
819 2404 873 2459 luit
890 2405 995 2477 spiritu
1086 2419 1159 2467 root.

151 2550 154 2553 .
201 2498 352 2568 justorum
368 2494 500 2551 omnium
517 2492 633 2567 plenus.
649 2493 684 2548 Et
702 2492 731 2547 in
757 2493 920 2550 l'laviniaco
944 2495 994 2549 ad·
1049 2499 1087 2556 Vl
1104 2498 1163 2556 llal.
1179 2496 1269 2572 April.
1282 2497 1365 2570 Apud
1376 2495 1532 2570 AEgyplum
1543 2493 1726 2558 &iohannis
1738 2495 1874 2563 eremita,

204 2590 308 2642 reatus
323 2588 352 2641 et
364 2583 493 2655 exceptio
508 2581 638 2654 corporis
653 2585 759 2637 sancta
774 2582 890 2655 Regina
906 2582 994 2656 virgi·
1085 2587 1264 2645 admirande
1280 2584 1487 2652 sanctitatiset
1497 2582 1656 2658 prophetie
1669 2583 1794 2657 spiritus
1809 2585 1873 2641 viri.

205 2675 251 2730 nis
267 2680 295 2730 et
317 2672 463 2746 martyris.
481 2672 514 2727 lu
536 2671 680 2726 territorio
702 2671 891 2744 Lugdunensi
915 2672 993 2727 beati
1084 2675 1293 2749 Hierosolymis
1322 2674 1506 2732 Resurrectio
1535 2671 1655 2730 Domini
1682 2672 1776 2732 necui
1805 2674 1873 2730 iesu

204 2762 337 2837 Lapicini
351 2760 476 2818 abbatia.
492 2760 527 2815 Et
541 2759 571 2814 in
584 2758 758 2815 Alexandria
773 2758 850 2815 beati
864 2760 994 2833 Serapio·
1084 2766 1201 2822 Christi.
1218 2765 1301 2838 Apud
1317 2768 1472 2834 Smyrnam
1488 2763 1563 2819 beati
1579 2764 1696 2819 Trasess
1705 2762 1874 2838 episcopitii
1914 2768 1921 2774 '

203 2853 250 2909 nis
265 2851 449 2909 unachorlloe·
1084 2854 1230 2928 martyris.
1248 2854 1280 2910 ln
1293 2852 1443 2909 Pannonia
1466 2852 1558 2909 sancti
1582 2850 1741 2908 Alexandri
1765 2855 1872 2927 mno-

166 2942 203 2997 lll
219 2938 440 3011 llalendrdpril.
457 2938 489 2993 In
505 2936 606 2994 Galliis
620 2937 734 2993 civitate
744 2938 885 2993 Narbona
896 2937 993 2995 natale
1083 2944 1133 3000 ris.

203 3029 297 3086 sancti
313 3027 394 3084 Pauli
409 3026 538 3099 episcopi
551 3031 580 3082 et
592 3026 766 3082 confessoris
779 3027 915 3098 discipuli
928 3045 994 3100 apa·
1046 3028 1300 3104 Viinlendhpril.
1318 3035 1451 3088 Cesarea
1468 3028 1618 3086 Palestinae
1640 3030 1739 3087 aalma
1759 3034 1896 3096 senatun

203 3115 355 3173 stolarum.
371 3115 455 3188 Apud
471 3114 642 3171 Corinthum
661 3114 739 3170 beati
762 3115 891 3188 Dionysii
915 3115 992 3187 epis·
1082 3139 1149 3178 rum
1160 3126 1322 3194 martyrum
1335 3117 1875 3187 Prisci,lllalehi,Alexandri.Carillono

202 3206 275 3279 copi.
292 3205 410 3261 Ciuitate
426 3204 545 3260 Diterris
560 3203 655 3260 sancti
669 3203 806 3260 Alrodisii
821 3204 949 3277 episcopi
965 3189 1029 3261 etC
1082 3210 1225 3284 depositio
1253 3209 1353 3265 domni
1383 3207 1544 3266 Gontranni
1572 3208 1661 3282 ragis.
1679 3209 1779 3264 Roma
1803 3209 1872 3264 sixti

200 3295 388 3351 contessoris.
1080 3317 1172 3374 papae.
1190 3299 1302 3356 Tharsa
1316 3297 1421 3354 Cilicia
1436 3297 1563 3354 Castoris
1578 3301 1607 3353 ei
1622 3297 1771 3354 Dorothei.

237 3386 317 3443 otta
332 3382 476 3441 Conradm
490 3399 576 3441 comes
590 3391 616 3438 et
630 3381 817 3454 Mapiniridus
830 3382 908 3438 miles
922 3399 989 3439 san·
1114 3388 1212 3445 Eodem
1231 3388 1276 3444 die
1298 3388 1366 3444 obiit
1386 3388 1513 3444 ansellus
1536 3387 1649 3458 juvenis
1672 3387 1754 3444 mites
1768 3389 1797 3444 S.
1812 3392 1868 3445 Ste-

198 3476 235 3530 cti
248 3474 388 3546 Stephani.
404 3472 503 3529 Eodem
521 3473 565 3528 die
588 3472 656 3528 oliit
678 3471 852 3527 Theodericus
875 3474 988 3529 canoni·
1077 3479 1172 3550 phani.
1189 3479 1265 3545 Item,
1280 3477 1349 3533 obiit
1364 3475 1506 3533 Condrada
1518 3475 1571 3533 Deo
1583 3483 1703 3532 sacram

198 3580 247 3619 cus
262 3570 287 3619 et
302 3563 502 3633 sacerdos‚‘qui
522 3560 594 3617 dedit
617 3560 727 3617 damam
751 3577 831 3616 suam
845 3568 872 3616 et
885 3562 987 3626 uineas,
1043 3566 1081 3620 IV
1096 3564 1217 3622 Kalend.
1231 3555 1322 3638 April.
1338 3563 1439 3621 Natale
1454 3567 1501 3619 SS.
1514 3568 1678 3637 martyram
1693 3565 1866 3638 Armogasti

157 3713 160 3717 ,
198 3651 331 3725 quidquid
357 3652 440 3706 etiam
467 3652 641 3721 proprietatis
666 3650 763 3705 hahere
787 3648 937 3718 uidebatur,
953 3649 990 3706 ad
1077 3653 1250 3720 Archinimi
1267 3656 1295 3709 ei
1309 3651 1402 3726 Satyri
1417 3657 1548 3724 tempore
1569 3650 1750 3709 wandalicus
1775 3670 1865 3726 perse·

197 3742 331 3813 hospitate
343 3756 497 3812 paupmum
509 3755 560 3811 pro
574 3737 719 3794 obtinenda
735 3740 815 3793 venia
828 3737 989 3794 delictorum
1079 3742 1215 3800 cationis.
1233 3742 1409 3798 Monastsrio
1432 3741 1604 3798 Luxoviensi
1621 3741 1770 3813 depositio
1794 3741 1864 3798 beati

197 3846 321 3886 snorum.
1078 3831 1205 3888 Eustasii
1222 3830 1336 3886 abbatis
1351 3829 1487 3903 discipuli
1502 3834 1530 3886 S.
1546 3828 1731 3887 Columhnni.

161 3918 185 3972 X
201 3915 523 3988 KalendhprilNatale
534 3920 702 3972 sanctorum
715 3918 878 3987 martyrum
891 3914 988 3972 Victo·
1112 3919 1259 3980 Ordinatio
1273 3919 1369 3976 domm
1386 3919 1516 3976 Watdmci
1530 3921 1659 3992 episcopi.
1676 3920 1740 3992 lpsa
1750 3919 1796 3976 die
1805 3922 1865 3977 odiit

197 4006 435 4073 riaai,Frumenti
447 4010 475 4061 et
490 4004 611 4061 alterius
628 4004 987 4077 Frumentitduorumqae
1077 4010 1152 4067 Dodo
1166 4010 1245 4066 mites
1260 4010 1349 4065 saneti
1362 4008 1502 4081 Stephani.

196 4108 403 4164 germanorum
419 4092 535 4165 egregia
549 4096 695 4150 tormento
711 4097 915 4149 coronatorum
931 4093 987 4150 sub
1041 4102 1080 4153 111
1098 4097 1218 4156 Kalend.
1231 4097 1323 4170 April.
1341 4098 1438 4154 Roma
1454 4095 1549 4153 natale
1563 4100 1610 4152 SS.
1626 4103 1794 4170 martyrum
1807 4097 1865 4166 Dui-

196 4179 339 4238 Horonica
354 4197 431 4254 roge.
448 4182 532 4253 Apud
546 4182 674 4237 Africam
688 4180 767 4237 beati
780 4182 885 4238 Fidelis
907 4199 987 4239 mar·
1076 4186 1143 4253 riui,
1159 4186 1381 4261 Tribunihpud
1395 4189 1525 4242 castrum
1539 4185 1805 4243 silvanectensium
1819 4189 1864 4243 de·

195 4271 277 4345 tyris.
1076 4276 1181 4349 positia
1203 4276 1233 4332 S.
1251 4275 1354 4349 Reguli
1379 4275 1553 4332 confessoris
1578 4278 1607 4331 et
1627 4275 1718 4349 primi
1745 4276 1863 4333 ciuitatis

233 4359 357 4418 Gularm
372 4358 582 4417 archidiaconus
596 4359 674 4427 abiit,
691 4361 740 4432 pai
753 4358 827 4416 dedit
850 4359 986 4434 fratribus
1076 4365 1170 4437 ipsius
1184 4364 1323 4438 episcopi.
1339 4364 1552 4421 Thessalonica
1569 4363 1678 4420 natalis
1698 4358 1862 4421 sanctorum

193 4452 252 4507 suis
266 4467 345 4507 omne
356 4448 494 4523 praedium
512 4465 594 4505 situm
618 4448 688 4521 qaod
711 4451 742 4504 in
763 4448 900 4514 metandis
915 4458 940 4505 et
955 4452 985 4505 in
1076 4453 1189 4510 Domini
1206 4457 1235 4510 et
1248 4452 1386 4510 Victoris.

194 4541 312 4596 circuitu
327 4541 414 4612 ipsius
428 4538 527 4595 trabere
550 4539 625 4594 visus
647 4545 687 4594 est
709 4537 744 4594 nd
768 4539 929 4594 crameriam
942 4541 988 4595 sui
1002 4556 1025 4620 p
1040 4539 1136 4599 Pridie
1150 4541 1272 4599 Kalend.
1288 4541 1479 4615 Aprildiomae
1495 4540 1654 4597 &Belbina
1669 4541 1863 4617 virginisque

194 4627 360 4699 faciendam.
375 4628 474 4684 llodem
488 4627 532 4682 dic
549 4630 592 4681 W
591 4627 711 4683 illelmus
735 4627 822 4682 tanus
846 4629 914 4684 odiit
936 4630 986 4700 qui
1071 4632 1241 4703 jacetjuxta
1253 4635 1366 4704 patrem
1377 4648 1464 4687 suum
1475 4630 1629 4696 Quirinum
1641 4633 1862 4704 martyremlio-

197 4715 271 4772 dedit
283 4718 355 4772 inter
367 4718 467 4788 iratres
481 4725 506 4773 et
520 4717 608 4772 altare
627 4717 827 4789 patrimonium
849 4733 930 4772 suum
953 4718 984 4773 in
1073 4720 1140 4777 dem
1156 4721 1203 4777 die
1221 4723 1330 4777 Amoos
1354 4720 1511 4795 propheta.
1528 4718 1561 4776 ln
1576 4718 1675 4778 Africa
1689 4724 1741 4790 SS,
1759 4719 1861 4777 Diodoli

176 4806 340 4874 Senoniae,
356 4806 385 4860 in
399 4806 466 4862 uitta
480 4805 645 4876 confluente.
660 4805 759 4862 liudem
781 4805 825 4861 die
848 4806 915 4862 obiit
928 4808 982 4862 An·
1074 4814 1102 4866 st
1116 4809 1224 4866 Anesii.

193 4894 273 4951 dreas
285 4895 374 4950 miles.
1109 4903 1171 4971 Ipsa
1193 4899 1238 4954 dic
1263 4899 1332 4955 obiit
1360 4899 1472 4955 Batinus
1498 4899 1579 4955 lenita
1599 4902 1628 4954 et
1651 4902 1811 4968 canmieus,
1825 4900 1863 4954 nir

157 4984 194 5039 IX
209 4982 463 5056 Kaiend.April.In
479 4983 560 5056 Syria
574 4983 671 5040 natale
685 4984 779 5040 sancii
794 4984 984 5057 Seleucilpso
1074 4988 1194 5046 liciniae
1214 4990 1290 5055 uite,
1316 4990 1364 5061 tat
1390 4990 1530 5044 canonicis
1555 4990 1646 5044 saneti
1671 4989 1810 5063 Stephani
1830 4987 1861 5043 ad

193 5072 418 5129 diesanctorum
428 5071 985 5146 llamulietSecundoli,quiapudMau·
1073 5076 1197 5134 emendos
1227 5077 1333 5133 reditas
1358 5077 1437 5134 mitte
1463 5077 1563 5133 solidos
1589 5076 1673 5146 dedit,
1707 5078 1742 5135 de
1769 5080 1860 5152 quihus

192 5161 330 5218 ritaniam
339 5178 392 5235 pro
401 5160 516 5218 Christo
526 5161 605 5234 passi
617 5162 797 5218 anatliema
808 5162 907 5234 passio
918 5179 983 5219 san·
1071 5166 1191 5235 sinpatis
1205 5168 1288 5223 annis
1312 5167 1464 5223 commannis
1488 5168 1597 5239 reiectio
1621 5170 1768 5224 scaenicis
1789 5167 1859 5225 saii-

191 5250 229 5306 cti
245 5250 386 5324 Pigmenii
402 5250 574 5324 presbyteri.
584 5250 635 5306 llic
650 5248 802 5306 lulianum
818 5255 982 5323 apostatam
1073 5254 1178 5311 beatur.

191 5356 208 5395 a
222 5355 240 5410 p
264 5355 313 5395 ero
328 5340 449 5404 nutrivit
463 5344 492 5396 et
506 5337 598 5396 sacris
613 5338 718 5395 litteris
743 5339 877 5410 erudivit,
892 5357 909 5396 a
924 5357 982 5414 quo
1372 5345 1523 5403 APRiLls.

191 5432 292 5498 postea
308 5428 336 5484 in
353 5429 483 5486 'l'iherim
499 5447 551 5502 pro
566 5428 673 5484 Christi
697 5428 754 5483 side
779 5433 898 5485 necatus
920 5433 979 5498 est;
1035 5423 1182 5490 kalendas
1206 5431 1297 5505 April.
1314 5436 1346 5489 ln
1361 5434 1500 5492 Armenia
1523 5435 1572 5491 SS.
1588 5438 1756 5508 martyrum
1779 5434 1859 5501 Dnia-

191 5512 354 5588 dehincque
370 5517 547 5586 abstractas,
563 5515 696 5590 sepultus
721 5519 766 5573 est
789 5515 819 5572 in
839 5517 981 5574 cimiterio
1072 5522 1153 5590 tiani,
1169 5522 1405 5579 Victorisliome
1420 5522 1569 5596 Depositio
1583 5523 1765 5583 beatissime
1776 5525 1858 5582 Theo

87 5625 90 5631 ·
180 5599 327 5662 -Poatisni
342 5621 400 5665 aaa
416 5603 501 5681 louge
516 5622 533 5665 a
547 5605 656 5665 sanetis
670 5605 773 5680 sedon
783 5607 980 5666 etSeaaenln
1071 5611 1147 5670 dore
1161 5611 1356 5690 martyriale
1370 5611 1579 5674 uheasuoaica
1598 5613 1699 5676 natale
1712 5614 1767 5677 88.
1777 5611 1856 5689 ritui·
