3878 6098
56 344 123 409 ΜΘ
271 342 274 347 ’
572 332 818 403 FRANGORUM
839 328 976 397 libauit
996 328 1271 392 maritumam.
1712 330 1772 392 tto

61 476 184 538 mentiri
194 477 348 537 conantur.
364 473 451 532 Tales
464 478 534 546 ergo
549 469 586 528 ab
601 469 750 544 episcopo
768 465 895 524 civitatis
909 463 937 534 Α
952 468 982 521 et
995 463 1032 521 ab
1046 463 1120 538 ipsis
1139 462 1326 537 presulibus,
1342 460 1420 536 qnod
1444 459 1565 519 minime
1588 460 1696 532 decuit,
1711 466 1772 521 tam

61 567 95 627 in
107 568 196 642 cujus
211 563 376 641 parroecbia
399 561 496 621 scelus
509 560 703 618 commissum
722 562 777 624 est,
794 555 895 614 statim
949 555 1080 613 virorum
1095 551 1373 626 quamieminarnm
1385 550 1775 610 monasteriadestructein·

61 655 274 724 communione
296 652 414 728 privati,
429 652 466 707 ed
486 649 630 724 agendam
645 647 835 722 penitentiam
850 662 896 701 co
948 644 1116 710 veniuntur,
1134 642 1244 716 placuit
1259 646 1366 699 sancta
1382 642 1504 716 synodo,
1521 645 1554 698 ut
1567 642 1604 698 ab
1628 641 1775 716 episcopia

64 744 306 821 ganturScribat
318 746 416 799 autem
434 739 486 813 qui
502 754 571 795 eum
583 735 790 794 communione
804 734 898 808 prive-
950 734 1080 807 primum
1095 750 1196 790 eornm
1212 736 1308 789 status
1324 731 1553 805 recuperationis
1569 736 1668 788 sumat
1689 747 1776 788 exor-

62 834 151 902 verit,
177 833 244 890 aliis
268 832 303 868 ’¹⁸
322 845 440 904 quoque
462 826 608 901 episcopis
629 825 660 882 in
685 841 810 897 quornm
833 833 916 897 par-¹
951 823 1043 890 diurn,
1059 823 1201 879 etomnia
1216 820 1394 878 monasteria
1409 838 1473 894 quae
1489 820 1545 878 sub
1570 821 1774 894 opiscoporum

66 922 246 981 roechiarum
256 915 591 989 territoriishuiusmodi
604 914 712 989 pradia
717 912 857 987 possidet,
865 916 898 968 ut
951 917 1021 970 sunt
1036 910 1325 986 potestate,protinus
1340 911 1592 967 restaurentur.llt
1605 910 1777 983 quicunque

66 1011 169 1087 stipsi
184 1026 247 1069 rem
262 1008 387 1067 scientes
398 1003 789 1064 aauaillnmcommunioue
803 1018 898 1058 remo·
951 1002 1155 1076 episcoporum
1170 1001 1206 1057 od
1222 1006 1375 1057 venturam
1391 999 1541 1073 sequentis
1558 999 1628 1057 anni
1652 999 1776 1057 Domino

68 1106 166 1169 teani,
186 1117 224 1157 ne
246 1099 321 1156 torte
336 1095 525 1170 postmodum
549 1110 602 1166 per
620 1091 817 1167 ignorantiam
841 1089 897 1147 eibi
952 1091 1078 1166 propitio
1087 1090 1231 1164 synodum
1242 1088 1494 1162 monasteriaque
1503 1087 1559 1145 sub
1570 1106 1624 1145 sua
1634 1093 1777 1162 potestate

69 1190 245 1263 subreptum
260 1189 441 1263 querantur,
457 1183 611 1241 Manifesta
634 1181 742 1239 etenim
761 1179 900 1237 ecclesia·
952 1180 1085 1254 neglecta
1099 1176 1329 1250 inerant,aliqna
1344 1195 1378 1234 cx
1392 1182 1475 1250 perte
1486 1194 1673 1251 recuperasse
1683 1195 1777 1251 reper-

31 1273 37 1281 “
72 1278 145 1342 elica
158 1277 276 1343 sanctio
286 1271 900 1345 mutinetntqmebunoepiscopoeacom-
952 1273 1001 1327 tus
1016 1287 1074 1325 nou
1090 1266 1470 1335 inanitercommunicetur.

73 1367 243 1425 manicatus
270 1368 326 1432 est,
350 1363 388 1420 ab
408 1361 474 1420 eliis
496 1361 522 1418 ei
544 1378 603 1417 non
627 1361 730 1418 debeat
752 1358 899 1434 episcopis
990 1360 1033 1415 15.
1050 1356 1193 1415 Similiter
1206 1360 1236 1413 et
1251 1356 1287 1412 de
1298 1355 1481 1413 senedochiis
1490 1357 1650 1415 statuimus
1660 1362 1693 1429 ut
1702 1375 1778 1431 qua·

69 1453 295 1518 eommunieari.
954 1464 1081 1521 eumque
1095 1445 1126 1503 in
1141 1445 1345 1519 episcoporum
1360 1449 1432 1501 sunt
1446 1448 1598 1518 potestate,
1615 1449 1778 1504 secundum

102 1547 151 1601 12.
167 1542 230 1600 lloc
244 1546 344 1599 autem
358 1539 497 1610 omnibns
511 1538 681 1596 christianis
702 1537 900 1594 intimandum
956 1535 1177 1610 dispositionem
1192 1551 1294 1591 eorum
1308 1533 1359 1607 qui
1373 1550 1408 1590 ea
1418 1533 1609 1591 instituerunt
1618 1537 1781 1609 gubernen-

61 1638 125 1704 est,
142 1630 265 1707 quiebi
279 1631 329 1705 qui
351 1627 428 1686 sacri
439 1628 541 1686 altaris
564 1627 771 1685 communione
785 1626 901 1700 privati,
954 1629 1084 1693 turona
1095 1623 1780 1696 entemsuhdetensionequidamsuntecelesire,

60 1727 96 1781 et
110 1738 169 1796 pro
183 1720 250 1778 suis
265 1717 424 1776 sceleribus
446 1716 612 1775 reverendis
632 1715 761 1774 edilibus
780 1715 901 1782 exclusi,
956 1716 1008 1774 scd
1019 1717 1105 1789 justa
1119 1714 1322 1771 institutorum
1337 1714 1454 1770 decreta
1468 1730 1519 1786 per
1534 1714 1655 1771 heredes
1664 1713 1708 1772 vel
1720 1732 1783 1788 per·

55 1809 199 1887 publicae
213 1806 379 1882 penitentie
395 1805 546 1880 subjugati
561 1805 724 1873 sunt,nullo
735 1804 846 1861 militia
856 1821 901 1862 sa·
957 1807 1085 1862 tinentes
1097 1803 1149 1877 qui
1164 1802 1331 1877 religiosam
1345 1801 1436 1860 vitam
1446 1803 1582 1861 duxerint
1591 1804 1652 1879 regi
1664 1805 1782 1872 debent,

53 1898 185 1963 calaris
200 1897 244 1955 nai
259 1896 387 1969 cingulo,
403 1894 574 1968 nullamque
588 1894 630 1952 rei
645 1893 768 1969 publice
778 1895 905 1951 debcant
959 1897 1094 1969 procuret
1108 1891 1265 1965 episeopus
1280 1896 1313 1948 ut
1327 1893 1364 1948 ab
1378 1891 1422 1948 eis
1437 1909 1494 1948 non
1508 1892 1785 1968 negligentiarum

56 1986 284 2049 administrare
299 1984 485 2059 dignitatem,
495 1982 566 2056 quia
575 2000 628 2041 nec
637 1982 830 2058 popularibus
838 2000 906 2041 con·
959 1985 984 2041 si
1000 1985 1030 2040 in
1046 1982 1145 2056 aliquo
1161 1980 1237 2037 male
1252 1979 1434 2037 tractationis
1449 1981 1566 2038 obnoxii
1585 1983 1782 2055 reperiuntur,

54 2076 216 2155 vantibus¹
227 2091 278 2133 eos
293 2072 410 2131 misceri
424 2075 547 2147 oportet,
564 2089 617 2130 nec
631 2090 735 2130 vacare
753 2070 905 2131 salutatio·
959 2071 1162 2131 ecclesiastice
1177 2069 1783 2143 subjaceantdisciplinatiuodsiheredes,

66 2166 176 2235 nibus,
193 2179 247 2221 nec
261 2160 462 2237 quorumlibet
483 2177 585 2218 causas
600 2161 746 2234 judicare,
762 2178 830 2219 cum
846 2161 907 2219 sint
961 2163 1021 2221 sive
1029 2161 1126 2219 clerici
1136 2160 1195 2218 sive
1203 2160 1435 2230 seculares,edeo
1443 2159 1610 2234 importune
1618 2167 1718 2219 contra
1726 2179 1786 2219 me·

60 2254 135 2329 i'psi
150 2249 488 2322 divinoeddictijudicio
499 2250 689 2319 ;domesticas
700 2255 906 2317 autemneces7
957 2253 1057 2327 joram
1073 2267 1194 2308 suorum
1209 2251 1325 2306 decreta
1340 2250 1381 2307 ire
1396 2250 1648 2323 temptaveriatmt
1661 2255 1785 2309 testato·

74 2344 184 2401 eitates
196 2357 301 2399 curare
315 2357 373 2397 non
393 2339 596 2414 prohibentur,
612 2339 669 2395 nisi
692 2340 776 2409 forto,
791 2345 908 2414 propter
962 2341 1003 2399 ris
1017 2340 1211 2398 institutionis
1226 2339 1409 2412 subprimere
1419 2338 1461 2395 vel
1474 2340 1631 2397 obscurare
1644 2341 1785 2409 nitantur,

77 2430 339 2504 scelerumutsepe
351 2429 384 2485 tlt
393 2426 598 2485 enormitatem
609 2429 792 2487 conscientia
807 2430 909 2487 stimu·
962 2435 991 2487 et
1006 2431 1083 2486 inter
1098 2446 1129 2486 se
1144 2427 1313 2486 senodochii
1337 2428 1533 2485 substantiam
1558 2428 1696 2497 dividere,
1711 2447 1786 2486 nun-

79 2517 304 2592 tiaexagiuttat
312 2521 410 2575 mente
419 2515 559 2590 perculsi,
571 2516 664 2590 ipsius
679 2517 797 2592 privata
807 2520 848 2576 rei
857 2520 908 2576 ed·
961 2520 1051 2577 tietur
1065 2517 1265 2576 sacratissimo
1279 2515 1460 2589 imperatori,
1476 2523 1509 2574 ut
1531 2519 1596 2590 ejus
1616 2519 1788 2577 auctoritate

84 2608 330 2671 ministrationem
356 2605 478 2680 implere
501 2606 696 2679 nequiverint.
713 2607 768 2675 Qui
790 2626 857 2666 vero
872 2609 910 2666 nd
963 2608 1135 2682 hujusmodi
1159 2611 1412 2680 transgressorum
1434 2608 1566 2681 nequitia
1588 2609 1787 2667 coherceatur.

87 2695 312 2755 admonitionem
332 2694 461 2769 episcopi
473 2711 525 2751 scu
537 2696 720 2753 sacerdotnm
741 2714 793 2770 pro
810 2715 911 2772 porpe-
999 2698 1044 2755 ib.
1058 2697 1281 2772 Suggerendum
1295 2700 1340 2754 ost
1359 2695 1537 2755 beatissimis
1561 2698 1789 2772 imperatoribus

87 2787 164 2843 tato
173 2783 271 2860 palam
286 2783 396 2842 scelere
410 2783 575 2857 penitentia
592 2785 911 2861 remediumsuscipere
965 2786 1035 2861 quin
1049 2785 1079 2843 hi
1095 2784 1146 2859 qui
1159 2785 1336 2843 monasteria
1350 2791 1379 2842 et
1393 2785 1568 2843 senedochia
1579 2788 1634 2844 snb
1644 2787 1790 2846 defensio·

97 2874 243 2944 sciuerint,
259 2871 357 2947 magis
375 2870 532 2946 abjiciendi
547 2877 628 2940 sunt,
645 2874 911 2934 anathematizandi
965 2893 1001 2933 ne
1017 2874 1092 2934 sacri
1107 2875 1207 2949 palatii
1224 2878 1395 2948 posuerunt,
1412 2876 1476 2932 ideo
1491 2876 1595 2933 iecisse
1616 2878 1789 2950 probantur,

92 2961 911 3036 scilicet„cttamqnemputridaeodosperatamcmbraab
965 2966 1043 3039 quod
1059 2982 1076 3021 a
1092 2964 1171 3021 nullo
1185 2963 1292 3021 melius
1311 2981 1400 3037 quam
1415 2983 1433 3022 a
1447 2965 1574 3022 summis
1596 2966 1790 3040 potestatibus

96 3051 393 3127 universalipecclesie
412 3068 533 3125 corporo
542 3051 718 3111 dissecandi.
736 3054 912 3128 Hnjusmodi
965 3053 1143 3128 protegenda
1156 3052 1391 3110 credideruntllt
1400 3053 1424 3110 si
1436 3071 1471 3109 aa
1485 3060 1586 3112 contra
1600 3057 1716 3113 decreta
1730 3056 1790 3114 ins·

91 3138 912 3214 iamintercbristianosnullalegnm,nullamornmmulla
965 3142 1137 3201 tituentium
1151 3141 1285 3216 personis
1300 3142 1409 3215 quibus
1425 3160 1483 3199 non
1496 3142 1565 3202 licet
1579 3144 1722 3214 dederint,
1734 3145 1791 3219 ipsi

97 3227 197 3305 collegii
214 3227 401 3304 participatio
420 3232 475 3297 est,
490 3229 599 3302 quibus
609 3248 703 3304 neque
717 3231 818 3306 inipso
832 3232 911 3291 exitu
925 3211 949 3282 C
967 3233 1188 3307 impugnatores
1203 3231 1372 3289 efficiuntur
1395 3231 1447 3305 qni
1472 3250 1657 3306 propugnare
1681 3234 1792 3291 debue-

98 3318 361 3387 mumuniceturet
376 3334 503 3391 qnorum
514 3335 609 3392 neque
625 3324 842 3392 postmortem,
858 3322 913 3381 sal·
967 3327 1052 3391 rant;
1068 3325 1097 3378 ot
1111 3322 1273 3379 carendum
1289 3338 1477 3395 summopere
1489 3327 1535 3378 est
1551 3321 1743 3395 principibus,
1759 3327 1793 3379 ut

97 3403 148 3464 tem
160 3408 235 3466 inter
250 3406 406 3464 defunctos
421 3406 775 3477 lideles,commemoratio
790 3413 912 3470 liat.8ed
968 3410 1018 3485 qui
1034 3428 1051 3466 a
1066 3409 1183 3466 nemine
1199 3426 1277 3466 nune
1292 3410 1325 3445 ²¹⁸
1339 3409 1408 3466 inde
1418 3409 1641 3481 judicanturme
1651 3409 1681 3466 in
1693 3411 1792 3467 tuturo

100 3488 164 3554 dat
172 3496 228 3554 hoc
239 3495 433 3554 inrevocabile
441 3496 589 3569 judicium
599 3498 733 3555 obdurati
740 3501 837 3557 cordis
847 3519 915 3558 con·
964 3498 1076 3573 judicio
1091 3499 1128 3555 ab
1143 3498 1342 3571 omnipotente
1352 3498 1411 3555 Deo
1423 3498 1541 3574 gravius
1548 3499 1735 3571 Judicentur3
1747 3515 1792 3556 se·

102 3580 214 3659 tapies
228 3583 688 3661 trehitmonsinemagnatamen
699 3589 915 3647 examinatione
968 3589 1098 3646 cundum
1111 3586 1406 3660 Apostolumetenim
1421 3587 1599 3644 horrendum
1613 3593 1658 3645 est
1667 3587 1794 3645 incidere

103 3673 262 3731 veniendum
277 3676 363 3741 est,et
373 3673 473 3730 omnia
484 3675 626 3733 sacerdoti
638 3675 720 3748 prius
729 3677 913 3750 experienda,
968 3678 999 3734 in
1014 3695 1121 3734 manus
1137 3675 1186 3734 Dei
1201 3676 1399 3733 viventisNos
1414 3693 1479 3733 vero
1495 3676 1565 3750 quia
1579 3676 1726 3734 debitores
1741 3694 1793 3734 sn·

102 3774 141 3827 aar
150 3763 263 3837 absque
286 3761 504 3836 metmpolitnni
525 3764 691 3839 cognitione
710 3772 739 3822 et
752 3767 914 3839 provincia·
968 3763 1553 3835 mus,utfideliterannuntiemus,idciroo
1563 3764 1715 3824 humiliter
1724 3782 1793 3841 sug-

100 3846 374 3927 liumepiacopornm
389 3852 540 3909 communi
551 3853 664 3926 iudicio
674 3854 915 3928 quemlibetana-
968 3855 1195 3932 geremue,quod
1211 3853 1297 3911 silere
1312 3871 1372 3910 nou
1386 3854 1540 3912 audemus.

98 3937 339 4005 thematizandnm
355 3955 421 3999 esse
434 3942 643 4015 permittimus.
1005 3944 1159 4003 17.0mnes
1175 3943 1352 4000 christianos
1363 3943 1438 4000 seire
1453 3943 1792 4018 oportetquiaomnium

124 4031 167 4087 ta.
188 4028 312 4104 Propter
333 4027 490 4097 assiduam·
499 4047 570 4105 erga
588 4031 730 4107 populum
745 4032 797 4090 Dei
813 4051 914 4091 curam
969 4049 1069 4091 rerum
1084 4050 1205 4091 suarum
1221 4031 1447 4090 decimationem
1463 4037 1520 4091 Deo
1536 4033 1662 4092 fideliter
1674 4034 1796 4091 reddere

95 4116 631 4194 singulisplebibnsarohiprasbyteros
640 4138 758 4194 preesse
767 4123 914 4194 volumus,
969 4121 1508 4196 debent,etsecundnmepiscoporum
1519 4123 1742 4197 dispositionem
1753 4140 1797 4181 sa·

94 4208 136 4281 qui
150 4223 212 4265 non
227 4206 326 4264 solum
338 4206 469 4282 imperiti
477 4208 556 4283 vulgi
564 4209 792 4269 sollicitudinem
800 4217 914 4287 gerant,
969 4213 1121 4271 cerdotum
1134 4215 1163 4268 et
1177 4211 1358 4285 reliquorum
1373 4210 1547 4270 clericorum
1562 4213 1667 4270 usibus
1681 4211 1797 4269 cateris-

93 4310 188 4360 rerum
202 4293 294 4352 etiam
306 4298 711 4372 eorumpresbyterorumqui
722 4317 774 4374 per
787 4301 917 4361 minores
970 4298 1242 4375 queecclesiasticis
1251 4298 1428 4358 utilitatibus
1438 4301 1648 4358 distribuendae
1658 4301 1795 4365 santoni

94 4382 190 4441 titulos
202 4382 342 4441 habitant
356 4383 444 4440 vitam
456 4387 521 4460 jugi
543 4385 805 4462 circumspectione
818 4395 915 4450 custo·
968 4406 1036 4448 vero
1050 4406 1100 4446 aas
1116 4406 1169 4446 suo
1184 4389 1304 4446 arbitrio
1315 4393 1344 4446 et
1354 4407 1412 4446 non
1423 4390 1585 4446 secundum
1596 4387 1725 4461 episcopi
1735 4387 1795 4445 dis-

95 4471 179 4543 diant,
193 4475 226 4529 et
241 4489 299 4546 qua
313 4474 518 4548 unusquisque
533 4476 680 4535 industria
693 4478 826 4536 divinum
841 4472 916 4554 opus
970 4479 1146 4553 positionem
1172 4478 1343 4550 dispensare
1366 4481 1499 4548 conatur,
1514 4475 1661 4550 duplicem
1680 4481 1795 4533 reatum

95 4559 381 4635 tremeatfepiscopo
402 4580 456 4620 suo
484 4564 670 4623 renuntient·
691 4568 749 4624 Neo
776 4569 916 4626 obtendat
930 4590 955 4656 D
970 4569 1111 4625 incurrit:
1126 4585 1218 4624 unum
1229 4565 1300 4640 quia
1310 4564 1488 4622 dominicam
1499 4565 1697 4623 substantiam
1705 4564 1796 4640 impie

96 4651 257 4725 episcopas,
270 4666 330 4707 non
343 4666 429 4724 egere
443 4652 559 4726 plebem
570 4654 915 4732 archipresbytero,quod
970 4655 1259 4725 subtrahit,alterum
1274 4654 1416 4727 quierem
1430 4670 1544 4710 sacram
1555 4655 1697 4731 sacrilega
1709 4659 1797 4713 teme·

96 4734 148 4809 lpse
162 4754 230 4795 eam
246 4738 410 4812 gubernare
424 4740 611 4807 missionis
626 4743 680 4800 etsi
695 4744 778 4803 valde
793 4747 916 4806 idoneus
970 4747 1055 4803 ritate
1070 4744 1180 4802 violare
1194 4740 1499 4817 presumitouisquis
1510 4742 1600 4817 igitur
1614 4748 1680 4818 post
1694 4745 1796 4802 admo·

95 4832 141 4896 aa,
154 4828 240 4885 decet
254 4831 354 4885 umen
377 4833 412 4885 nt
434 4831 579 4904 partiatur
602 4850 692 4891 onera
715 4852 779 4904 sua,
795 4837 917 4895 etaient
970 4836 1113 4892 ultionem
1127 4831 1257 4906 episcopi
1272 4836 1300 4887 et
1315 4832 1501 4889 sacerdotnm
1515 4832 1560 4889 vel
1575 4833 1705 4890 decimas
1726 4834 1796 4889 dare

91 4908 150 4987 lese
161 4915 279 4975 matrici
295 4918 455 4991 praestita
467 4919 712 4996 archipresbyteri
727 4925 847 4998 praesint
855 4925 916 5000 ple·
970 4926 1004 4961 ²¹¹
1014 4920 1284 4995 contempserit,vel
1299 4938 1352 4993 pro
1368 4938 1421 4978 suo
1436 4921 1556 4979 arbitrio
1571 4922 1678 4995 quibus
1692 4921 1794 4978 dandae

89 4996 186 5071 bibus,
201 5003 280 5061 utin
295 5005 377 5063 nullo
391 5007 498 5066 titubet
511 5009 709 5070 ecclesiastica
732 5013 915 5084 sollieitudo;
971 5031 1030 5072 non
1045 5016 1115 5069 sunt
1128 5013 1198 5069 dare
1214 5011 1445 5085 presumpserit,
1461 5014 1613 5084 tamquam
1629 5010 1795 5066 divinarum

83 5096 196 5151 cancta
208 5097 308 5152 umen
322 5096 359 5153 ad
375 5096 547 5171 episcopum
556 5100 750 5170 reserantmec
764 5101 876 5177 aliquid
883 5106 916 5141 ’¹⁶
971 5101 1156 5162 sanctionum
1171 5105 1355 5174 contemptor
1369 5102 1403 5137 ’²⁰
1417 5105 1447 5158 et
1460 5100 1795 5172 temerator‚sacerdota-

77 5185 191 5241 contre
203 5182 270 5256 ejus
283 5184 435 5243 dooretum
451 5187 585 5246 ordinare
600 5194 791 5262 presumant.
811 5237 818 5249 .
969 5193 1028 5250 lem
1049 5191 1179 5266 vigorem
1204 5189 1374 5264 plectendus
1391 5195 1419 5247 et
1434 5208 1451 5246 a
1466 5207 1561 5248 sacrae⁴
1578 5188 1795 5246 communionis

130 5271 170 5327 tt.
186 5271 324 5337 Ouianon
331 5277 450 5333 tantum
461 5276 672 5338 saecularibus
678 5281 916 5353 personis,immo
971 5279 1194 5356 participatione
1207 5281 1401 5337 removendus
1414 5284 1468 5336 est.

777 5432 896 5490 VARIAE
916 5388 1124 5491 uberiores

41 5621 81 5658 c
130 5552 295 5637 '‘Jaliicod.
334 5559 368 5594 ¹¹⁸
382 5560 501 5635 aliquod
516 5579 588 5621 corr.
604 5563 716 5638 aliquid
732 5566 790 5623 cod.
828 5565 1104 5642 ’¹⁷gleganturcod.
1142 5566 1175 5601 ²¹⁸
1200 5582 1259 5620 nun
1276 5581 1299 5620 r.
1338 5565 1371 5600 ²¹⁹
1394 5563 1463 5622 dare
1486 5565 1654 5639 usqaedare
1675 5563 1795 5622 deestis

81 5623 190 5683 odire.
228 5629 263 5665 ”⁰
278 5635 446 5706 contempto
463 5636 488 5690 l.
