3878 6098
13 316 21 337 '
118 309 177 372 (113
451 301 618 367 ΑΡΡΕΝΙ).
641 301 691 362 ΑΙ)
715 297 808 360 SAEC.
833 296 925 359 Xa-
942 288 1192 355 MONUMENTA
1214 284 1492 351 statunculus.
1770 284 1831 345 ort

120 442 210 499 satiec
225 444 330 513 quarto
347 431 751 521 (8118111181.6031181118118)
768 426 936 486 constitutis
951 425 1079 482 directus
1095 420 1295 490 erut,exhibet,
1311 423 1339 476 ct
1351 420 1378 492 l)
1394 435 1418 475 c.
1437 418 1515 493 ragio
1531 416 1688 475 Parisieusi
1706 436 1734 473 n.
1747 418 1830 487 1626,

119 515 149 570 in
167 529 255 569 usum
270 509 413 568 missatici
429 505 576 565 undecimi
593 503 767 576 conscripto.
829 556 831 561 .

158 646 286 720 Capitale
301 661 362 717 qaae
375 644 409 680 ⁷⁶⁰
423 640 537 699 Karalus
552 641 618 712 lecit
641 635 715 710 apud
740 635 912 692 Curisiacum
960 627 1109 699 Aabhinc
1125 627 1224 684 inante
1240 626 1269 682 in
1285 630 1384 683 nostro
1400 640 1488 698 regno
1514 623 1584 682 talin
1604 624 1699 681 iacere
1720 616 1830 697 aliquis

439 711 624 786 palatiam⁷⁶¹.
1001 715 1403 790 praesumpseritsecundum
1419 712 1533 771 divinas
1543 712 1705 770 sententias
1715 710 1830 786 amaea·-

158 826 183 881 1.
201 824 232 880 ln
250 821 369 880 nomine
384 824 491 877 sancta
506 821 534 874 et
549 815 705 873 individuae
720 809 884 871 Trinitatis.
896 809 947 865 lla·
1000 804 1096 877 palem
1112 804 1236 878 excipiet
1249 804 1436 870 sententiam,
1452 806 1481 860 et
1506 803 1668 860 secundum
1693 799 1774 876 leges
1793 814 1828 858 ao

122 913 211 980 ratus,
228 912 322 985 gratia
339 908 386 966 lici
402 925 461 974 rex,
477 905 519 962 illi
535 907 569 941 ³⁶²
584 905 720 978 episcopo
736 906 764 958 et
777 898 899 961 dilectis
911 914 946 953 aa
1001 893 1129 967 capitula
1144 893 1223 967 regia
1237 894 1394 949 emendare
1409 895 1538 966 cogetur,
1553 895 1583 948 et
1596 889 1761 948 secundum
1778 890 1827 963 ju·

121 1000 257 1058 fidelibus
271 997 370 1054 missis
384 995 443 1053 illis
458 993 674 1065 comitibusque
685 986 943 1057 nostris‚salutem.
1000 979 1110 1038 dicium
1125 982 1255 1039 fidelium
1271 986 1439 1038 nostrorum
1464 978 1641 1056 condignam
1665 978 1824 1036 vindictam

120 1091 226 1147 Notum
243 1088 281 1143 sit
295 1083 428 1142 fidelitati
443 1088 556 1152 vestrae,
574 1081 643 1155 quia
669 1081 701 1136 to
719 1077 783 1135 Kal.
800 1076 885 1133 biart.
902 1091 944 1132 se·
998 1069 1148 1143 suscipiet.

119 1178 248 1234 cundum
269 1192 381 1231 sacram
406 1172 609 1230 auctoritatem
632 1168 776 1243 synodum
796 1163 944 1223 venerabi·
1032 1160 1058 1218 5.
1075 1160 1111 1215 at
1126 1159 1151 1216 si
1166 1159 1235 1222 talis
1250 1176 1375 1233 persana
1388 1159 1525 1226 suerit‚ut
1540 1155 1669 1232 episcopi
1680 1156 1725 1214 vel
1742 1154 1825 1214 missi

117 1266 192 1323 lium
207 1265 410 1338 episcoporum
427 1279 459 1318 oc
475 1263 649 1318 conventum
675 1256 804 1313 fidelium
828 1257 942 1310 nostro·
997 1247 1138 1304 nustriae
1154 1246 1277 1305 comites
1293 1247 1321 1304 in
1338 1247 1457 1304 illarum
1478 1245 1650 1303 ministeriis
1665 1244 1744 1320 quod
1761 1262 1823 1320 pra-

118 1371 187 1411 rum
200 1353 278 1427 apud
293 1351 473 1408 Curisiacum
489 1349 613 1405 fecimus
628 1344 867 1404 convenireilum
879 1340 944 1414 qni·
996 1355 1065 1394 vum
1078 1341 1176 1395 actum
1196 1337 1284 1394 inerit
1307 1337 1455 1412 potuerint
1478 1337 1645 1404 emendare,
1660 1333 1822 1394 secundum

117 1445 174 1499 bus
199 1440 276 1499 inter
299 1442 402 1497 catera
425 1438 627 1496 ecclesiasticae
652 1433 786 1492 utilitatis
811 1450 844 1489 aa
859 1429 942 1505 regni
996 1426 1147 1500 prefixum
1176 1428 1297 1484 modum
1326 1425 1399 1483 illud
1423 1427 1578 1483 emendare
1602 1425 1753 1494 studeant,
1773 1424 1823 1483 aut

119 1529 303 1587 necessitatis
317 1519 941 1604 negotioconsideravimus‚qualitcrrapinm
997 1533 1050 1588 par
1064 1516 1255 1589 fidejussores
1270 1517 1307 1573 ad
1323 1519 1453 1573 nostram
1469 1513 1655 1590 presentiam
1671 1513 1770 1571 venire
1785 1513 1821 1573 ia·

118 1624 147 1676 et
159 1617 411 1692 depopulationes,
428 1635 491 1691 qua
513 1615 619 1690 partim
640 1613 791 1670 occasione
806 1608 941 1682 superin-
995 1603 1084 1661 ciant.

118 1707 266 1764 ruentium
286 1723 478 1780 paganorum,
495 1704 603 1779 partim
623 1701 784 1759 mobilitate
800 1713 941 1772 quoram·
1030 1695 1057 1748 6.
1074 1693 1103 1750 Si
1119 1698 1217 1751 autem
1233 1693 1342 1767 aliquis
1358 1694 1551 1767 quiscumque
1566 1692 1740 1750 inobediens
1755 1692 1820 1750 exti-

117 1798 185 1853 dam
201 1793 331 1852 fidelium
348 1801 516 1852 nostrorum
531 1794 562 1851 in
583 1809 673 1871 regno
687 1793 799 1859 nostro,
814 1803 867 1862 per
890 1802 940 1842 eos
994 1783 1145 1850 terit,oum
1162 1800 1280 1840 summa
1295 1782 1480 1839 testinatione
1496 1781 1580 1839 nobis
1607 1787 1712 1838 notum
1729 1782 1819 1839 iacere

116 1887 203 1942 etiam
221 1885 271 1958 qni
287 1883 438 1941 ecclesiam
453 1883 504 1940 Dei
519 1882 675 1940 defendere
686 1884 715 1938 et
728 1876 845 1946 tussiat
857 1873 940 1949 regui
993 1874 1143 1941 curent,nt
1155 1871 1330 1945 quantocius
1346 1871 1381 1928 ad
1393 1875 1525 1929 nostram
1537 1869 1725 1944 presentiam
1737 1869 1816 1927 illum

117 1973 292 2030 soliditatem
308 1990 342 2029 ae
357 1972 485 2044 quietem
508 1971 669 2028 debuerant
684 1964 844 2041 providere,
859 1980 940 2039 gras·
992 1961 1090 2018 Vessile
1111 1961 1281 2034 iuhemus,
1298 1966 1327 2017 ei
1349 1960 1471 2034 (filinam
1494 1958 1635 2017 ”limem
1656 1958 1816 2017 mundum

116 2069 229 2131 santur,
256 2062 354 2136 aliquo
379 2061 477 2130 moda,
503 2064 651 2117 annuente
680 2057 814 2124 Domino,
843 2051 939 2111 sedari
988 2049 1282 2122 judiciumlideliam
1299 2054 1466 2106 nostrarum
1480 2049 1634 2108 sustineat.

115 2153 229 2209 valeant
239 2156 267 2208 et
281 2151 417 2208 amm-eri,
1027 2141 1055 2194 7.
1072 2139 1107 2195 at
1121 2138 1146 2196 si
1156 2140 1201 2208 ⁷⁶⁸,
1213 2141 1291 2212 quod
1305 2137 1468 2207 absit,talis
1483 2138 1636 2196 emerserit
1651 2138 1703 2211 qui
1718 2137 1768 2196 nai
1782 2136 1814 2195 ti·

149 2245 176 2297 2.
193 2241 321 2305 Quorum
338 2218 475 2296 consultu
492 2237 719 2304 decrevimus‚ut
730 2233 799 2306 quia
810 2234 937 2306 peccata,
993 2244 1105 2286 moram
1129 2231 1297 2302 postponat,
1314 2231 1342 2284 et
1366 2225 1595 2285 ecclesiasticam
1614 2225 1814 2285 auctoritatam

115 2347 178 2403 qna
193 2329 221 2383 in
239 2346 292 2384 sno
308 2328 402 2394 initio,
418 2331 450 2383 ut
474 2331 554 2394 sunt,
577 2325 675 2398 magni
701 2320 838 2399 ponderis
862 2317 939 2377 rasti·
993 2321 1170 2387 contemnat,
1187 2320 1215 2374 et
1244 2317 1355 2391 regiam
1383 2318 1555 2390 potestatem
1586 2315 1724 2391 refugiat,
1747 2314 1816 2373 sciat

115 2415 409 2489 mantur,perniciosc
425 2416 459 2450 '¹⁸³
475 2413 695 2486 processu‚ipso
705 2405 939 2467 etiamexitiabili
992 2404 1188 2480 quiscumque
1199 2403 1461 2477 illeiuerit‚quiaet
1471 2405 1636 2461 secundum
1647 2403 1816 2461 canonicam

115 2523 171 2562 usu
184 2502 281 2578 pravis
296 2503 445 2560 mentibus
460 2501 604 2558 leviantur
617 2498 661 2568 ²⁸⁸,
673 2504 701 2556 et
716 2497 800 2572 quasi
812 2493 938 2553 insensi·
992 2495 1196 2552 auctoritatem
1210 2495 1248 2552 ab
1263 2495 1394 2551 omnium
1410 2490 1638 2550 christianorum
1658 2498 1737 2550 coetu
1760 2497 1817 2551 eta

115 2592 188 2650 biles
203 2592 376 2662 reddunt,ac
391 2591 416 2646 si
439 2590 556 2664 quando
579 2588 748 2662 resipiscere
765 2585 936 2656 moliuntur,
992 2587 1099 2640 sunctae
1124 2583 1252 2641 ecclesiia
1276 2583 1421 2642 consortio
1446 2587 1475 2639 et
1499 2582 1529 2638 in
1555 2579 1626 2640 coeio
1642 2587 1671 2641 et
1687 2582 1718 2638 in
1743 2587 1816 2641 terra

113 2686 163 2739 eas
180 2681 287 2757 sapius
303 2681 445 2755 obligant,
463 2684 495 2736 ut
510 2678 534 2736 si
549 2695 669 2752 surgere
684 2675 773 2733 velint
791 2693 849 2731 non
867 2673 938 2747 pos·
992 2670 1105 2729 alienus
1119 2672 1311 2740 efficietur,at
1324 2671 1413 2749 regali
1430 2675 1572 2745 potestate
1587 2675 1676 2745 atque
1686 2671 1816 2729 omnium

113 2771 173 2829 sint
184 2772 228 2841 ⁷⁶⁵,
245 2776 402 2844 antequam
417 2786 541 2827 censura
557 2765 755 2824 ecclesiastica
776 2767 804 2821 et
829 2760 937 2836 legales
992 2763 1074 2836 regni
1090 2761 1221 2818 fidelium
1237 2761 1442 2830 unanimitate,
1460 2760 1537 2818 sicut
1560 2760 1612 2818 nei
1636 2765 1665 2818 et
1691 2759 1819 2839 molesia·

114 2861 264 2917 sententiaa
288 2859 459 2932 hujusmodi
484 2858 660 2930 praedatores
675 2856 708 2890 ⁷⁶⁸
723 2851 891 2911 terribiliter
908 2855 937 2908 et
992 2849 1131 2907 inimicus
1154 2855 1183 2906 et
1207 2850 1288 2924 regni
1312 2850 1699 2924 devastator,persequetur
1725 2860 1816 2923 usquc

113 2947 319 3005 damnabiliter
343 2947 449 3003 feriant
471 2948 515 3013 ³⁶²,
536 2945 664 3018 episcopi
686 2943 795 3017 quique
820 2941 849 2997 in
873 2939 936 3005 suis
990 2939 1060 2997 dum
1077 2957 1197 3014 aregno
1212 2939 1430 2996 exterminetur.

113 3035 259 3111 parochiis
274 3039 302 3092 et
317 3034 398 3092 missi
419 3035 449 3090 in
474 3033 592 3090 illorum
619 3031 787 3096 missaticis,
804 3029 936 3086 coinilcs
1024 3030 1050 3085 8.
1068 3028 1102 3085 lit
1117 3028 1142 3085 si
1157 3028 1264 3101 aliquis
1276 3045 1373 3085 comes
1394 3027 1481 3084 inerit
1496 3026 1545 3101 qui
1562 3028 1617 3087 buc
1640 3026 1673 3085 iu
1696 3042 1751 3083 suo
1765 3042 1812 3084 co·

32 3163 39 3174 ·
112 3142 169 3198 que
184 3123 213 3180 in
230 3141 330 3181 earum
347 3123 544 3189 comitatibus,
560 3121 669 3195 pariter
684 3119 790 3193 placita
804 3121 933 3185 teneant,
989 3116 1091 3173 mitatu
1110 3118 1274 3185 lecerit,aut
1288 3117 1327 3174 ibi
1342 3116 1413 3174 talia
1428 3114 1589 3174 inarescere
1604 3114 1817 3199 permiseritut

113 3230 170 3285 quo
186 3230 288 3269 omnes
304 3213 344 3268 rai
360 3211 483 3285 publicae
499 3209 637 3276 ministri,
648 3213 677 3265 et
690 3207 767 3267 vassi
783 3206 934 3275 dominici,
989 3213 1039 3263 aut
1054 3208 1116 3280 ipse
1130 3206 1248 3263 illunon
1265 3208 1409 3277 emendat,
1426 3211 1477 3263 aut
1489 3206 1574 3263 nobis
1590 3212 1662 3265 nota
1676 3206 1812 3267 nantes

112 3301 345 3374 nici‚amnesque
360 3302 539 3374 quicumque
555 3298 599 3356 vel
615 3313 869 3371 quorumcumque
883 3294 934 3351 bo·
989 3296 1027 3352 rit
1043 3300 1075 3352 ut
1099 3300 1200 3353 nestra
1224 3294 1383 3352 auctoritas
1406 3295 1476 3351 talia
1500 3296 1636 3369 corrigat,
1653 3292 1828 3381 8818111111-

111 3390 207 3446 mines
222 3389 250 3445 iu
266 3390 377 3446 eisdem
394 3387 541 3462 parochiis
557 3386 600 3444 vel
616 3386 971 3457 comitatibuscomma-c
990 3384 1078 3441 talem
1108 3385 1283 3441 senteutiam
1313 3384 1380 3440 iude
1406 3384 1572 3449 sustinebit,
1587 3385 1664 3441 sicut
1686 3388 1826 3459 tempusq¹

111 3479 259 3545 nent‚siae
274 3478 334 3535 ulla
350 3494 541 3551 personarum
557 3475 725 3549 exceptione
745 3473 789 3532 vel
814 3489 934 3529 excusa·
989 3478 1207 3531 antecessorum
1224 3478 1393 3531 nostrorum
1409 3474 1591 3530 consuetudo
1605 3473 1672 3529 suit.
1811 3536 1815 3553 Ι

110 3566 189 3623 tione
200 3570 250 3623 aut
265 3565 405 3623 dilatione
421 3565 604 3623 conveniant.
1023 3564 1050 3620 9.
1066 3563 1140 3619 Etsi
1158 3563 1247 3638 aliqui
1266 3563 1405 3620 iterantes
1429 3562 1663 3635 depredationes
1686 3567 1716 3620 et
1742 3560 1812 3637 rapi·

145 3655 172 3712 3.
190 3654 225 3711 Et
239 3655 394 3728 episcopus
411 3655 490 3710 illius
503 3654 646 3728 parachiae
667 3652 793 3713 breviter
815 3651 933 3707 adnota-
989 3669 1042 3709 nas
1059 3670 1109 3726 per
1133 3669 1258 3726 regnum
1283 3658 1418 3709 nastrum
1444 3651 1575 3718 iecerint,
1591 3655 1619 3707 et
1634 3651 1768 3726 episcopi
1781 3665 1811 3709 aa

110 3748 155 3800 tas
171 3744 332 3800 sententies
347 3745 383 3800 de
398 3722 568 3816 hujusmodi
585 3759 684 3807 causa,
700 3738 870 3814 evangeliea
892 3739 933 3795 vi·
989 3741 1073 3798 missi
1098 3741 1142 3798 vel
1166 3741 1289 3798 comites
1316 3740 1371 3798 hoc
1395 3741 1551 3797 emendare
1577 3757 1636 3797 nan
1653 3740 1810 3814 potuerint,

111 3832 216 3888 delicet
229 3837 258 3888 et
271 3832 437 3905 apostolicae
451 3836 538 3904 atque
554 3830 728 3904 prophetica
740 3828 933 3897 auctoritatis,
988 3847 1078 3904 quam
1103 3830 1190 3887 citius
1215 3836 1340 3903 possunt
1364 3829 1448 3887 nobis
1471 3834 1573 3886 notum
1590 3829 1685 3887 iacere
1701 3832 1811 3901 curent,

112 3937 224 3977 necnon
241 3924 269 3976 et
283 3920 399 3978 decreta
412 3919 572 3994 apostolica
588 3924 676 3992 atque
690 3918 933 3977 canonicacmni-
989 3923 1021 3975 ut
1031 3917 1191 3992 jubeamus
1208 3919 1288 3993 ipsas
1303 3919 1508 3993 depredatores
1524 3935 1576 3992 per
1598 3920 1726 3976 eandem
1740 3918 1812 3975 viam

111 4009 167 4063 bus
184 4008 334 4082 relagat,et
349 4013 449 4081 aperto
465 4025 599 4065 sermono
615 4008 729 4064 cunctis
744 4008 829 4080 quale
845 4024 935 4080 quan·
989 4026 1056 4065 eum
1072 4009 1277 4065 missonastru
1293 4009 1398 4075 redire,
1415 4007 1510 4064 stilla
1531 4007 1631 4069 amnia
1653 4024 1720 4080 qnae
1741 4004 1814 4071 maie

113 4101 237 4169 tumque
252 4101 406 4170 peccalum
422 4096 470 4162 sit,
486 4100 516 4154 et
530 4094 647 4169 qualem
662 4100 863 4170 quantamque
878 4113 936 4168 poe·
988 4101 1109 4170 egerant
1136 4096 1267 4171 legaliter
1294 4098 1460 4168 emendare,
1484 4100 1513 4153 et
1537 4095 1627 4153 talem
1657 4095 1815 4155 harmisca-

114 4185 269 4242 nitentium
284 4189 313 4242 et
327 4201 416 4258 quam
427 4183 936 4258 immanemseverissimamqneviu·
989 4186 1107 4243 mmm.
1125 4186 1202 4243 sicut
1230 4185 1314 4242 nobis
1343 4187 1438 4243 visum
1470 4185 1636 4254 lueritaut
1656 4184 1815 4258 judicium.

113 4264 221 4332 dictam
238 4277 385 4348 exposcat,
405 4289 471 4331 cum
493 4272 558 4330 aliis
583 4272 687 4331 debitis
711 4278 738 4330 et
763 4272 936 4331 necessariis
990 4276 1064 4331 sicut
1078 4291 1144 4331 cum
1160 4273 1297 4331 fidelibus
1312 4274 1419 4332 nostris
1435 4273 1688 4333 consideravimus
1698 4274 1743 4345 ³²⁰,
1754 4289 1817 4339 aas

112 4367 202 4438 atque
218 4361 341 4420 utilibus
356 4361 614 4438 praedicationibus
629 4361 808 4419 innotescere
821 4366 912 4419 curet.
989 4364 1091 4420 tinere.

148 4453 173 4508 1.
192 4451 274 4510 Missi
290 4468 407 4526 quaque
429 4451 538 4525 legales
553 4451 723 4518 sententias,
738 4451 814 4508 sicut
826 4469 876 4508 aas
891 4468 937 4509 ca·
1026 4452 1069 4509 l0.
1086 4452 1116 4508 Si
1133 4456 1229 4509 autem
1244 4451 1343 4509 dilecti
1367 4451 1468 4512 irati-is
1491 4451 1584 4509 nostri
1607 4455 1660 4509 aut
1673 4456 1818 4527 nepotum

112 4542 210 4614 gnitas
226 4540 345 4608 habent,
359 4541 509 4608 adnotent,
521 4546 550 4596 et
565 4540 811 4613 praedecessorum
826 4545 936 4597 nostro
991 4547 1157 4598 nostrorum
1182 4541 1317 4598 homines
1346 4541 1465 4608 luerint,
1482 4541 1533 4614 qui
1558 4534 1629 4598 talia
1651 4540 1839 4616 egeriutstt¹

113 4646 180 4684 rum
196 4645 297 4703 regum
313 4633 399 4702 atque
411 4629 632 4704 imperatorum,
644 4629 937 4703 nostraquecapilnla
989 4633 1045 4690 hoc
1059 4630 1144 4687 nabis
1160 4631 1352 4700 innotescant,
1369 4635 1400 4686 ut
1417 4629 1476 4687 illis
1491 4635 1593 4689 uatum
1617 4629 1776 4705 iaciamus,
1789 4635 1819 4689 st

113 4716 342 4774 dehacoausain
354 4735 446 4775 unum
458 4717 721 4775 callecteomuibus
735 4722 803 4775 nata
818 4719 935 4776 iaciant.
990 4718 1033 4775 illi
1048 4737 1117 4776 suos
1131 4719 1358 4788 homines,sicut
1372 4719 1432 4776 illis
1447 4719 1553 4776 melius
1568 4719 1665 4778 visum
1681 4720 1820 4790 inerim

113 4803 281 4879 Etepiscopi
295 4807 342 4863 nei
359 4805 547 4881 clepiacopali
558 4807 731 4864 auctoritate
746 4808 936 4882 talesdeprae·
990 4809 1099 4866 talibus
1127 4809 1270 4882 castigare
1298 4813 1464 4882 procurent,
1481 4810 1558 4866 sicut
1581 4814 1610 4865 et
1631 4825 1687 4866 nos
1703 4810 1821 4887 nostrai

113 4893 246 4952 dationes
261 4895 400 4952 amnibus
413 4893 599 4952 interdicant.
616 4897 650 4952 Et
668 4896 751 4953 missi
767 4914 800 4954 ac
815 4899 937 4956 comites
991 4897 1126 4954 homines
1149 4897 1292 4970 castigare
1316 4896 1504 4968 volumus,si
1527 4896 1557 4953 in
1581 4895 1703 4955 illorum
1720 4897 1820 4974 regnis

113 4985 206 5041 nostri
229 4985 343 5041 cunctis
367 5001 402 5041 ex
428 4989 528 5043 nostro
552 4984 630 5058 regio
659 4986 755 5043 banno
783 4987 937 5061 prohibere
991 4986 1156 5043 indecentia
1169 4991 1198 5043 et
1213 4985 1312 5052 aliqua
1328 4986 1413 5044 naxia
1428 4988 1531 5056 iacere,
1548 4985 1628 5059 quod
1643 4985 1735 5058 absit,
1750 5002 1821 5062 pm·

112 5073 236 5129 tirmiter
260 5074 408 5139 studeant,
427 5077 459 5130 ut
488 5078 666 5147 cognoscant
687 5090 800 5144 omnes,
817 5077 888 5148 quia
912 5076 936 5134 si
991 5076 1181 5149 sumpserint.
1735 5074 1742 5081 ’

786 5199 908 5258 VAltlAE
933 5201 1141 5260 taurianas,

149 5296 182 5332 ⁷⁰⁰
197 5314 283 5370 quem
300 5297 326 5351 l.
365 5297 397 5331 ⁷⁶¹
413 5295 485 5352 deest
499 5297 524 5351 l.
542 5303 596 5352 tola
609 5297 752 5368 inscriptio
766 5295 838 5354 dces!
853 5301 880 5354 3.
896 5301 943 5356 3b.
960 5301 1004 5357 3c.
1043 5301 1076 5336 ⁷⁸¹
1092 5316 1140 5356 rex
1155 5299 1299 5356 Hunirido
1312 5299 1471 5357 venerabili
1494 5299 1640 5373 episcopo,
1658 5298 1818 5375 lugisetlca

114 5372 143 5423 et
158 5368 332 5451 Berengariu
348 5368 506 5425 comitibus
521 5367 806 5450 etministerialibus
821 5386 854 5426 uc
870 5366 1006 5429 fidelibus
1021 5371 1123 5427 missis
1138 5371 1246 5427 nostris
1261 5371 1291 5427 in
1307 5372 1430 5428 Domino
1450 5371 1586 5427 sulutem.
1602 5371 1630 5428 3.
1651 5371 1701 5429 ab.
1715 5372 1761 5431 3⁰.
1775 5370 1817 5429 u-

113 5436 187 5494 lecto
203 5439 286 5496 nabis
313 5439 392 5494 iana
407 5438 565 5496 venarabrh
593 5455 730 5512 episcopo
745 5443 774 5494 et
790 5441 952 5499 isimbardo
968 5442 1086 5500 inlustri
1102 5441 1201 5499 comiti
1217 5443 1317 5499 missis
1333 5443 1443 5500 nostris
1458 5443 1583 5500 sulutem
1598 5442 1626 5499 l.
1664 5443 1701 5479 '⁸¹

114 5508 230 5591 tiasat.
269 5509 494 5594 mlevanturS.
532 5510 566 5548 ²⁸⁵
581 5511 744 5596 possuntt.
782 5510 1077 5596 ³⁶}prcadicatares3⁸
1116 5515 1149 5552 ⁷⁶⁷
1165 5513 1279 5573 leuant.
1297 5514 1431 5591 Episcopi
1444 5530 1561 5591 qnoque
1575 5515 1602 5570 l.
1641 5512 1677 5552 ’⁸⁸
1747 5530 1815 5593 qa.

115 5578 184 5639 813.
221 5580 255 5617 ²⁶⁰
269 5597 458 5641 armiscaram
475 5583 501 5640 1.
539 5582 668 5644 1711183.
685 5582 711 5640 1.
729 5583 981 5645 consideravimus
997 5586 1026 5646 S.
1044 5587 1075 5647 B.
