3878 6098
125 319 197 382 rou
515 317 681 377 drusun.
705 316 756 375 so
779 316 872 375 suc
897 317 933 375 u.
953 349 990 358 -
1008 315 1256 378 srouuuuuru
1281 318 1437 380 urruns.
1752 302 1831 381 mn

121 451 156 506 ab
179 449 303 506 bituricos
316 448 595 520 cupd'dostinemus
609 463 677 520 orgo
692 446 950 522 egreditteindcsc-
965 448 991 516 Α
1008 446 1120 504 toribus
1136 449 1249 519 moniti,
1259 454 1287 506 et
1302 449 1400 507 divino
1414 450 1597 508 institutione
1612 452 1729 508 tormnti
1746 453 1833 514 aride

123 539 522 614 periturbiutrdiuumducernae
535 537 842 608 eriiuyuouiumlumm
856 541 948 592 aretium
1005 555 1072 593 rurus
1087 538 1183 595 dicore
1201 557 1207 594 :
1225 540 1308 596 Potor
1324 548 1424 598 nostor
1438 541 1487 614 qui
1504 557 1535 597 es
1546 540 1575 597 in
1591 539 1832 615 omlisscymiur:

124 628 245 687 ecclesius
259 626 321 700 (hd)
336 629 370 684 ab
385 628 466 682 initio
480 635 575 682 contus
590 629 720 681 nocturni
734 627 879 681 incitentur
900 643 947 682 ec·
1003 626 1105 684 Libora
1116 646 1168 685 nos
1183 646 1354 701 quusumrrs
1370 636 1430 687 ltus
1445 630 1481 687 ob
1497 631 1634 688 omnibus
1653 631 1750 689 malis.
1764 627 1833 690 Cum

125 719 217 790 tinyui
230 718 279 775 boc
293 721 385 773 temen
400 717 504 781 ordine,
520 723 551 771 ut
564 716 598 771 ab
623 716 738 771 introitu
756 717 840 787 ipsius
864 716 946 771 eccie-
1002 715 1125 772 uturum
1139 719 1240 773 Amen.
1259 720 1348 774 Sum-it
1361 719 1393 777 dc
1406 724 1510 786 sacratu,
1527 726 1553 775 et
1569 722 1648 793 pouit
1673 723 1702 777 in
1719 723 1832 781 calicem

124 809 175 865 sire
189 807 305 878 incipiat
317 805 453 878 paulatim
469 806 562 870 triburi,
580 809 611 859 nt
629 804 705 860 uerbi
725 805 825 875 prolia,
840 810 948 875 peracto
1002 805 1075 860 nituit
1089 806 1190 872 dimus,
1207 810 1233 863 el
1247 810 1450 865 carrrmuuicunt
1469 826 1560 866 amires
1583 828 1645 867 cnm
1666 811 1831 878 silentium

122 897 213 972 primo
228 899 360 952 erueturne
374 893 499 950 uideatur
514 910 608 949 corum
629 909 694 965 pars
720 895 802 948 tertia
822 910 877 950 csse
900 910 947 948 cc·
1003 897 1110 968 repleta
1124 903 1188 952 surd
1202 898 1339 964 niriucrsn,
1356 906 1381 954 ct
1404 899 1472 954 decii
1486 901 1616 971 Pontifex
1628 919 1639 955 :
1654 901 1687 956 ln
1712 901 1830 959 nomino

94 999 97 1004 ·
125 986 236 1040 tinctu:
256 983 344 1040 medio
371 991 503 1038 nocturno
527 985 628 1039 iterum
656 983 758 1046 lcr·tin;
783 984 864 1038 lertio
886 998 948 1038 ocra
1003 984 1096 1040 Patris
1112 989 1139 1041 ot
1155 985 1219 1040 Filii
1236 989 1263 1054 et
1279 985 1406 1059 Spiritus
1423 989 1527 1054 sancti,
1544 990 1828 1061 pustibi.d.btoun1

123 1075 240 1147 erpteto,
263 1073 381 1146 receptis
408 1076 510 1146 septem
534 1072 714 1144 lampadibus,
739 1071 811 1126 nibil
835 1073 948 1127 luminis
1003 1073 1108 1145 spiritu
1124 1079 1184 1130 tuo.
1202 1077 1234 1130 Et
1247 1081 1304 1147 post
1317 1078 1465 1148 punctulum
1479 1095 1588 1152 uespera
1601 1080 1672 1136 dicit
1684 1097 1829 1154 rcrrusyurs·

124 1163 315 1235 retiuyuatur;
328 1177 391 1236 que
405 1163 434 1218 in
450 1163 587 1218 rrralutino
611 1161 659 1216 troc
673 1161 769 1217 ordine
782 1163 947 1235 eutiuyuon-
1002 1178 1055 1233 yrrc
1065 1164 1206 1235 priuotim,
1223 1172 1248 1220 ct
1261 1167 1300 1219 sic
1315 1166 1464 1222 redemtori
1478 1185 1609 1224 mensam,

125 1255 171 1307 tur
182 1270 194 1318 ;
208 1252 238 1306 iu
253 1252 333 1309 initio
345 1252 447 1324 psalmi
458 1252 546 1323 primi
559 1253 594 1307 sit
608 1259 695 1306 crustas
708 1267 813 1322 seurper
835 1257 948 1321 puratos
1253 1253 1414 1311 SABBATO
1434 1256 1582 1313 SANCTO.

125 1341 154 1396 in
170 1341 226 1398 ioco
240 1341 345 1399 clerctn's⁹
358 1343 445 1413 partis
461 1342 582 1398 ccclesiae
605 1356 691 1412 prope
715 1339 885 1410 lampadibus
894 1357 906 1404 ,·
919 1342 949 1394 at
1038 1343 1125 1398 bledla
1139 1351 1216 1398 nocte
1229 1343 1395 1415 stirpandum
1409 1353 1448 1400 est
1458 1364 1470 1410 ,·
1479 1346 1609 1403 dicamur
1622 1364 1717 1405 erorum
1730 1328 1830 1420 psalmi

124 1431 173 1507 nbi
192 1430 313 1487 dudicrit
335 1430 516 1501 autiphonam
541 1434 635 1485 teneus
659 1446 777 1484 corruam
803 1427 832 1482 in
863 1445 948 1483 rnrrnu
1003 1449 1065 1487 rum
1080 1433 1265 1503 respondimus,
1283 1440 1336 1489 tres
1352 1433 1478 1490 lectiones
1494 1436 1622 1507 ieyuntur
1639 1437 1673 1493 de
1696 1439 1829 1494 lamentu-

123 1536 173 1575 sna
202 1523 273 1575 tutat
301 1519 454 1591 tarripodem
481 1535 587 1583 arranr.,·
611 1520 640 1572 in.
663 1519 718 1589 line
739 1519 841 1589 psalmi
864 1519 949 1590 ipsius
1004 1522 1077 1576 tione
1090 1523 1239 1579 dicunntur
1258 1523 1291 1578 ob
1307 1539 1337 1578 ee
1360 1523 1417 1580 ioca
1438 1524 1488 1580 ubi
1508 1525 1574 1581 decit
1589 1544 1601 1580 .·
1625 1525 1829 1582 Misericordia

125 1609 211 1663 aliam
225 1610 349 1666 sionim
360 1609 459 1679 portis,
474 1609 513 1663 sie
527 1625 584 1663 nna
598 1624 633 1664 ec
649 1611 728 1679 parte
750 1624 816 1672 uria,
832 1607 890 1661 ulio
915 1622 949 1662 cc
1004 1610 1057 1665 llni
1074 1609 1183 1679 multuo,
1195 1628 1280 1684 nsyue
1296 1614 1324 1667 in
1337 1615 1431 1685 tinem.
1446 1615 1548 1671 Deinde
1562 1616 1693 1688 ieyuntur
1706 1616 1829 1674 bomiiiu‘

125 1698 184 1752 ntia
199 1701 324 1753 tutantur
338 1714 423 1769 usquc
438 1697 472 1752 od
486 1697 667 1767 cuauyciium,
685 1698 712 1750 in
733 1696 872 1765 ceuuyeiio
887 1710 949 1749 cero
1003 1702 1127 1754 seruolum
1149 1702 1274 1765 Petrum,
1290 1701 1326 1756 ud
1350 1704 1438 1774 ipsum
1464 1702 1537 1758 diem
1558 1705 1735 1776 pertinentes,
1752 1713 1778 1761 cl
1798 1707 1828 1761 iu

126 1788 233 1841 tuimur
246 1788 275 1840 in
289 1786 399 1842 ccclesia
415 1786 529 1857 iornpas.
1002 1789 1124 1844 conuiciis
1138 1789 1316 1845 nccerulrmiis
1336 1791 1379 1845 oct
1402 1791 1605 1862 cunimundus,
1620 1796 1692 1851 sient
1705 1797 1829 1867 superius

160 1876 231 1930 tiore
247 1878 328 1931 tertia
341 1875 462 1947 procedit
477 1876 616 1946 Pontit'cc,
632 1876 674 1930 vel
695 1876 743 1947 yid
762 1876 846 1929 itidem
871 1875 948 1928 iilius
1003 1878 1125 1934 babetur.
1143 1880 1205 1933 Post
1221 1879 1316 1934 borum
1340 1881 1452 1936 tertiam
1477 1882 1585 1938 sabboto
1607 1883 1830 1957 praenimium

125 1965 243 2019 tenuerit
260 1981 287 2019 in
303 1965 414 2019 ccclesia
429 1969 531 2020 stoinia
547 1965 623 2034 irrsrn
649 1964 754 2030 urbem,
779 1980 832 2019 rum
858 1968 947 2018 tarruen
1003 1964 1162 2036 baptis-audi
1175 1970 1249 2031 sunt,
1265 1966 1300 2022 ud
1314 1967 1464 2032 ecclesiam,
1479 1977 1504 2023 ct
1519 1968 1684 2025 eruliuautur
1694 1986 1745 2042 per
1758 1971 1828 2026 ardi-

123 2053 153 2107 in
168 2053 271 2124 irrepere
284 2055 397 2110 ccclesia
406 2074 418 2119 ,·
432 2056 480 2126 yui
493 2054 556 2110 ilum
572 2055 683 2109 octricus
696 2053 729 2109 de
750 2055 870 2109 sacrario
882 2068 946 2125 pro·
1002 2071 1063 2110 nem
1085 2057 1154 2110 sieut
1178 2057 1274 2128 scripti
1293 2065 1365 2121 scirit,
1381 2058 1497 2113 masculi
1511 2059 1539 2112 iu
1562 2058 1698 2124 deutrum,
1714 2067 1829 2131 terminu·

122 2145 231 2198 cesserit
258 2151 320 2199 ante
344 2144 432 2201 altare
455 2144 489 2199 ad
517 2145 651 2200 erundum
678 2160 759 2216 super·
786 2144 945 2208 oratorium,
1003 2145 1032 2198 iu
1057 2146 1208 2210 sinisiram,
1230 2147 1334 2215 triciens
1357 2162 1464 2202 crucem
1487 2146 1608 2204 sacerdos
1632 2150 1662 2204 in
1690 2149 1829 2219 frontibus

122 2233 194 2288 sicut
207 2249 264 2288 mos
278 2242 326 2299 est,
340 2235 435 2289 statim
450 2238 481 2289 nt
506 2236 666 2300 sterrcucrit,
687 2251 748 2289 cum
770 2235 879 2289 silentio
900 2249 945 2288 as·
1002 2235 1184 2305 siuyulorum.
1199 2236 1293 2291 Postea
1310 2236 1434 2308 imposito
1450 2253 1535 2293 rrrauu
1558 2254 1640 2309 super
1664 2242 1756 2312 capita
1768 2240 1829 2294 sin·

122 2323 214 2378 cendit
228 2323 264 2378 ad
277 2324 376 2390 seriem,
392 2340 444 2395 quo
458 2323 568 2380 sedente
585 2326 680 2379 statim
702 2324 881 2380 subdiaconus
903 2339 945 2377 os-
1001 2324 1129 2394 ynlornm
1142 2324 1210 2379 dicit
1224 2343 1235 2378 .·

122 2411 212 2467 cerrdit
228 2411 262 2467 od
277 2412 430 2483 leyeudum,
447 2416 472 2467 et
486 2417 545 2484 pest
571 2412 712 2468 lectionem
730 2416 858 2467 cantatur
880 2429 946 2468 cun-
1037 2415 1103 2468 item
1115 2415 1222 2485 nrpiela
1238 2416 1325 2486 tauyit
1339 2416 1545 2486 siuyuiisnores
1560 2423 1585 2471 ct
1598 2432 1679 2472 aures
1693 2417 1826 2489 desputo,

123 2501 232 2556 tiruur:
262 2507 320 2557 Duo
348 2500 444 2557 audivi
473 2519 533 2556 cum
571 2503 691 2557 uersibus
725 2502 790 2567 suis,
820 2509 844 2557 rt
879 2501 945 2558 dicit
1000 2507 1025 2558 ct
1040 2502 1116 2558 elicit:
1128 2504 1246 2575 b'phetu,
1260 2505 1337 2575 quod
1354 2509 1398 2559 cst
1414 2504 1564 2576 adoperire
1579 2505 1608 2560 in
1624 2505 1744 2563 odorem
1760 2524 1827 2563 suu·

121 2590 251 2661 Porrtit'cuc
265 2609 276 2646 .·
290 2589 432 2647 Oramus:
449 2595 474 2647 et
488 2593 640 2648 diaconus:
656 2591 820 2646 liberrimus
834 2607 943 2663 genum
1000 2592 1107 2649 ritulis.
1125 2594 1168 2648 Tu
1184 2599 1281 2649 nutem
1297 2593 1426 2666 effugare
1440 2592 1563 2664 diabole,
1579 2594 1827 2669 adpropinquabit

122 2684 148 2735 et
162 2685 222 2736 erat
235 2681 398 2748 diutissime,
423 2689 449 2737 et
470 2681 537 2736 dicit
565 2681 677 2746 beruto,
698 2689 724 2736 et
747 2680 814 2736 dicit
836 2681 945 2753 (iorsou
1001 2683 1078 2740 onim
1090 2682 1238 2755 judicium
1254 2682 1314 2738 bei.
1330 2685 1424 2740 Postea
1439 2685 1526 2754 tanyit
1540 2683 1574 2738 de
1587 2685 1645 2740 eico
1658 2688 1753 2740 sancte
1766 2669 1826 2741 sco-

122 2768 277 2842 orutiones)
293 2786 360 2842 quas
374 2774 407 2825 ul
418 2772 627 2842 fireiere'l,ernnes
640 2771 723 2826 locile
736 2777 836 2827 exeunt
848 2770 946 2840 seras;
997 2775 1079 2847 putas
1102 2782 1129 2830 et
1147 2781 1249 2846 pectus,
1272 2781 1297 2828 ct
1320 2772 1387 2828 dicit
1397 2791 1408 2826 .·
1430 2771 1626 2828 Abrcnuutias
1650 2775 1786 2830 sutonae?
1799 2773 1825 2834 ti.

121 2859 281 2938 Presbytero
294 2875 357 2915 vero
370 2861 545 2916 eeclesiarum
559 2861 614 2915 siue
629 2859 661 2914 de
675 2860 752 2926 urbe,
767 2876 814 2914 scu
835 2857 868 2914 de
881 2858 945 2914 sub·
999 2861 1180 2920 Abronuntio
1197 2877 1203 2915 :
1220 2866 1249 2916 et
1272 2861 1408 2918 omnibus
1432 2861 1549 2934 pompis
1573 2862 1638 2931 ojus
1654 2879 1661 2917 :
1677 2864 1704 2924 d.
1721 2868 1749 2919 et
1765 2880 1825 2920 om·

120 2947 244 3014 urbanis,
268 2949 372 3004 uadunt
397 2965 446 3022 per
468 2949 594 3005 ecclesias
620 2965 694 3015 snos,
716 2957 747 3003 ut
775 2947 823 3005 trac
850 2948 945 3004 ordine
1001 2953 1088 3010 uilius
1101 2951 1239 3024 oporibus
1255 2951 1342 3023 ojus‘l
1355 2955 1382 3016 ri,
1394 2951 1429 3007 ut
1442 2967 1496 3024 ego
1510 2955 1538 3007 to
1554 2949 1626 3026 linio
1643 2951 1708 3008 oleo
1723 2951 1826 3010 solutis

119 3044 216 3093 curseto
229 3037 265 3093 ad
277 3053 416 3110 uesperam
429 3040 543 3108 saciant,
559 3037 608 3093 boc
622 3042 730 3094 lentium
751 3041 898 3103 mutantes,
915 3048 945 3094 ut
1000 3044 1029 3099 in
1045 3041 1159 3099 Christo
1173 3041 1243 3096 iesu
1255 3038 1823 3117 nostropropitistusiuvilumaeterosm,

120 3127 169 3183 nbi
195 3128 326 3200 Pantitae
352 3129 481 3184 merninit
508 3129 695 3200 apostolicum,
722 3129 776 3200 ipsi
803 3129 947 3184 rrornincnt
999 3149 1054 3205 pax
1071 3131 1133 3187 tibi.
1151 3132 1206 3186 ttae
1220 3131 1339 3201 expleta,
1356 3130 1476 3185 ambulet
1490 3128 1519 3184 ut
1536 3130 1686 3185 circuitum
1707 3132 1823 3205 inposita

120 3204 274 3290 episcopum
287 3234 376 3273 suum.
392 3219 456 3274 Post
469 3219 605 3274 orationes
617 3226 872 3290 prmparotnrcrur
882 3225 944 3273 oute
959 3192 980 3259 C
998 3238 1083 3277 uranu
1098 3236 1179 3292 super
1192 3220 1283 3290 capita
1303 3234 1396 3288 carrum
1419 3216 1587 3274 decantando
1609 3219 1717 3275 excelso
1740 3236 1801 3276 riocc
1812 3239 1823 3274 .·

120 3307 218 3373 attare,
235 3309 395 3380 interposito
409 3309 497 3380 spatio
511 3309 584 3363 inter
597 3308 685 3379 ipsum
698 3307 825 3364 elatiore
838 3315 943 3362 susten·
998 3310 1089 3367 Credo
1105 3309 1134 3364 in
1150 3312 1250 3375 boum,
1267 3309 1349 3363 uertit
1361 3324 1390 3363 se
1411 3307 1446 3362 ad
1465 3309 1594 3378 semines,
1609 3314 1635 3363 et
1657 3309 1727 3383 sarit
1748 3310 1821 3366 sind

110 3385 176 3453 'tata
191 3394 255 3454 bine
279 3397 342 3454 inde
364 3397 507 3458 aduebus
527 3399 649 3453 accolitis
658 3416 669 3462 ,·
689 3399 776 3470 posite
799 3406 863 3452 ante
883 3414 944 3453 cam
999 3401 1172 3455 tilcr·.Posiea
1186 3397 1290 3452 dicitur
1305 3399 1343 3453 cis
1357 3398 1391 3451 ab
1402 3396 1595 3454 orcisidiceono
1609 3416 1620 3452 .·
1635 3398 1820 3474 Oculoelccti,

119 3489 248 3553 oratoria,
277 3488 353 3543 cumn
380 3488 518 3557 Pontifex,
549 3489 574 3541 ct
603 3486 746 3542 adoratam
773 3486 944 3543 deosculatur
999 3488 1104 3544 ssootito
1118 3503 1224 3560 genua,
1241 3490 1267 3542 el
1278 3495 1337 3559 post
1344 3485 1492 3559 paululum
1504 3485 1572 3541 dicit
1585 3505 1596 3541 .·
1611 3487 1727 3560 Leonte,
1743 3503 1819 3544 com·

117 3594 244 3642 munem·
271 3578 369 3633 dcirrdc
404 3578 537 3650 Episcopi,
567 3576 731 3649 Presbyteri,
760 3578 884 3643 illucent,
917 3580 943 3631 et
997 3577 1074 3650 plote
1088 3577 1249 3634 orationem
1265 3579 1390 3632 vestrum
1406 3574 1436 3630 in
1452 3593 1556 3644 unum,
1571 3575 1704 3633 etdicite
1719 3592 1818 3644 omem

116 3670 212 3724 cnteri
231 3683 283 3740 per
304 3667 438 3733 ordinem,
454 3667 550 3723 deinde
571 3668 708 3740 populns,·
730 3667 859 3738 Pontisecc
882 3682 943 3722 ocra
997 3677 1022 3724 et
1048 3667 1208 3740 respondent
1230 3683 1322 3722 omnes
1346 3681 1441 3722 umen.
1457 3667 1561 3721 lterum
1583 3665 1769 3742 admonentur
1788 3667 1819 3722 eir

105 3757 188 3813 ‘sedet
211 3760 242 3813 iu
269 3757 330 3813 sede
352 3757 501 3830 usquedum
525 3773 616 3814 orurrcs
637 3758 765 3813 salutent.
788 3756 944 3828 Presbyteri
997 3758 1188 3813 orriridiacono
1212 3756 1255 3811 bis
1280 3757 1368 3812 uerbis
1382 3773 1393 3810 ,·
1416 3754 1592 3811 Cutioumini
1615 3756 1773 3823 recedunt;
1798 3756 1818 3810 si

115 3864 177 3903 vcro
191 3847 244 3903 duo
256 3849 372 3919 priores,
387 3864 452 3903 errae
466 3852 496 3903 nt
511 3847 702 3913 salutaverint,
718 3849 824 3902 intrant
847 3849 876 3901 in
897 3863 942 3901 sa·
997 3848 1064 3919 quis
1088 3845 1286 3902 caticuminus
1309 3849 1363 3913 est,
1380 3844 1514 3912 recedut;
1531 3861 1634 3902 omues
1655 3843 1817 3919 caticumini

34 3983 37 3987 .
115 3939 247 4002 crarium,
271 3940 313 3993 uret
340 3939 389 3993 ubi
412 3940 529 4010 positum
550 3938 638 4008 suerit
663 3953 760 4008 corpus
783 3937 847 4001 Dni,
872 3935 942 4007 quod
996 3942 1099 3992 exeunt
1127 3936 1215 3991 [brus.
1240 3936 1343 3990 iterum
1366 3933 1434 3990 dicit
1454 3933 1609 3990 citaremus:
1637 3934 1701 3990 Filii
1732 3930 1816 3989 kuris'·

52 4013 55 4017 ’
114 4026 206 4100 pridie
219 4029 360 4094 rernonsit,
373 4032 503 4099 ponentes
516 4044 579 4083 eum
593 4029 624 4083 in
636 4034 775 4099 patenum,
792 4034 817 4081 ct
831 4025 940 4081 subdia·
996 4026 1063 4082 simi
1080 4025 1257 4082 revertimini
1283 4023 1313 4079 in
1337 4021 1409 4080 loeis
1432 4022 1536 4079 uestris
1561 4028 1748 4097 expectentes
1770 4023 1813 4078 ho-

116 4131 199 4172 eonns
214 4119 303 4173 teneat
326 4119 391 4171 ante
413 4117 484 4189 ipsos
498 4117 609 4173 calicem
625 4133 685 4171 cum
701 4117 765 4171 uino
781 4132 835 4171 nen
849 4131 939 4170 conse·
995 4133 1069 4184 rum,
1087 4131 1145 4186 quo
1160 4111 1254 4186 possit
1269 4112 1405 4168 circouos
1422 4112 1470 4168 Dei
1487 4110 1582 4185 gratio
1596 4112 1738 4185 baptismi
1753 4127 1811 4184 ope·

113 4215 232 4274 erutuet
245 4208 315 4262 atur
329 4205 509 4263 subdiaconus
520 4210 651 4278 patenam
665 4223 728 4261 earn
741 4222 851 4278 corpore
865 4205 941 4269 Dui;
995 4203 1064 4259 rori.
1079 4204 1151 4257 tiara
1170 4217 1243 4256 riona
1276 4200 1468 4272 iuyrcdiuntur
1493 4202 1523 4255 in
1549 4203 1707 4257 sacrarium
1732 4217 1810 4257 sacer·

111 4297 209 4370 quibus
224 4296 378 4353 tenentibus
392 4297 490 4368 accipit
504 4313 576 4352 ursus
597 4297 738 4369 presbyter
759 4304 898 4367 protensum,
913 4299 940 4352 et
994 4293 1067 4348 detes
1081 4300 1107 4348 et
1121 4292 1217 4356 lcoitse,
1233 4298 1259 4346 et
1275 4290 1394 4346 induunt
1406 4304 1435 4344 se
1452 4290 1631 4355 uestimentis,
1647 4307 1709 4345 cum
1722 4291 1809 4364 quibus

113 4387 183 4443 atter
196 4384 319 4454 culmem,
336 4390 362 4442 et
376 4386 464 4459 ciesert
486 4402 569 4458 super
592 4387 680 4441 altare
700 4386 857 4451 tundalum·
871 4388 940 4442 Pon·
994 4382 1104 4454 eiyiiias
1118 4380 1254 4437 celebrare
1272 4379 1379 4444 eicient,
1395 4386 1420 4434 ct
1441 4395 1551 4434 accerso
1574 4395 1652 4435 cerco
1674 4379 1808 4452 procudunt

94 4477 184 4547 ,tifex
197 4491 259 4534 vero
274 4477 433 4543 sedendum
445 4477 599 4548 persalutat
610 4476 728 4548 popalus
740 4492 857 4541 crucem,
873 4493 939 4531 nam
993 4488 1085 4528 omnes
1098 4471 1182 4556 simut
1195 4469 1228 4525 de
1240 4469 1362 4524 sacrario
1375 4484 1437 4524 cum
1452 4469 1511 4540 ipso
1524 4483 1600 4524 cerco
1624 4469 1656 4524 in
1680 4469 1804 4525 ecclesian

112 4566 249 4623 sainumtc
264 4567 395 4639 Pontifice
409 4568 451 4624 nei
463 4566 563 4639 populo
577 4581 693 4631 mucan,
710 4567 823 4622 curritur
835 4563 977 4637 surriperD
992 4579 1054 4618 cum
1066 4563 1188 4625 silentio,
1205 4560 1278 4614 nibil
1292 4566 1418 4614 canentes
1431 4566 1457 4615 et
1475 4558 1590 4630 ponitur
1604 4559 1636 4613 in
1658 4555 1803 4615 corrdetobro

110 4657 276 4728 crretiptrona:
292 4657 364 4712 Ecce
379 4655 492 4730 lignum
507 4655 646 4722 crucis,in
662 4673 719 4727 quo
735 4654 815 4711 solus
832 4654 933 4710 mundi
989 4659 1051 4708 arcte
1065 4651 1163 4715 altare,
1179 4657 1204 4705 et
1219 4665 1291 4705 nnus
1314 4648 1444 4703 diaconus
1467 4654 1545 4719 royat
1563 4663 1652 4703 unum
1675 4647 1709 4702 de
1729 4660 1800 4702 socer·

111 4746 258 4819 pependit,
275 4746 369 4801 uenite
384 4745 551 4801 adoramus.
562 4747 677 4801 Dicatur
688 4746 810 4817 psalmus
821 4744 932 4800 curru.
989 4742 1096 4797 dotibus
1111 4739 1151 4795 acl
1164 4740 1263 4805 teritis,
1279 4741 1328 4811 yut
1342 4737 1444 4792 ibidem
1458 4737 1579 4792 revestiti
1592 4734 1799 4810 addauipritt

109 4854 162 4909 yria
185 4837 305 4891 solidata
329 4838 355 4889 ct
377 4836 494 4906 reposita
519 4836 548 4889 in
572 4836 628 4890 loco
651 4851 698 4889 sua
713 4833 847 4890 descendit
862 4835 933 4888 Pou-
989 4848 1086 4894 orare:
1100 4837 1125 4885 et
1139 4833 1171 4883 at
1185 4826 1383 4894 surre.cit,dicit
1400 4827 1457 4898 ipse
1469 4824 1794 4882 ‹timenus-nominasse·

110 4931 179 4999 liter
195 4930 261 4981 autc
274 4926 373 4989 altore,
390 4932 416 4980 et
430 4924 497 4979 ilicet
509 4943 520 4978 .·
533 4925 675 4980 itrouurs:
693 4924 844 4996 prcocptis
860 4923 936 4979 salu·
990 4919 1188 4979 biseurndbt
1205 4916 1384 4990 cumspiritu
1395 4914 1790 4985 tuo.Etdicitorationemistttt¹

1292 5041 1779 5061 ..ἢ-Μ

627 5183 1074 5272 BENEDICTIONES
1103 5181 1296 5270 VARIAE

826 5342 1078 5354 ιιι-ψ

383 5460 551 5500 memento
567 5459 658 5498 cunct·
989 5445 1103 5506 aitaris;
1118 5448 1143 5496 et
1158 5443 1223 5494 turre
1236 5433 1358 5492 ascendit
1372 5417 1430 5506 ipse
1441 5431 1601 5506 precedens
1612 5414 1783 5506 pampinat

142 5532 264 5606 depictis
280 5533 440 5590 lectionibus
454 5535 549 5590 statim
569 5533 680 5589 ueniens
703 5550 774 5588 unm
797 5534 933 5601 minister,
987 5536 1093 5608 laertem·
1106 5536 1170 5586 tnnc
1184 5525 1282 5583 deiruic
1295 5523 1369 5580 scota
1383 5522 1520 5580 descendit
1533 5521 1569 5578 ad
1582 5524 1672 5596 sonim
1695 5521 1727 5578 ad
1737 5516 1783 5571 teu·

33 5688 38 5695 ¹
106 5629 201 5680 tenens
215 5622 352 5698 ornpnllas
366 5623 398 5679 in
410 5623 685 5691 mauritanensium
700 5623 728 5679 iu
740 5621 836 5679 electro
849 5636 934 5681 cornu
991 5624 1066 5680 ru'crm
1088 5616 1253 5696 ,facientum
1270 5618 1443 5690 eupcetantes
1463 5614 1558 5688 parati
1577 5615 1743 5688 pontificem:
1753 5613 1782 5658 u·
