3878 6098
134 264 193 326 083

505 265 671 328 Arenae.
696 266 747 326 AD
771 264 864 327 SAEC.
889 267 1423 342 x.-llouultu1trct1rduu.

1744 284 1822 346 luat

113 403 148 459 Ht
163 420 237 477 quos
254 400 431 475 multiplices
444 400 574 458 lacerant
590 416 641 471 per
656 397 779 456 crimina
795 405 900 473 pestes.
952 403 978 471 Α
994 405 1176 481 Temperiem
1193 408 1256 467 cccli
1272 411 1415 483 tribuens,
1433 419 1466 472 ut
1480 412 1563 489 copia
1576 415 1697 491 trogum

149 496 269 561 Peccata
285 491 439 550 absolvens
454 493 498 571 lac
513 490 590 546 bona
604 493 710 548 cuncta
724 490 818 562 sequi.
834 491 877 548 Ad
898 496 936 549 te.

1028 496 1172 556 Omnibus
1182 502 1308 559 exundet
1321 504 1409 562 ubere
1419 505 1538 562 leticia.
1722 510 1766 566 Ad
1782 515 1819 567 tc.

86 589 196 657 *Nunc
225 588 401 662 Stephanus,
433 584 533 652 Linus,
559 580 703 649 Clemens,
732 579 889 638 Anacletus
910 585 939 638 et
991 586 1072 659 Ague
1087 587 1137 644 Dei
1153 589 1256 658 Patria,
1272 591 1322 664 qui
1338 594 1441 650 mundi
1456 596 1580 653 crimina
1595 597 1674 654 tollis

830 668 939 742 [almus
1029 674 1139 749 Optata
1154 681 1235 752 pacis
1251 697 1374 740 munera
1388 685 1465 741 dona
1480 686 1549 744 tuis.

147 771 258 839 Xistus,
273 766 443 831 Alexander,
460 759 680 833 Corneliusque,
697 759 776 826 Pius,

110 861 256 936 Ypolitus,
272 857 367 923 Vltus,
383 850 556 911 Laurentius
570 848 659 922 atque
672 848 822 905 Modestus

147 946 362 1022 Gregoriusque
375 943 440 1017 pius
452 958 505 997 nos
521 938 687 995 miserando
698 936 936 1010 juventHumili.

112 1037 259 1099 Theodolc
271 1033 380 1094 summi
397 1031 481 1088 miles
496 1027 655 1087 fortissime
670 1025 778 1083 Christi

147 1128 236 1186 Nobis
252 1142 331 1182 nunc
348 1121 465 1179 famulis
481 1118 619 1176 auxiliare
635 1116 703 1173 tuis.

110 1217 157 1276 Nil
174 1218 215 1274 sic
231 1214 417 1289 perspicuum
434 1209 539 1284 poterit
554 1225 608 1264 uox
622 1206 700 1263 clara
717 1198 832 1262 relcrrc.

147 1309 183 1366 Ut
197 1309 279 1364 decet
294 1305 324 1360 in
340 1301 390 1359 tali
407 1316 484 1357 nunc
498 1297 592 1354 Patris
608 1295 758 1367 obsequio.
838 1295 880 1349 Ad
898 1297 934 1349 te.

111 1399 163 1455 Hic
178 1398 230 1454 tibi
249 1393 395 1467 perpetuis
410 1391 547 1446 resonant
559 1384 748 1442 concentibus
762 1382 837 1439 aedcs

146 1488 268 1545 Ossibus
284 1480 417 1539 stecoris
432 1493 547 1549 semper
562 1474 687 1530 babetur
701 1472 794 1528 honos

110 1584 181 1634 Cum
198 1575 255 1632 laeti
271 1568 373 1629 famuli
389 1568 535 1625 celebrent
550 1563 597 1619 hic
611 1563 686 1618 leste
700 1561 825 1634 benigne

147 1665 296 1723 Laudibus
312 1661 456 1715 instantes
473 1659 557 1711 nocte
572 1653 675 1724 dicque
688 1651 758 1707 tuis.
815 1649 934 1706 Humili.

110 1755 208 1827 Dirige
223 1752 312 1809 corda
326 1749 393 1822 pius
407 1751 436 1803 et
449 1751 581 1816 tempora
595 1741 689 1814 dirige
705 1743 805 1796 nestra

144 1846 239 1916 Atque
250 1839 313 1897 dics
328 1838 409 1894 latos
424 1835 529 1891 ducere
544 1833 582 1889 da
596 1829 721 1887 famulos

109 1935 146 1992 Ut
161 1948 278 2005 semper
291 1928 407 1985 valcant
421 1923 537 1980 tibimet
552 1925 669 1977 cantare
684 1918 776 1992 quieti

145 2025 185 2080 Te
200 2035 316 2094 quoque
331 2014 443 2073 cmlesti
457 2027 573 2069 cernere
587 2010 652 2065 lucc
667 2007 736 2082 poli.
837 2007 879 2062 Ad
896 2009 934 2062 te.

109 2112 131 2169 0
146 2112 248 2168 dilecte
265 2113 321 2165 Deo
336 2105 453 2162 radians
467 2102 573 2158 virtute
589 2115 710 2156 corusca

144 2204 248 2258 Sancte
260 2197 380 2262 Albane,
389 2192 553 2266 patarjuge
569 2205 669 2262 preces
685 2185 793 2260 pariter

109 2290 258 2348 Intercede
274 2287 340 2360 pius
354 2281 469 2339 veniam
485 2279 631 2354 poscendo
647 2275 768 2332 misellis

145 2382 280 2450 Aureque
292 2377 356 2447 jam
372 2371 480 2428 blanda
494 2367 626 2424 carmina
638 2361 934 2438 percipiens.Humili.

110 2469 132 2526 0
149 2486 199 2524 vos
214 2461 353 2538 mysterio
365 2457 493 2516 decorati
509 2457 539 2512 in
554 2453 672 2511 nomine
687 2451 793 2510 Christi

146 2552 303 2628 Conspieui
320 2553 409 2608 testes
424 2544 563 2621 purpurei
579 2559 712 2618 proceres

110 2648 152 2704 Ex
166 2645 241 2703 bello
253 2641 352 2700 invicti
368 2635 530 2711 superastis
546 2632 687 2691 demonis
701 2631 761 2687 iras

146 2734 318 2807 Conspirata
332 2746 438 2787 manus
453 2726 566 2783 vincere
581 2726 675 2779 morte
690 2720 795 2777 minas.
837 2719 880 2775 Ad
896 2721 933 2789 te,

110 2826 257 2891 silvester,
274 2827 426 2885 Damasus,
444 2813 610 2889 Gregorius,
623 2809 855 2882 Ambrosiusque

145 2912 286 2978 Hilarius,
297 2910 385 2976 Xeno,
403 2905 549 2963 Maximus
563 2906 650 2976 atque
665 2904 722 2959 Leo

110 3003 265 3069 Martinus,
282 2996 431 3062 Proculus,
448 2992 590 3050 Casarius
605 2990 806 3062 Eusebiusque

993 765 1078 838 Hyrie
1093 771 1279 839 pantocrator
1293 789 1365 845 yson
1380 791 1412 831 so
1428 775 1507 833 disse
1521 780 1549 832 tc
1564 781 1671 850 pantos

1028 856 1085 913 Sed
1100 857 1227 916 basileos
1237 879 1325 935 ymon
1337 863 1398 936 llpe
1412 865 1528 940 eleyson
1544 883 1638 939 ymos.

1228 968 1295 1007 rrnrc
1314 970 1438 1010 umarus
1457 972 1583 1014 maura.

991 1035 1074 1093 Salve
1089 1036 1162 1096 testa
1177 1040 1239 1097 dies
1255 1045 1314 1098 tolo
1329 1043 1506 1101 venerabilis
1520 1063 1578 1102 aevo

1026 1126 1089 1191 Oua
1105 1131 1181 1186 Dens
1193 1128 1340 1188 internum
1353 1133 1422 1190 vicit
1435 1138 1464 1190 et
1477 1138 1651 1217 astrcptenet

990 1214 1062 1272 Ecce
1078 1219 1258 1277 renascentis
1274 1224 1398 1279 testatur
1411 1223 1505 1296 gratia
1521 1224 1624 1281 mundi

1026 1304 1166 1364 Omilium
1182 1310 1364 1384 (llomilium)
1377 1313 1498 1368 Domino
1513 1313 1591 1370 dona
1607 1314 1720 1371 redisse
1735 1331 1798 1370 suc.

990 1393 1123 1468 Namque
1136 1396 1331 1472 triumphanti
1346 1405 1414 1474 pest
1427 1402 1523 1458 tristia
1536 1406 1648 1459 tartara
1661 1403 1778 1460 Christe

1028 1485 1160 1558 Undique
1176 1488 1277 1545 lrcndc
1293 1506 1397 1546 nemus
1412 1491 1544 1563 gramine
1560 1491 1630 1547 llere
1645 1492 1753 1548 flavent

991 1575 1119 1647 Legibus
1133 1575 1239 1634 inlerni
1255 1579 1403 1651 oppressis
1418 1598 1508 1653 super
1521 1586 1601 1638 astra
1617 1584 1765 1637 meantem

1026 1665 1159 1722 Laudant
1172 1666 1226 1724 rite
1240 1668 1332 1724 Deum
1348 1668 1399 1725 lux
1413 1670 1499 1742 polus
1515 1688 1583 1727 arra
1598 1655 1720 1727 Fretum

950 1778 973 1843 B
990 1753 1044 1818 Qui
1060 1756 1216 1813 crucifixus
1231 1764 1293 1814 erat
1308 1758 1385 1815 Deus
1401 1777 1468 1817 ecce
1482 1777 1533 1832 per
1547 1760 1648 1817 omnia
1662 1767 1766 1834 regnat

1024 1844 1159 1918 Duntque
1174 1848 1295 1904 creatori
1311 1854 1416 1906 cuncta
1430 1854 1526 1906 creata
1541 1866 1657 1923 precem

989 1932 1133 1991 Nobilitas
1149 1935 1218 1992 anni
1229 1954 1365 1994 mensum
1381 1940 1486 2004 decus,
1503 1956 1587 1995 arma
1600 1939 1718 1996 dierum

1026 2022 1169 2080 Horarum
1185 2026 1323 2098 splendor
1338 2028 1477 2102 scrupula
1493 2033 1604 2101 puncta
1620 2029 1722 2085 fovens

990 2111 1104 2170 Christe
1118 2115 1200 2171 salus
1214 2132 1313 2173 rerum
1329 2117 1403 2173 bone
1422 2118 1554 2175 conditor
1568 2120 1657 2190 atquc
1673 2118 1820 2173 redemtor

1026 2201 1118 2259 Unica
1129 2203 1282 2278 progenies
1296 2223 1330 2262 ex
1345 2207 1457 2263 Deitate
1470 2207 1574 2263 Patris.

991 2291 1111 2348 Funeris
1124 2294 1261 2367 exequias
1271 2295 1380 2367 pateris
1394 2296 1458 2352 vitu
1474 2300 1616 2352 auctorat
1628 2295 1712 2352 orbis

1026 2382 1142 2439 latrans
1157 2384 1261 2441 mortis
1273 2384 1328 2441 iter
1343 2386 1439 2442 dando
1455 2384 1561 2442 salutis
1575 2402 1660 2457 opem

990 2470 1151 2528 Pollicitam
1165 2473 1216 2529 sed
1232 2474 1319 2530 redde
1335 2473 1422 2530 tidem
1433 2491 1536 2548 precor
1550 2474 1629 2530 alma
1643 2477 1775 2548 potestas

1025 2561 1124 2617 Tertia
1138 2561 1188 2618 lux
1204 2561 1291 2619 rediit
1304 2578 1391 2636 surge
1405 2563 1520 2638 sepulte
1535 2581 1630 2620 maus.

989 2649 1073 2706 Solve
1087 2655 1236 2708 catenatas
1251 2651 1357 2709 inserui
1372 2652 1496 2709 carceris
1511 2654 1632 2709 umbras

1025 2740 1061 2795 ut
1075 2758 1176 2797 revoca
1191 2757 1311 2798 sursum
1326 2741 1471 2816 quidquid
1486 2743 1524 2799 ad
1539 2742 1599 2798 ima
1614 2741 1684 2797 ruit.

989 2827 1087 2885 Redde
1102 2834 1185 2886 tuam
1201 2830 1305 2887 faciem
1319 2830 1437 2888 videant
1451 2831 1481 2887 in
1496 2830 1603 2886 secula
1617 2829 1720 2887 lumen

1025 2917 1125 2974 Redde
1139 2919 1217 2975 diem
1234 2920 1284 2991 qui
1300 2937 1359 2976 non
1375 2924 1403 2976 te
1419 2919 1561 2977 moriente
1578 2919 1633 2976 luit

990 3006 1083 3079 ltripis
1099 3008 1129 3064 in
1145 3025 1302 3065 numerum
1318 3009 1461 3081 populum
1478 3009 1514 3065 de
1530 3025 1647 3065 carcere
1661 3008 1765 3065 mortis

146 3091 236 3148 Orant
252 3104 303 3161 pro
319 3085 427 3142 nostris
443 3081 616 3140 criminibus
631 3079 729 3135 variis.
813 3075 932 3134 Humili.
1026 3098 1061 3152 gy
1075 3096 1207 3170 sequitu,
1218 3097 1291 3154 phe,
1306 3115 1364 3170 quo
1381 3116 1454 3154 suus
1469 3103 1571 3154 aucto,
1585 3097 1656 3154 adit,

110 3181 186 3238 Ordo
202 3179 335 3235 sacratus
349 3173 555 3230 Conlessorum
571 3169 793 3243 praecipuorum.

145 3266 258 3326 Auxilio
270 3270 349 3322 tutes
359 3262 489 3334 undiquc
504 3259 592 3316 reddo
602 3263 669 3314 tuos

109 3361 203 3431 Atque
219 3360 269 3412 tna
284 3356 399 3410 nosmet
413 3367 497 3424 prece
512 3347 686 3428 dimittendo
701 3349 814 3401 reatum

145 3448 204 3503 Nos
219 3444 338 3517 fragiles
353 3440 480 3497 mullum
497 3438 630 3494 cladibus
645 3435 821 3510 omnigenis.

110 3535 221 3593 Paulus
235 3538 263 3588 et
278 3530 431 3594 Antonius,
448 3526 616 3584 hlaelrarius
630 3523 828 3596 Arseniusqne

147 3622 315 3690 Bahomius,
334 3620 421 3686 Beda,
432 3616 526 3679 Atala,
543 3613 696 3671 Potentius

111 3713 266 3779 Bertoltus,
284 3708 461 3774 Libertinos,
474 3704 600 3762 Basilius
616 3707 705 3776 atque

146 3802 310 3860 leronimus
324 3800 426 3855 doctor
439 3813 492 3852 nos
507 3794 645 3850 miserere
661 3808 770 3865 precor.
815 3789 935 3846 Humili.

110 3893 232 3949 Summe
247 3889 297 3946 Dei
312 3887 408 3945 cultor
423 3884 633 3942 monachorum
650 3885 745 3938 rector
759 3884 787 3936 et
801 3880 877 3936 abba

145 3979 168 4036 Ο
183 3978 337 4036 Benediete
350 3993 432 4033 sacer
447 3978 535 4046 atque
550 3973 674 4044 henigne
690 3973 780 4043 pater,

111 4069 192 4126 Istud
209 4066 373 4124 eoenobium
388 4068 553 4136 coetumque
570 4061 622 4118 tihi
636 4059 831 4116 famulantum

950 3149 971 3215 C
990 3186 1063 3244 Hinc
1078 3186 1226 3242 tumulum
1238 3190 1371 3258 repetens
1383 3191 1449 3257 post
1460 3191 1672 3252 tartara,earne
1688 3192 1817 3243 resumta

1025 3265 1149 3339 belliger
1163 3266 1199 3322 ad
1215 3265 1303 3323 oculos
1315 3266 1414 3339 ampla
1426 3266 1555 3337 trepbaeo
1571 3266 1673 3322 relers.

1334 3363 1469 3403 emenia.

990 3437 1050 3493 Rea
1061 3435 1193 3492 Salvator
1201 3433 1580 3508 ulme,suseiponostrarum
1588 3435 1812 3508 munusculapr.

989 3525 1143 3600 Indulgere
1157 3525 1241 3580 uobis
1257 3525 1332 3580 assis
1346 3525 1405 3581 tois
1421 3526 1512 3581 servis
1527 3525 1638 3582 scelere
1652 3525 1779 3599 gravatis

989 3615 1012 3672 Ο
1028 3618 1129 3672 sancta
1142 3611 1235 3670 lllaria
1250 3618 1440 3686 maturatque
1452 3614 1531 3687 virgo
1540 3614 1662 3670 Postula
1671 3632 1725 3687 pro
1735 3615 1815 3671 nobis

988 3701 1168 3776 Archangele
1181 3718 1298 3758 summe
1309 3700 1451 3759 llichahel
1464 3703 1556 3759 virtus
1571 3703 1624 3760 Dei
1640 3703 1814 3777 Postulcpro

1689 3793 1785 3866 [nobis

990 3881 1139 3953 Condigue
1153 3879 1290 3938 Gabribel
1305 3880 1443 3937 fortitudo
1459 3880 1508 3937 Dei
1523 3881 1644 3938 Postula
1660 3899 1714 3955 pro
1736 3880 1813 3938 nohis

990 3970 1148 4027 Oconsors
1163 3968 1292 4042 llaphael
1309 3969 1454 4028 medicina
1472 3970 1522 4027 Dei
1538 3970 1657 4028 Postula
1674 3989 1720 4044 pr.
1738 3971 1813 4028 nobis

991 4060 1012 4117 0
1028 4058 1145 4115 almitas
1161 4064 1263 4115 sancta
1275 4059 1506 4132 patriarcharum
1522 4059 1645 4117 Postula
1659 4077 1713 4135 pro
1739 4059 1812 4116 nobis

146 4159 309 4229 Nostraque
323 4153 511 4211 sauctillccns
527 4155 631 4207 cuncta
645 4154 727 4206 tuere
741 4146 891 4205 simul.Ad
909 4149 937 4202 te
990 4148 1013 4205 Ο
1029 4165 1092 4204 sors
1108 4146 1228 4220 impleta
1242 4148 1300 4204 Deo
1311 4148 1427 4205 virtutis
1442 4148 1621 4222 propheticos
1636 4150 1746 4205 Postua
1756 4164 1809 4221 pn.

111 4246 255 4314 Felicitas,
274 4242 360 4312 Felix,
377 4240 490 4299 Eulalia
502 4239 600 4313 digna,
616 4239 729 4294 Verena

146 4332 365 4406 Petronellaque
378 4347 445 4388 enm
461 4332 578 4402 perpete
592 4328 744 4400 Perpetua.

109 4427 205 4498 Agnes
220 4427 306 4496 atque
321 4419 459 4495 Agathes,
477 4417 612 4480 Cristina,
631 4413 898 4488 Huprepia,'lhecla

991 4236 1013 4293 0
1028 4236 1231 4310 principalitas
1246 4236 1445 4311 apostolorum
1461 4236 1579 4294 Post-ula
1593 4255 1647 4311 pro
1662 4237 1749 4294 nobis

991 4326 1172 4399 Omartyres
1188 4327 1281 4383 sancti
1298 4326 1411 4382 venium
1429 4326 1587 4399 precamini
1617 4343 1669 4400 pro
1695 4322 1809 4400 peccatis

1663 4414 1782 4488 [nostris

146 4512 289 4579 Hulemia,
306 4508 427 4583 Regula,
439 4506 571 4581 Eugenia
585 4511 673 4577 atque
689 4505 772 4560 bena.
814 4501 935 4559 llumili.
954 4523 976 4588 p
992 4505 1178 4562 Conlesscres
1200 4504 1293 4561 sancti
1318 4504 1451 4577 precibus
1476 4501 1607 4561 assiduis
1632 4503 1743 4578 poscite
1766 4517 1808 4576 pro

109 4601 283 4673 virginitate
298 4600 405 4659 chorus
419 4596 609 4670 resplendens
619 4593 847 4650 candidularum

147 4690 246 4745 Turbo
261 4687 425 4761 puellarum
441 4684 608 4758 integritate
623 4699 745 4739 manens

109 4780 177 4845 Ona
192 4775 319 4851 geminis
333 4775 464 4849 gaudens
480 4773 613 4847 pulcrum
629 4773 764 4829 decorata
780 4770 896 4826 coronis

146 4867 245 4922 Laude
261 4863 407 4938 pudicitia
422 4861 613 4935 mysteriique
628 4860 726 4917 simul.

112 4956 222 5013 Omnes
236 4970 315 5010 nrrne
330 4951 429 5009 Sancti
445 4950 553 5007 nostris
567 4949 729 5007 succurrite
741 4947 832 5021 lapsis

148 5044 183 5100 Et
196 5042 311 5100 veniam
324 5040 439 5096 eunctis
453 5039 525 5095 ferte
535 5038 665 5110 Juvando
681 5038 755 5111 polis

110 5135 176 5192 lam
191 5131 298 5189 restris
312 5129 449 5204 precihus
462 5127 560 5201 petitis
574 5141 755 5201 quacunque
766 5129 903 5199 rogantes

147 5220 258 5279 Annuit
273 5220 335 5292 ipse
350 5219 416 5292 pius
431 5217 532 5290 nilque
548 5219 635 5290 negat
646 5214 799 5272 Dominus.
816 5213 936 5270 Humili.

113 5312 219 5367 Pacem
234 5313 404 5383 perpetuam
421 5307 584 5381 rogitamus
600 5304 733 5378 prospice
745 5303 857 5362 Christe

148 5399 185 5455 Ut
199 5415 276 5454 saura
292 5397 355 5454 vite
371 5396 480 5470 gaudia
494 5394 582 5469 longa
596 5393 646 5451 diu

837 4859 881 4915 Ad
896 4865 936 4914 te.

1691 4591 1780 4668 [nobis

991 4684 1199 4741 Oscnetarum
1223 4683 1304 4741 chori
1330 4682 1476 4756 virginum
1500 4682 1616 4739 corusci
1641 4682 1752 4754 poscite
1766 4693 1805 4752 pro

1691 4768 1777 4844 [nobis

992 4862 1132 4918 Faventes
1156 4864 1325 4919 sanctarum
1348 4860 1503 4916 viduarum
1533 4876 1634 4933 preces
1662 4835 1805 4918 hostiensi

1569 4949 1662 5020 [nunc
1675 4947 1776 5022 prosint

992 5038 1125 5096 lnsontes
1150 5039 1263 5112 pueroli
1287 5041 1452 5112 martyrum
1477 5037 1616 5094 floretum
1639 5036 1745 5111 poscite
1761 5045 1796 5104 pu

1689 5122 1770 5201 [nobit

992 5216 1015 5273 Ο
1032 5215 1125 5271 sancti
1135 5216 1367 5273 omnesvirtutcs
1379 5215 1540 5273 innumera
1552 5214 1664 5289 poscite
1674 5202 1791 5288 pronubis

993 5303 1122 5378 lllaligno
1138 5305 1174 5362 ab
1188 5306 1271 5363 hoste
1287 5311 1320 5361 ut
1334 5306 1411 5362 Deus
1426 5304 1564 5362 del'endat
1587 5321 1642 5361 uos
1666 5302 1711 5359 hic
1731 5301 1753 5354 et
1770 5294 1788 5345 tu

1680 5394 1764 5460 [arun
