3878 6096
135 281 194 345 saa
562 278 730 341 aereus.
753 249 921 340 ansae.
946 279 983 340 x.
1000 310 1038 324 -
1053 278 1180 341 oreae
1204 299 1402 350 tirenum.
1777 283 1838 350 ast

133 436 189 496 que
214 414 347 475 Ecclesiae
372 415 478 472 nestrae
502 417 572 470 tnnc
597 409 736 483 temporis
755 410 953 484 prepositum,
971 409 1074 478 Alant
1089 409 1196 468 addicti
1211 411 1288 469 solas
1303 413 1417 472 animas
1436 414 1480 472 vix
1495 418 1646 473 tuerentur
1661 431 1668 472 ε
1686 419 1836 492 aterque

130 509 227 566 virum
241 506 352 581 quippe
367 508 473 562 sancte
489 501 717 559 conversationis
731 516 848 571 sueque
863 498 959 555 crucis
1012 499 1166 556 castellum
1182 501 1254 558 illud
1269 505 1388 559 affixum
1401 510 1444 561 est
1455 510 1484 562 et
1493 505 1630 579 oppidani
1647 506 1689 563 illi
1704 509 1790 579 quasi
1802 509 1838 565 de

133 596 327 670 bajulatorem
343 599 408 667 post
422 592 705 657 Christum,neenen
718 587 959 659 Girardumprio-
1013 594 1106 645 morte
1131 591 1263 647 serenitati
1289 593 1463 660 revixerunt,
1485 599 1513 650 et
1534 595 1626 651 nostri
1650 596 1727 651 rives
1749 595 1837 653 soluti

132 702 192 743 rem
205 686 268 757 jam
284 683 353 739 dicti
368 682 434 747 loci,
452 685 480 736 et
496 680 697 735 edificatorem
709 682 796 748 atque
813 675 957 731 habitate·
1013 678 1166 734 tormidine
1182 686 1324 754 vagantur
1348 700 1426 737 nunc
1450 699 1624 756 quocunqne
1636 684 1748 740 velunt.
1765 691 1838 743 ltcm

131 792 192 832 rem
207 775 236 829 in
253 772 354 829 babitu
371 770 519 843 religionis
536 768 674 841 primum,
694 771 726 821 nt
749 766 826 821 inter
840 768 958 819 sanetas
1012 782 1078 822 curn
1096 767 1287 825 Pulvercnnm
1304 770 1454 828 meliorem
1470 771 1560 844 hujus
1579 772 1714 830 Ecclesiae
1729 779 1838 831 terram

131 864 248 921 illerum
264 879 371 917 manus
382 862 457 914 lacta
468 857 648 913 consessione
664 854 836 910 delictorum
849 855 958 910 redem-
1010 856 1146 913 violentia
1159 860 1355 930 quorumdam
1366 865 1556 934 tyrannorum
1569 862 1700 935 iniquam
1712 863 1839 937 duplicis

131 953 205 1026 pieri
222 951 336 1007 Christo
361 948 497 1021 spiritum
523 946 666 1009 reddere-t,
695 944 871 999 convocavit.
888 944 957 1009 Qui·
1012 944 1184 1002 salvamenti
1199 950 1669 1024 consuetudinemsingulisannis
1686 953 1836 1024 rapiendo,

131 1044 187 1098 bus
202 1042 413 1110 consequenter
427 1034 548 1107 expletis
565 1033 681 1088 deletus
705 1036 749 1088 est
773 1032 852 1099 illuc,
869 1038 897 1088 et
912 1049 955 1087 sc·
1011 1050 1100 1107 prope
1115 1036 1259 1092 desertam
1276 1038 1421 1106 ruricolis,
1436 1044 1464 1094 et
1483 1040 1548 1094 aliis
1574 1040 1658 1096 bonis
1682 1043 1837 1109 effecisset,

129 1131 230 1204 pultus
247 1127 335 1183 estin
361 1142 431 1197 pace
455 1140 511 1178 xvn
535 1123 596 1177 liat.
613 1122 727 1188 Octob.;
745 1121 957 1177 inthronizatus
1011 1124 1149 1182 tortitudo
1166 1127 1394 1197 praesulisistius
1406 1127 1629 1184 snbreniensita
1641 1130 1837 1202 sycophantas

130 1224 228 1274 autem
244 1236 260 1271 v
275 1214 338 1271 Kal.
356 1216 489 1279 ianuar.;
506 1212 580 1266 rexit
595 1209 776 1284 episcopium
802 1227 895 1266 annos
910 1212 956 1277 24,
1010 1210 1077 1267 illos
1093 1214 1154 1269 sole
1171 1214 1237 1270 belli
1254 1219 1332 1271 metu
1349 1216 1478 1272 simulati
1495 1218 1644 1282 exterruit,
1662 1222 1693 1273 ut
1709 1219 1759 1290 qni
1776 1220 1838 1292 pri-

129 1323 245 1363 menses
259 1310 287 1373 7,
299 1306 361 1360 dies
377 1306 421 1359 tl.
1011 1300 1102 1358 mitus
1117 1304 1324 1361 canonicorum
1341 1323 1452 1379 preces,
1465 1307 1523 1362 imo
1539 1308 1735 1379 pecuniosi-el
1747 1310 1840 1366 susci-

450 1391 633 1447 ltIOlllTUll.
1011 1407 1078 1461 pere
1092 1393 1127 1447 ad
1145 1395 1375 1467 redemptionem
1401 1396 1516 1467 injusta
1542 1396 1685 1469 portionis
1699 1398 1838 1472 dedigna-

164 1486 406 1541 Autissiodorensis
431 1483 557 1537 Ecclesia?
575 1497 628 1535 narn
647 1480 775 1547 ignobilis
790 1479 957 1534 coristi-etudn
1012 1481 1128 1546 bantur,
1145 1482 1221 1538 idem
1248 1484 1301 1556 ipsi
1328 1485 1447 1539 tandem
1472 1485 1556 1557 quasi
1582 1484 1705 1542 ultronei
1731 1490 1761 1541 et
1779 1504 1838 1543 nen

128 1584 176 1642 est,
195 1591 276 1647 quem
292 1575 343 1628 aito
359 1573 391 1626 dc
406 1572 485 1627 seclo
508 1571 611 1638 aripret
631 1569 690 1640 ejus
715 1570 865 1639 episcopos,
883 1568 958 1622 illice
1010 1566 1102 1635 inviti,
1120 1574 1216 1627 tanren
1233 1573 1326 1634 inviti,
1344 1591 1401 1629 nnn
1426 1573 1563 1640 ultronei,
1580 1574 1700 1631 liberam
1721 1577 1840 1648 penitus

129 1666 278 1720 terminum
294 1662 370 1723 cite,
386 1660 458 1714 sedis
474 1661 626 1721 introitum,
638 1675 671 1713 oc
682 1659 821 1730 precipue
837 1657 956 1726 bertepc-
1012 1658 1047 1711 nb
1081 1658 1131 1714 illa
1163 1663 1333 1732 pervasione
1364 1667 1470 1718 terrum
1504 1667 1596 1718 tetam
1629 1664 1838 1733 acclamarent,
1890 1686 1893 1691 ·

128 1761 171 1809 sto
187 1754 274 1824 ipsias
289 1751 466 1806 conscribere.
480 1748 600 1817 Cerrtipr't
612 1755 701 1802 eutem
718 1763 770 1800 noir
786 1748 845 1800 sine
859 1761 957 1813 empne
1012 1746 1105 1802 vnleat
1116 1749 1255 1805 tortitudo
1266 1768 1331 1806 cum
1345 1751 1539 1824 justitiaque
1550 1754 1726 1808 conterendo
1738 1758 1839 1810 sentes

128 1844 230 1915 panta
244 1841 406 1896 (tetimonio
420 1838 606 1892 clarissimum
627 1836 746 1906 adcredens
761 1835 889 1891 Ecclesiae
902 1851 954 1905 po·
1011 1837 1134 1892 servavit
1148 1838 1328 1907 innoeentes,
1346 1841 1448 1897 habuit
1464 1858 1580 1914 quoquc
1600 1841 1768 1899 conflictum
1785 1861 1839 1916 pre

128 1929 512 1987 tronumolisisscltobcrtum
530 1927 741 1996 epitrocasmos
765 1923 837 1978 nillil
859 1923 957 1978 torem
1010 1925 1098 1979 rebus
1112 1927 1246 1983 Ecclesiae
1272 1934 1374 1984 eontra
1399 1930 1619 1986 Teciacensium
1644 1930 1839 2004 frangendam

129 2035 192 2093 quae
206 2019 332 2074 disicias
347 2024 400 2071 tete
414 2016 534 2070 triennio
558 2016 690 2085 scriptum
714 2014 811 2082 suisset
833 2031 842 2066 :
864 2018 956 2067 tacitns
1011 2014 1209 2082 rebellionem,
1225 2034 1298 2089 ques
1312 2022 1488 2074 tamencum
1505 2019 1561 2084 cite
1577 2020 1735 2093 subegerit,
1745 2021 1841 2094 patris

128 2109 205 2165 detor
227 2107 258 2162 de
285 2113 371 2162 morte
400 2106 496 2176 ipsius,
529 2110 606 2158 tento
639 2102 771 2157 dissensio
803 2100 836 2157 dc
866 2103 957 2173 [utari
1010 2103 1151 2159 coactioni
1167 2105 1288 2162 Partiaci
1305 2106 1415 2164 inciens
1430 2111 1570 2176 castrum,
1583 2112 1689 2165 terram
1705 2114 1840 2166 nostram

128 2197 319 2269 subrogatione
341 2193 480 2266 peredificis
505 2191 667 2247 intercessit.
686 2190 803 2246 anrdcm
822 2205 883 2245 cero
898 2198 957 2262 post
1011 2193 1169 2249 admodum
1185 2195 1349 2264 lsesit,unde
1365 2201 1393 2252 et
1407 2196 1523 2269 culpam
1539 2202 1704 2271 prostratus
1717 2198 1745 2253 in
1759 2200 1842 2271 capi-

129 2287 281 2343 triennium
297 2289 442 2355 temperato
466 2281 528 2352 jorn
551 2279 651 2352 dolere,
676 2295 725 2334 aee
753 2296 807 2334 iren
837 2280 956 2334 Ecclesia
1012 2280 1073 2336 tulo
1089 2283 1176 2351 ssevit,
1203 2289 1231 2339 et
1255 2286 1397 2341 damnum
1417 2285 1591 2342 emendavit.
1610 2286 1746 2343 Promisit
1758 2288 1842 2343 enim

130 2375 313 2447 tranquillata
333 2371 365 2425 de
386 2371 504 2442 presteris
529 2369 721 2431 consolatione,
737 2369 826 2438 [ναῖεν
844 2367 978 2440 qaidom'
1011 2369 1096 2426 nobis
1111 2388 1142 2427 se
1158 2373 1295 2429 daturum
1316 2375 1340 2430 si
1363 2392 1379 2430 a
1401 2374 1510 2447 quibus
1523 2374 1641 2431 deberet
1655 2376 1843 2448 sapientibus

130 2464 265 2520 eradicem
277 2459 410 2525 creditas,
427 2465 453 2514 ct
463 2474 532 2530 pene
548 2457 718 2524 illitteratus,
734 2474 752 2511 c
765 2463 896 2512 corruente
910 2472 955 2511 cn·
1011 2459 1066 2515 sibi
1074 2460 1241 2517 consultum
1251 2463 1324 2520 soret
1334 2464 1546 2520 restitutionem
1554 2464 1842 2537 quamoptabamus,

127 2553 215 2625 pituli
238 2556 400 2619 requiesci
424 2549 457 2602 ob
483 2563 605 2619 episcope
625 2547 755 2613 monitus,
776 2545 957 2601 obedientium
1011 2547 1121 2604 scilicet
1136 2551 1405 2624 praeteeturarn,qui
1418 2552 1724 2625 personatusadiebua
1737 2554 1843 2610 multis

130 2656 235 2714 quoquc
259 2641 345 2695 citorc
368 2654 423 2693 nen
445 2653 539 2704 ausus,
555 2653 614 2709 qaae
629 2636 685 2690 sibi
697 2634 729 2691 de
743 2636 792 2691 illc
812 2636 871 2690 niso
892 2642 958 2690 sant
1007 2637 1069 2708 J'am
1085 2637 1218 2695 Ecclesia
1234 2641 1437 2697 communitati
1451 2641 1546 2714 magis
1562 2658 1594 2696 ac
1610 2641 1705 2714 magis
1721 2643 1844 2715 optaba-

131 2731 245 2786 minime
268 2727 393 2796 tacenda,
420 2726 482 2782 licet
507 2733 581 2781 tento
606 2723 727 2795 indigne,
744 2732 843 2797 quanto
864 2726 956 2779 minsis

130 2827 225 2876 erecte
238 2819 383 2889 minasque
396 2815 522 2886 facunde,
538 2822 626 2870 tornea
653 2821 683 2868 at
703 2815 801 2885 potuit,
829 2815 868 2870 ite
886 2814 956 2886 styla

129 2915 288 2982 prosecutus
303 2913 351 2962 cst.

341 2995 409 3051 Gar.
430 2993 487 3048 Lll.
508 3023 542 3033 -
563 2997 604 3048 Dc
623 2992 745 3048 lieberto.

167 3087 311 3142 liebertus
325 3085 361 3139 de
373 3087 454 3156 patre
470 3079 744 3152 Guillelmo,nepote
754 3081 831 3154 regis
842 3079 956 3136 ilenriri

1012 2729 1073 2794 tnr;
1092 2728 1142 2783 sed
1157 2728 1297 2800 quoniam
1314 2735 1464 2803 superstes
1478 2733 1540 2785 erat
1554 2729 1651 2784 adbuc
1666 2746 1793 2802 persona
1808 2747 1842 2787 eo

1011 2817 1152 2888 tempere,
1170 2817 1251 2872 dedit
1274 2819 1358 2874 nobis
1384 2835 1435 2890 pre
1464 2817 1637 2874 investitura
1661 2818 1841 2890 praefectura

1011 2903 1158 2960 abbatiam
1174 2906 1263 2962 beata
1281 2907 1387 2974 Maria,
1404 2907 1507 2963 nolens
1521 2911 1554 2962 ut
1568 2906 1751 2963 infructuosa
1765 2908 1841 2964 inte·

1010 2991 1066 3048 rim
1081 2994 1257 3066 exspectatio
1275 2997 1383 3052 iaceret
1407 3013 1460 3052 nes
1485 2997 1639 3051 adversum
1656 3013 1686 3052 se
1702 3012 1840 3052 murmu-

1011 3087 1125 3149 rantes;
1142 3084 1224 3139 dedii
1234 3088 1263 3139 et
1279 3085 1449 3156 praebendas
1464 3085 1549 3153 duas,
1561 3100 1636 3156 qnas
1647 3085 1759 3152 darent,
1774 3086 1841 3157 qui-

131 3174 254 3248 Philippi
271 3172 496 3246 patris,ennsule
511 3170 783 3238 Nivcrncnsium,dc
800 3174 891 3225 matre
902 3187 953 3225 au·
970 3169 991 3236 C
1012 3171 1066 3227 bus
1081 3171 1188 3227 vellent
1213 3190 1220 3227 :
1247 3173 1314 3229 inde
1335 3190 1400 3229 vere
1421 3178 1530 3246 quanta
1545 3173 1671 3246 puritate
1686 3173 1843 3230 eharitatis

132 3270 191 3321 tem
208 3262 360 3319 comitissa
380 3259 596 3317 Tornadorensi
622 3261 766 3332 Hermeng
788 3265 957 3332 nuncupata
1011 3276 1065 3316 nos
1081 3260 1109 3315 in
1126 3265 1187 3316 teia
1201 3261 1260 3317 vita
1275 3261 1407 3317 dilexerit
1423 3262 1625 3318 testimonium
1641 3262 1750 3334 prabet
1765 3260 1841 3319 illud

131 3357 282 3410 natusest.
300 3353 340 3407 Ex
353 3352 438 3423 eujus
453 3349 582 3422 ingenua
595 3348 895 3438 progenie,quotquot
906 3365 956 3421 pe·
1011 3350 1174 3423 egregium,
1190 3355 1219 3405 et
1232 3368 1321 3422 supra
1337 3355 1439 3406 catera
1455 3349 1645 3407 memorabile
1669 3352 1792 3422 donum,
1808 3350 1841 3406 in

131 3441 178 3498 riti
202 3442 265 3511 viri,
288 3438 407 3497 leemosi
433 3439 561 3510 bonique
587 3438 704 3502 tuerint,
727 3437 768 3493 sie
790 3454 957 3494 aesomnes

131 3530 263 3597 scicntia,
279 3533 432 3596 vetustate,
447 3527 578 3583 maribus
593 3526 640 3582 hic
655 3528 850 3599 superavit,nt
860 3528 957 3583 ilosex

131 3638 190 3695 qua
203 3619 344 3686 nascitur,
361 3618 506 3687 arborem,
523 3617 635 3671 tructus
650 3616 769 3673 liorem:
788 3617 864 3673 unde
875 3616 957 3689 prius

131 3729 219 3786 quarn
236 3710 329 3775 atate,
344 3707 426 3762 visus
440 3709 484 3763 est
506 3705 609 3761 honeri
626 3723 800 3780 congruens,
815 3707 957 3763 virtutum

130 3800 283 3875 dignitate.
297 3799 373 3871 Ergo
396 3797 486 3852 beate
507 3794 654 3851 memoria
677 3796 814 3853 defuncto
829 3797 957 3854 Gotlrido

132 3906 232 3946 menso
247 3886 411 3960 Septembri
428 3903 495 3942 mox
509 3885 538 3940 in
551 3886 721 3958 episcopum
738 3886 848 3943 electus
860 3888 958 3953 est,di-

131 3977 191 4034 lata
201 3983 297 4032 tamen
313 3976 452 4047 usquead
466 3980 628 4048 Angustum
641 3977 858 4032 consecratione
869 3993 958 4049 prope

132 4082 213 4122 aram
229 4063 305 4118 beati
321 4063 543 4137 protomartyris
564 4062 684 4119 l'cliriter
707 4064 884 4120 sublimatus
903 4070 956 4133 est,

132 4152 217 4210 sertis
232 4151 369 4224 deinceps
384 4155 529 4223 protector
543 4150 843 4226 Ecclesiae,rectorque
859 4154 957 4209 mode-

132 4246 228 4299 ratus:
239 4257 306 4295 nam
318 4258 351 4297 cx
361 4239 499 4296 omnibus
510 4256 574 4311 qua
582 4240 612 4295 in
621 4237 744 4296 ecelesia
759 4246 819 4296 tam
830 4243 958 4298 exterius

1012 3455 1068 3511 que
1085 3438 1169 3495 nobis
1189 3456 1219 3494 se
1241 3443 1301 3495 tam
1325 3439 1632 3497 misericordissimum
1649 3439 1792 3506 exhibuit,
1808 3444 1845 3494 ut

1011 3527 1081 3583 dum
1107 3528 1221 3582 animus
1243 3532 1359 3584 nostras
1384 3529 1590 3596 curaverimus,
1605 3527 1683 3583 illius
1708 3526 1843 3584 oblivisci

1012 3616 1180 3696 nullatcnus
1196 3617 1441 3674 debeamusNarn
1454 3635 1521 3673 cum
1535 3617 1627 3674 sancti
1640 3622 1843 3673 antecessores

1011 3704 1076 3778 ejus
1091 3705 1265 3762 statuissent
1280 3707 1418 3779 episcopi,
1432 3711 1464 3762 nt
1479 3706 1549 3764 solis
1560 3706 1665 3762 diebus
1675 3706 1844 3779 Quadrage-

1012 3794 1093 3849 aima
1108 3811 1141 3850 ex
1155 3795 1272 3868 proprio
1288 3796 1448 3868 prebendae
1464 3796 1605 3852 beneficio
1621 3796 1719 3851 fratris
1738 3797 1842 3866 cujus-

1012 3900 1128 3956 cunque
1144 3885 1296 3952 memoria,
1320 3902 1386 3940 cum
1413 3885 1528 3951 obiiset,
1554 3883 1761 3950 celebraretur,
1784 3883 1844 3940 iste

1012 3977 1092 4030 tante
1106 3974 1277 4031 clementior
1291 3975 1349 4030 illis
1366 3976 1460 4030 lactus
1472 3974 1500 4029 in
1515 3975 1569 4030 hae
1585 3973 1844 4044 bonitatequanto

1014 4063 1041 4118 in
1058 4064 1169 4119 caeteris
1184 4064 1337 4119 videbatur
1351 4063 1481 4129 interior,
1491 4063 1603 4118 addidit
1613 4066 1643 4117 et
1653 4058 1845 4127 stabilivit,ut

1013 4151 1113 4208 nullus
1123 4153 1186 4224 jam
1198 4154 1234 4209 ab
1249 4152 1331 4209 obitu
1340 4170 1393 4209 sue
1402 4152 1561 4209 eanonicus
1573 4167 1665 4224 usquc
1681 4150 1717 4205 ad
1728 4166 1844 4206 annum

1013 4242 1179 4316 integritate
1196 4243 1355 4314 prebenda
1370 4240 1564 4315 privetur‚scd
1575 4245 1652 4296 totos
1667 4238 1735 4294 inde
1745 4237 1845 4294 reddi-

132 4348 221 4406 quam
237 4330 360 4386 interius
377 4328 494 4403 reperit,
511 4345 596 4386 nemo
611 4329 778 4386 mortalium
795 4331 957 4404 quidquam
1012 4335 1061 4386 tus
1085 4332 1245 4404 presbyter,
1271 4347 1328 4385 non
1353 4335 1452 4386 noster
1479 4335 1576 4385 tamen
1603 4327 1772 4394 canonicus,
1788 4343 1844 4399 pro

131 4423 248 4479 demere
262 4418 306 4476 vel
323 4419 474 4492 subripere
485 4416 534 4473 illo
544 4418 700 4490 superstite
716 4435 807 4475 ausus
817 4421 957 4488 estaddi·
1012 4419 1147 4475 defuncte
1163 4420 1315 4492 suscipiat,
1332 4419 1381 4492 qui
1403 4418 1526 4476 missam
1549 4415 1679 4490 quotidie
1704 4414 1843 4483 celebret,

131 4510 175 4566 dit
191 4513 289 4565 autern
307 4509 442 4564 donando
457 4505 556 4580 aliqua
570 4524 603 4562 ac
619 4506 778 4563 laborando
806 4509 956 4577 nonnulla,
974 4538 996 4603 D
1012 4498 1151 4565 borarn'm
1166 4508 1298 4564 victimas
1314 4508 1527 4583 solvat,jugiter
1542 4513 1651 4575 oret,ex
1667 4521 1725 4578 quo
1736 4505 1771 4560 dc
1789 4504 1844 4560 Dei

131 4615 259 4671 querum
276 4597 451 4654 discretione
467 4597 490 4653 si
507 4597 579 4652 tanti
595 4599 640 4652 est
657 4613 663 4652 :
680 4598 817 4670 quiapud
830 4598 910 4655 illum
922 4598 958 4655 lc·
1013 4598 1190 4655 confidimus
1200 4597 1473 4670 pietate‚nunquam
1484 4613 1607 4654 suorum
1618 4593 1730 4651 carebit
1739 4592 1846 4649 remis-

132 4687 217 4762 gerit,
233 4690 330 4759 petest
345 4687 431 4760 modo
447 4702 630 4759 cognoscere.

170 4774 261 4848 lgitur
285 4780 387 4830 contra
411 4774 493 4831 dolos
521 4776 705 4833 Senonenscs
736 4776 826 4848 hujus
859 4778 958 4835 hostes

132 4862 267 4923 Ecclesia
291 4867 319 4919 et
342 4863 423 4920 urbis
448 4868 603 4936 perpetues
631 4865 843 4939 Apnguiaeum,
868 4886 957 4941 quam

133 4955 189 5010 cite
206 4954 299 5009 tactus
315 4957 360 5009 est
374 4953 568 5025 episcopusin
580 4953 721 5026 oppidum
737 4955 957 5030 erigens,drmi-

133 5049 177 5101 ter
192 5042 327 5113 munivit,
344 5041 478 5098 solebant
506 5043 583 5099 enim
614 5060 667 5099 nos
695 5047 781 5101 antea
809 5064 860 5119 per
883 5048 957 5103 hanc

132 5132 233 5189 villam
250 5133 284 5188 ad
303 5149 402 5187 muros
418 5148 511 5204 usque
531 5131 657 5188 civitatis
681 5133 824 5191 irruentes
844 5137 959 5193 furtivis

134 5222 288 5278 conatibus
313 5222 530 5295 frequentaret
553 5221 674 5294 impune
699 5222 834 5294 praedari,
861 5224 960 5298 ipsum

135 5328 251 5389 quoque
267 5310 467 5385 Apogniaeum
481 5308 658 5366 omnimedis
673 5317 863 5384 aggravantes
879 5315 959 5372 dolo·

136 5399 217 5456 ribus
230 5400 260 5456 in
276 5403 390 5457 tantum
406 5417 439 5457 ao
456 5406 584 5474 tempore
595 5399 803 5469 afflixerant,ut
814 5402 852 5458 ibi
864 5406 958 5477 pauci,

135 5487 186 5560 qui
216 5488 315 5560 ingere
351 5488 528 5562 nequibant,
564 5488 751 5546 mendicitate
782 5494 810 5546 et
844 5493 961 5551 miseria

136 5575 248 5650 repleti,
266 5577 308 5633 sic
322 5582 350 5634 et
365 5579 406 5638 sic
422 5577 540 5638 illerum
556 5578 687 5637 servituti
713 5585 855 5652 quantum
873 5585 961 5656 jube-

1013 4688 1304 4761 sionepeocatorum,
1320 4688 1369 4758 qui
1395 4691 1454 4742 tarn
1481 4686 1627 4759 benignus
1651 4682 1706 4738 suit
1730 4681 1760 4737 in
1786 4681 1845 4738 im·

1013 4776 1173 4851 patratione
1202 4774 1386 4832 remissionis
1421 4774 1478 4831 sibi
1515 4773 1712 4834 subditorum,
1745 4767 1847 4825 adbuc

1013 4870 1111 4922 autem
1126 4869 1154 4922 et
1169 4864 1246 4920 aliud
1264 4881 1270 4919 :
1288 4881 1355 4920 cum
1380 4882 1432 4920 sno
1456 4868 1588 4937 tempore
1604 4859 1688 4917 miles
1708 4857 1846 4930 quidam,

1012 4958 1078 5012 arto
1092 4955 1199 5022 dictus,
1216 4958 1327 5026 partem
1345 4953 1591 5020 molendinorum,
1606 4968 1669 5024 qua
1692 4950 1762 5004 sunt
1789 4947 1847 5003 sub

1013 5062 1108 5113 muro,
1125 5047 1153 5099 et
1168 5043 1208 5098 ita
1222 5048 1372 5110 vocantur,
1398 5060 1488 5099 manu
1513 5044 1629 5098 firmata
1644 5038 1680 5094 ab
1696 5035 1848 5109 episeopis

1014 5139 1117 5191 tenens
1133 5130 1420 5206 canonicis,qu0rum
1437 5136 1499 5188 erat
1514 5131 1604 5187 altera
1618 5123 1848 5202 perplacitum

1014 5225 1133 5297 egisset,
1149 5222 1212 5295 ipse
1227 5220 1366 5291 laudarit,
1383 5228 1501 5294 excepte
1516 5221 1594 5294 quod
1609 5214 1847 5276 anniversarium

1015 5331 1101 5370 suurn
1118 5310 1308 5385 premisimus
1321 5311 1386 5369 ideo
1402 5312 1561 5385 quotannis
1576 5306 1754 5366 iaciendum.
1767 5303 1849 5361 Sunt

1015 5404 1073 5460 alia
1088 5403 1141 5476 pize
1164 5400 1371 5457 sollicitudinis
1398 5402 1472 5473 ejus,
1498 5419 1563 5474 qurc
1588 5398 1666 5455 circa
1689 5391 1848 5452 ecelesiam

1015 5496 1089 5551 hane
1098 5489 1327 5556 lrabuitindicia‚
1335 5508 1397 5563 qna
1407 5508 1473 5546 cum
1485 5493 1589 5547 ornent
1600 5487 1697 5561 ipsum
1707 5480 1849 5539 Ecclesiae

1015 5600 1131 5656 eorpus,
1149 5584 1200 5638 aut
1224 5579 1392 5650 instituant,
1408 5580 1569 5637 maluimus
1585 5577 1635 5634 illa
1649 5580 1749 5632 tamen
1765 5571 1851 5629 nuda
