3878 6098
96 290 169 352 ult

441 284 608 345 APPEND.
631 285 682 343 uti
705 282 800 343 SAEC.
823 281 861 340 Χ.
878 273 1183 338 -lllou‘tlllssn'ta
1209 272 1484 336 ulrtoua'rlcn

1756 272 1815 331 ult

108 421 258 480 omuibus.
282 419 414 491 Itemque
437 435 455 473 a
477 413 567 472 Lunls
590 431 657 471 oum
685 413 782 469 insula
805 411 932 481 Corsica,
947 410 975 477 Α
990 412 1138 477 samosat
1152 408 1182 463 in
1198 410 1293 465 vestro
1308 404 1815 481 permaneanlJurc,principutuat-

108 510 214 570 deinde
229 510 259 565 in
275 505 518 575 Suriano,deinde
529 505 558 560 in
570 509 667 560 monte
678 500 937 563 bardonisdeinde

108 600 140 657 in
168 598 293 663 Reriste,
318 594 420 652 exinde
444 595 474 649 in
503 593 617 657 Parma,
646 591 750 646 deinde
779 590 808 645 in
836 589 936 661 Regia,

109 687 214 744 exinde
229 684 258 741 in
274 685 494 755 dimicantque
505 682 532 736 in
545 685 639 736 Monte
655 680 752 736 Silicis
769 684 857 750 atqua
871 694 936 749 pro·

37 820 42 829 ,
110 775 206 830 vincia
227 772 412 828 venetiarum
434 773 462 826 et
487 769 570 825 lslria
596 786 602 824 :
629 785 741 823 necnon
757 772 785 824 et
800 773 936 822 cunctum

94 862 249 921 'ducatum
264 859 454 935 spoletanum
470 875 503 912 ac
523 859 770 927 lteiievonlanum‚
788 873 847 911 aina
871 872 937 911 curn

109 942 231 1009 eeclesia
240 953 348 1007 sancta
359 947 513 1005 Chrislinae
522 946 616 1018 posita
628 963 717 1019 propo
727 945 845 1017 Papiam
854 945 939 1016 justa

112 1040 336 1110 Paeum‚querte
350 1035 487 1092 miliario.
505 1040 572 1093 itera
588 1037 616 1091 in
639 1035 764 1108 partious
780 1034 938 1106 Campaaie,

111 1129 218 1192 Seram,
260 1127 348 1194 Aroes,
383 1124 530 1196 Aquinum,
571 1125 715 1197 Arpinum,
752 1126 880 1190 leonum,
914 1129 939 1179 et

112 1216 250 1288 (lupum,-
265 1230 370 1271 rreenen
384 1222 410 1270 et
423 1215 592 1286 patrimonia
615 1213 651 1269 ani
672 1221 829 1286 potestatem
845 1220 879 1268 ‘et
896 1211 938 1267 ot-

111 1306 214 1360 tionem
240 1311 358 1360 uestram
379 1304 555 1372 pertinentia,
582 1305 652 1359 sieut
678 1311 716 1358 est
738 1302 941 1374 patrimonium

51 1434 54 1439 -
113 1398 336 1450 Beneuentanum
359 1400 385 1448 el
404 1393 604 1464 patrimonium
625 1392 941 1463 aequinoctialem

991 513 1048 570 qne
1061 496 1216 567 dicione,et
1228 514 1323 569 neque
1336 496 1449 553 anobis
1459 512 1581 569 nequeo
1595 497 1817 553 suecessoribus

991 587 1100 643 nostris
1112 604 1163 659 per
1174 587 1326 658 quodlibet
1337 587 1544 658 argumentum
1556 585 1617 641 sive
1628 584 1817 643 machinatio

992 692 1058 732 nem
1069 677 1097 731 in
1107 691 1293 748 quacumque
1308 679 1392 748 parte
1404 678 1502 730 vestra
1516 679 1647 747 potestas
1663 674 1816 731 imminua-

992 768 1104 833 tur,nut
1121 761 1233 820 anobis
1248 764 1316 820 inde
1331 764 1443 836 aliquid
1459 762 1700 831 subtrahntnrde
1715 781 1815 837 supra·

992 856 1111 928 scriptis
1133 854 1268 910 videlicet
1291 853 1458 926 provinciis,
1483 853 1617 920 urbibus,
1639 853 1815 922 civitatibus,

991 944 1118 1016 oppidis,
1135 943 1250 1011 castris,
1266 941 1381 1014 viculis,
1404 941 1520 1013 insulis,
1546 940 1712 1012 territoriis,
1733 946 1817 1015 atque

993 1032 1304 1106 patrimoniis‚necnon
1321 1033 1350 1088 et
1364 1031 1555 1105 pensionibus
1571 1036 1660 1104 atque
1670 1032 1816 1100 censibus,

994 1121 1035 1177 ita
1052 1127 1083 1176 ut
1096 1138 1189 1195 nequo
1205 1137 1258 1177 nos
1274 1138 1308 1177 ea
1317 1120 1421 1177 lecturi
1438 1121 1531 1178 simus
1540 1120 1819 1196 nequequibuslibct

993 1226 1028 1265 ea
1044 1210 1136 1266 lacere
1151 1210 1317 1268 volentibus
1331 1211 1564 1278 consenciamus,
1576 1211 1628 1267 sed
1644 1211 1744 1282 polius
1759 1228 1817 1267 υπη-

994 1299 1043 1355 nia
1059 1317 1115 1371 que
1130 1301 1268 1372 superius
1282 1300 1461 1373 leguntur,id
1478 1303 1523 1355 est
1536 1300 1703 1371 provincia,
1719 1300 1819 1356 ciuita-

994 1392 1049 1456 tes,
1065 1389 1164 1452 urbes,
1180 1389 1297 1462 oppida,
1314 1388 1444 1455 castella,
1460 1388 1615 1461 territoria,
1630 1394 1660 1445 et
1680 1390 1819 1463 patrimo·

110 1483 282 1555 patrimonia
298 1480 436 1538 Calabram
448 1481 599 1553 superioria
613 1488 639 1536 et
653 1481 804 1553 inferioris.
820 1485 855 1536 lte
870 1480 940 1535 riui·
995 1478 1054 1544 nia,
1070 1483 1157 1549 atque
1173 1477 1295 1546 insulas,
1312 1494 1476 1550 censusque
1491 1481 1519 1533 ct
1534 1478 1741 1550 pensiones,ad
1757 1497 1821 1552 par-

113 1581 168 1629 tote
182 1580 274 1629 auton
289 1566 475 1643 napolitano
488 1587 551 1626 errat
565 1570 685 1626 rastellis
698 1578 723 1625 et
739 1570 891 1626 territoriis
910 1584 942 1625 eo
995 1571 1054 1622 tarn
1081 1565 1208 1623 ecclesias
1224 1567 1300 1623 boati
1317 1567 1393 1622 Petri
1407 1565 1529 1640 aposloli
1545 1571 1635 1639 alque
1649 1567 1820 1640 pontificum

113 1661 216 1733 finibus
239 1668 265 1716 et
291 1659 391 1715 insulis
414 1661 472 1714 suis
497 1659 553 1714 siti
574 1659 784 1730 pertinentibus,
800 1659 883 1714 sicarii
907 1655 942 1713 att
995 1655 1025 1711 in
1040 1657 1239 1712 sacratissima
1251 1657 1319 1711 sede
1328 1655 1677 1724 illiusresidentium,nos
1692 1658 1723 1713 in
1733 1672 1822 1730 qnan-

114 1749 220 1806 easdem
244 1750 366 1822 aspicere
389 1748 525 1814 videmur,
541 1762 644 1803 rreeaeu
657 1749 857 1820 patrimonium
871 1747 942 1803 Sim'-
957 1783 981 1847 B
995 1749 1059 1800 tum
1075 1751 1234 1816 possumus
1249 1744 1418 1801 defensores
1432 1761 1497 1802 osse
1511 1748 1666 1816 testamur,
1674 1744 1713 1803 ad
1724 1746 1822 1817 beent

115 1841 173 1908 liae,
189 1840 216 1894 si
229 1839 300 1893 Deus
314 1838 417 1894 nostris
439 1836 510 1892 tttao
533 1836 681 1892 tradiderit
701 1837 831 1892 mortibus
854 1837 944 1892 simili
997 1851 1031 1890 ea
1046 1834 1075 1888 in
1089 1832 1170 1890 illius
1186 1833 1296 1890 ditione
1311 1834 1347 1889 ad
1364 1834 1504 1891 utendum
1521 1838 1550 1891 et
1562 1834 1723 1892 fruendum
1738 1840 1822 1910 atque

113 1927 192 1985 modo
212 1928 350 1983 mutuum
375 1927 496 1998 Caietam
518 1925 700 1983 etaFuadam
727 1941 789 1981 aum
816 1926 942 1982 omnibus
997 1923 1212 1996 disponendum
1238 1922 1361 1980 firmiter
1382 1922 1497 1980 ardeant
1519 1923 1660 1996 optineri;
1691 1924 1770 1982 salsa
1793 1926 1821 1982 in

115 2032 213 2073 earam
225 2016 531 2088 pertinenciisdnauper
544 2016 684 2088 offerimus
705 2017 757 2071 titi
778 2015 852 2072 beate
866 2016 944 2071 Petro
997 2011 1136 2068 omnibus
1152 2015 1294 2084 potestate
1309 2016 1448 2068 nestraet
1458 2012 1510 2067 ulit
1521 2013 1615 2069 nostri
1629 2018 1824 2086 posterorum·

117 2106 235 2179 apostate
248 2105 405 2177 vicarioque
419 2113 465 2161 tue
476 2104 577 2171 ,άοηιηο
593 2106 711 2161 taluam
730 2119 812 2177 papie
834 2113 860 2160 at
882 2119 941 2160 sue·
997 2117 1054 2173 que
1067 2104 1244 2168 nostrorum,
1261 2100 1424 2157 secundum
1441 2100 1518 2175 quod
1534 2101 1564 2156 in
1577 2107 1662 2174 pacto
1676 2106 1706 2159 et
1720 2092 1822 2159 calar:

117 2196 267 2251 caesoribus
282 2195 350 2266 ejus,
364 2202 519 2268 prunestre
542 2194 635 2249 auitae
659 2193 787 2259 remedie,
806 2195 944 2267 nostrique
998 2190 1126 2246 matiene
1138 2206 1170 2245 ae
1185 2189 1666 2264 promissionisilrmitatellugenii
1679 2191 1824 2265 pontificis

116 2285 172 2356 utta·
184 2291 211 2341 et
223 2291 380 2341 nostrerum
392 2290 547 2355 parantum,
563 2281 595 2338 or
607 2285 721 2354 proprio
744 2291 837 2338 aestro
860 2299 944 2352 req-ne
999 2294 1261 2350 successorumque
1277 2276 1359 2335 illius
1374 2278 1584 2335 continetur.ld
1595 2284 1640 2336 est
1651 2279 1675 2315 θ’
1686 2281 1824 2338 utomnis

118 2374 240 2430 ciuitates
255 2379 280 2429 et
294 2371 394 2443 oppida
416 2387 477 2427 cum
497 2372 626 2443 pr'srariis
650 2373 718 2439 suis,
735 2371 804 2428 idest
824 2373 943 2445 dantem,
998 2368 1094 2424 clerus
1109 2371 1138 2423 et
1152 2367 1278 2423 universi
1289 2365 1388 2440 populi
1404 2366 1526 2423 Romani
1542 2367 1693 2438 nobilitas,
1709 2372 1825 2443 propter

118 2463 301 2526 Anderitum,
318 2462 480 2526 Furcmtem,
496 2460 635 2527 Narniam,
651 2460 802 2527 [inluminet
816 2463 942 2531 lltarsr‘m,
998 2458 1127 2514 diversas
1143 2457 1331 2513 necessitates
1358 2460 1387 2511 et
1410 2456 1582 2528 pontificum
1605 2457 1824 2515 inrationabiles

118 2557 145 2606 et
165 2549 235 2605 elidi
257 2547 395 2603 ciuitatem
424 2549 568 2604 Terranem
591 2565 653 2604 eram
677 2551 852 2621 pertinentiis
873 2553 942 2607 saia
998 2563 1067 2620 erga
1081 2545 1223 2619 populum
1235 2545 1290 2601 sibi
1302 2544 1467 2617 subjectum
1483 2544 1655 2617 asperitates
1672 2546 1824 2605 retunden-

118 2638 177 2694 Has
190 2652 293 2693 omncs
309 2635 525 2709 suprascriptas
540 2636 714 2708 provincias,
730 2637 816 2693 urbes
832 2642 860 2693 et
875 2638 943 2694 civi·
999 2637 1061 2705 das,
1079 2637 1261 2690 sacramento
1277 2651 1307 2689 se
1322 2632 1591 2707 obligel,qualenus
1603 2634 1703 2692 latura
1715 2634 1825 2709 pontid·

117 2730 204 2794 tates,
220 2724 328 2799 oppida
343 2729 430 2798 atque
450 2723 579 2789 castelle,
596 2723 707 2781 viculos
730 2742 763 2782 ae
786 2725 942 2795 territoria,
998 2741 1064 2782 cum
1079 2724 1181 2780 electio
1191 2724 1335 2795 quantum
1347 2723 1581 2795 uniuscujusque
1592 2723 1825 2783 intellectuslue-

118 2815 264 2888 simulque
279 2819 308 2870 et
323 2813 567 2887 patrimoniapro
583 2814 711 2869 remedio
723 2814 826 2870 anima
838 2821 943 2871 nestrae
998 2815 1046 2879 rit,
1063 2811 1200 2870 canonice
1215 2816 1243 2867 et
1253 2814 1335 2884 juste
1346 2812 1443 2868 flattu
1458 2816 1490 2868 ut
1506 2811 1555 2868 ille
1569 2814 1621 2887 qui
1636 2812 1676 2870 ad
1691 2813 1747 2871 hec
1761 2832 1823 2871 san·

118 2907 147 2960 et
162 2903 215 2959 lilii
228 2902 320 2958 nostri
336 2902 396 2958 sive
412 2907 566 2975 parentum
582 2907 749 2958 nostrorum
769 2920 802 2959 ac
827 2921 943 2960 succes·
998 2909 1078 2960 ctum
1094 2907 1182 2975 alque
1197 2900 1391 2974 apostolicum
1407 2901 1536 2974 regimen
1560 2901 1691 2976 eligitur,
1709 2904 1822 2961 nemine

118 3007 221 3050 serum
235 2994 403 3047 nostrorum
420 2996 449 3046 et
461 3007 513 3063 pro
528 2996 633 3048 cuncto
658 3009 675 3047 a
699 2996 755 3047 Dee
775 2997 943 3050 conservato
998 2992 1197 3049 consentiente
1212 2990 1372 3046 consecrati
1388 2990 1411 3025 ω
1424 2989 1476 3047 fiat
1496 2990 1634 3063 pontifex,
1651 2992 1823 3066 priusquam

119 3086 207 3154 atque
221 3080 418 3136 conservando
434 3080 612 3135 Francorum
638 3081 756 3152 populo,
769 3082 832 3152 jam
860 3081 943 3138 dictae
997 3082 1086 3138 talem
1102 3082 1131 3137 in
1148 3079 1465 3154 presentiamissorum
1476 3085 1645 3137 nostrerum
1659 3080 1702 3138 uel
1713 3082 1823 3140 filiine·

118 3168 249 3227 ecclcsiae
264 3171 332 3235 tue,
347 3168 431 3224 beate
448 3168 529 3224 l’etre
543 3168 716 3241 apostole,et
731 3186 782 3242 per
796 3174 824 3225 le
839 3170 945 3228 vicario
961 3154 983 3218 D
999 3171 1051 3227 stri
1068 3188 1119 3226 seu
1137 3170 1278 3225 universio
1293 3167 1492 3241 generalitatis
1504 3167 1822 3242 laciatpronrissienem

122 3263 173 3315 tue
188 3255 312 3330 spiritali
336 3257 411 3328 patri
437 3259 536 3312 nostro
552 3257 659 3313 domno
682 3256 807 3313 Johunui
829 3276 945 3316 summo
999 3258 1198 3334 proemnium
1214 3257 1412 3314 satislactione
1436 3261 1524 3331 atque
1553 3259 1655 3316 littura
1674 3272 1822 3318 conserva·

120 3344 252 3421 pontifici
267 3348 296 3401 et
310 3345 467 3401 universali
483 3362 575 3418 pape,
588 3347 713 3419 ejusque
727 3347 946 3403 suecessoribus
1000 3348 1211 3422 tiene‚qualem
1225 3347 1352 3403 domnus
1362 3352 1389 3403 et
1400 3348 1582 3405 venerandus
1592 3348 1823 3425 spiritalispaler

123 3434 260 3510 usquein
277 3435 365 3491 llnem
381 3434 519 3503 seculi,ee
535 3435 622 3490 medo
639 3436 901 3503 conllrmamus,ut
915 3437 945 3493 in
1001 3442 1100 3496 noster
1115 3438 1171 3494 Leo
1187 3440 1290 3510 sponte
1306 3435 1408 3493 iecisse
1425 3434 1599 3494 dinoscitur.
1617 3438 1753 3497 Pretcrea
1772 3438 1820 3496 alis

122 3543 177 3582 sue
208 3523 359 3582 detineant
383 3525 461 3596 jure,
494 3524 671 3596 principatu,
701 3529 789 3597 atque
820 3525 944 3583 dicione.
1001 3525 1290 3598 minorahuicepcri
1309 3526 1465 3582 inserenda
1489 3526 1819 3599 pronuntiaviteius

122 3616 217 3673 Simili
233 3615 322 3671 modo
343 3629 396 3687 per
418 3613 473 3669 boc
493 3619 598 3669 nostrae
621 3614 812 3688 delegationis
827 3621 945 3689 pinetum
999 3620 1032 3672 ut
1047 3616 1076 3672 in
1091 3615 1231 3672 electione
1244 3615 1415 3687 pontificum
1427 3631 1520 3687 neque
1530 3613 1713 3691 liberaeque
1728 3634 1817 3675 sertas

121 3705 331 3762 cenilrmamus
355 3703 528 3759 donationes
552 3720 625 3776 quas
654 3704 708 3775 piae
736 3705 946 3762 reeordationis
1000 3702 1814 3781 adhocvenireprtesumaiulillisRomanis,quesad

121 3792 249 3850 domnus
277 3793 399 3865 Plpinus
426 3808 475 3847 rex
498 3795 528 3848 et
551 3798 650 3865 postea
687 3793 813 3850 domnus
842 3794 946 3850 liarlus
999 3794 1076 3851 hanc
1092 3792 1262 3851 electionem
1279 3808 1331 3864 par
1344 3790 1582 3850 constitutionem
1598 3801 1813 3870 sanctorumqu-

121 3880 384 3939 eacellentissimus
425 3878 584 3953 imperator
624 3881 707 3938 beato
750 3887 834 3938 Petro
876 3900 945 3957 ape·
1001 3888 1081 3942 trum
1106 3884 1227 3957 antiqua
1250 3881 1369 3938 admisit
1390 3882 1582 3951 consuetudo,
1598 3882 1719 3956 aliquod
1741 3884 1811 3941 iaciat

121 3970 195 4027 stolo
211 3973 374 4043 sppntanea
395 3967 544 4025 voluntate
567 3969 767 4039 contulerunt;
791 3989 903 4028 necnon
919 3978 948 4029 ct
1000 3971 1338 4049 impedimentum.Quod
1354 3969 1462 4044 siquis
1478 3974 1580 4028 contra
1595 3971 1673 4029 hane
1697 3964 1808 4031 nostran

121 4074 243 4115 censum
257 4056 302 4114 vel
318 4058 472 4131 pensiones
485 4075 537 4115 sou
553 4064 664 4115 ceteras
679 4060 815 4117 daciones
831 4078 887 4134 que
898 4079 947 4117 an·
1000 4062 1215 4119 institutionem
1232 4061 1272 4117 irc
1288 4060 1607 4133 presumpseritexilio
1623 4062 1806 4120 tradatur.ln·

121 4146 236 4203 nusiim
249 4146 280 4201 in
296 4143 439 4219 palacium
465 4147 542 4219 regis
568 4148 826 4220 Langobardorum
845 4149 945 4206 inferri
1001 4170 1090 4226 super
1104 4152 1203 4221 etiam,
1221 4154 1254 4207 ut
1269 4149 1368 4206 nullus
1381 4148 1539 4207 missorum
1554 4157 1725 4209 nestrorum
1737 4152 1758 4189 ⁸¹
1770 4164 1805 4207 cu·

71 4298 79 4313 ἱ
121 4234 756 4304 solebant,sivede'l'usciasivedoducatu
780 4237 946 4310 spoletano,
996 4238 1387 4316 Juscumquoimpeditionis
1398 4243 1605 4313 argumentum
1617 4237 1803 4317 componerein

121 4325 199 4383 sieut
222 4325 252 4380 in
274 4323 482 4397 suprascriptis
505 4324 712 4381 donationibus
727 4328 902 4399 continetur,
919 4333 948 4384 et
1002 4333 1152 4405 praelatam
1165 4328 1337 4385 electionem
1353 4329 1469 4398 audeat,
1486 4328 1688 4402 probibemus.
1703 4330 1768 4387 Nam
1783 4328 1803 4381 et

120 4415 313 4472 intersanctae
322 4412 468 4470 memoria
478 4413 639 4470 Adrianum
650 4431 755 4487 papam
767 4417 946 4473 eldomnum
1000 4422 1056 4477 boc
1071 4418 1249 4476 omnimodis
1264 4416 1416 4473 instituere
1427 4416 1585 4490 placuit,ut
1599 4420 1652 4491 qui
1668 4418 1752 4476 semel
1762 4414 1801 4473 sub

120 4502 240 4560 liarlum
254 4503 461 4576 imperatorem
477 4503 743 4575 convenit,quando
758 4504 834 4560 idern
850 4506 983 4585 ponti-G
1002 4508 1121 4584 speciali
1141 4506 1310 4565 defensione
1335 4505 1435 4562 donini
1460 4506 1612 4578 apostolici
1642 4508 1702 4565 sive
1725 4509 1801 4563 naon

119 4592 165 4646 lex
189 4591 282 4647 eidem
308 4592 343 4646 de
367 4591 575 4664 suprascriptis
599 4592 765 4661 ducatibus,
782 4593 810 4648 id
827 4598 871 4650 cst
885 4595 945 4651 'lu-

120 4696 209 4736 scano
232 4685 261 4735 el
285 4679 453 4752 Speletano,
484 4698 543 4736 suae
568 4682 750 4738 auctoritatis
776 4690 945 4756 preceptum

119 4767 312 4836 confirmavit,
328 4784 360 4824 eo
376 4768 471 4824 sciliot
486 4769 571 4826 medo
587 4774 619 4825 ut
633 4771 719 4826 annis
735 4771 861 4845 singulis
881 4790 944 4845 pre—

119 4852 216 4912 dictus
231 4874 338 4912 census
354 4857 389 4912 ad
407 4862 518 4930 partem
534 4859 662 4916 ecclcsiae
678 4860 753 4915 beati
782 4861 856 4916 Petri
873 4879 945 4934 apo-

119 4945 387 5018 stoliperaolvalur3
404 4947 695 5018 salvasupereosdem
711 4951 945 5006 ducatusnestra

120 5036 150 5090 in
175 5035 312 5091 omnibus
338 5035 537 5091 dominatione
561 5042 590 5092 et
614 5036 731 5092 illorum
756 5040 792 5094 ad
813 5046 944 5096 nestram

118 5129 230 5198 partein
257 5129 287 5181 et
310 5124 361 5179 filii
387 5124 478 5179 nostri
499 5126 689 5196 subjectione.
707 5132 851 5197 Ceterum,
869 5130 946 5185 sicut

118 5214 258 5284 diximus,
275 5215 375 5269 omnia
389 5213 524 5285 superius
540 5214 689 5269 nominata
707 5217 745 5271 ita
760 5216 795 5271 ud
818 5221 944 5274 vestram

119 5308 232 5375 partem
244 5318 297 5377 per
306 5301 360 5359 hoc
371 5305 477 5359 nostre
489 5302 720 5360 confirmationis
735 5310 851 5377 pactum
863 5307 945 5363 robo-

1000 4594 1798 4669 luerintsuseepti,impctratajusteutanturdcl'ensione.

999 4686 1121 4754 Quodsi
1137 4686 1204 4758 quis
1220 4684 1249 4739 in
1266 4698 1445 4756 quemquam
1456 4682 1572 4739 illerum
1585 4685 1637 4757 qui
1650 4685 1704 4742 boc
1714 4692 1799 4757 pront-

999 4768 1798 4847 ruerintviolarepresumpseritsclatsepericulnmrilae

999 4883 1059 4922 sue
1074 4880 1139 4920 esse
1154 4865 1353 4918 incursurum.
1370 4860 1444 4916 illud
1460 4861 1548 4916 etiam
1563 4852 1797 4925 conlirmamumt

998 4955 1106 5010 domno
1123 4950 1281 5026 apostolico
1293 4950 1405 5022 justam
1422 4949 1450 5004 in
1467 4939 1605 5008 omnibus
1626 4947 1796 5008 serrentabt·

999 5042 1139 5098 dientiam
1151 5039 1378 5098 seuducibusac
1389 5039 1542 5110 judicibus
1555 5040 1618 5096 suis
1628 5041 1664 5097 ad
1676 5038 1795 5113 justitian

1000 5132 1174 5187 laciendum.
1190 5127 1263 5185 lluic
1279 5128 1357 5183 enim
1383 5127 1564 5184 institucioni
1588 5129 1644 5185 boe
1663 5119 1797 5186 necessarii

999 5221 1214 5276 adnectendum
1238 5234 1303 5274 esse
1327 5217 1542 5290 perspeximus,
1565 5223 1599 5274 ut
1623 5218 1706 5291 missi
1725 5206 1798 5275 danai

1000 5307 1152 5381 apostolici
1175 5324 1227 5364 seu
1251 5306 1344 5363 nostri
1368 5323 1484 5380 semper
1507 5307 1567 5363 sint
1591 5308 1749 5378 constituti,
1764 5295 1799 5376 qli

799 5448 920 5507 vaula
940 5450 1148 5507 Llic'llONliS.

153 5577 267 5657 itidem
281 5583 415 5648 naalol.
453 5583 475 5617 ⁴⁰
490 5586 678 5641 consecratus
690 5600 755 5657 paq.
772 5584 834 5641 240.
848 5594 874 5643 et
888 5586 964 5644 cedd.
1003 5589 1023 5623 ⁴¹
1041 5585 1323 5645 nostrumatouttl.
