3878 6096
45 282 112 345 tos
541 285 798 351 ··F1mNconotl
825 281 960 348 {leonti
984 277 1262 352 cantationem.
1702 294 1763 358 tot

46 416 88 475 aa
103 416 296 490 disciplinam
312 418 517 477 sustinendum
533 420 741 476 contradixerit
756 420 797 478 vel
811 422 881 477 nris·
897 424 924 489 Α
940 418 1062 476 reddere
1083 422 1217 492 nolucrit,
1235 424 1263 479 in
1290 425 1385 497 prima
1409 428 1637 483 contradictione
1661 428 1763 485 solidis

48 522 83 563 so
99 510 203 563 nostro
221 507 327 580 jussus
353 513 529 582 presentare
555 509 692 575 noluerit,
709 510 880 582 predictum
937 509 1105 582 quindecim
1121 511 1277 585 culpabilis
1288 513 1481 585 judicetur.Si
1494 516 1530 571 ud
1546 517 1703 572 secundam
1718 517 1762 572 in-

32 595 186 661 'bannum
210 597 364 673 sexaginta
387 598 549 656 solidorum
573 604 739 672 componat,
754 601 831 656 sieut
851 600 881 655 in
937 599 1125 672 quisitionem
1141 618 1207 657 eum
1224 603 1344 659 reddere
1363 604 1499 671 noluerit,
1514 604 1633 679 triginta
1659 604 1762 663 solidis

47 685 192 761 praedicto
207 685 363 761 capitulari
378 687 512 746 babetur.
937 688 1093 762 culpabilis
1100 691 1291 763 judicetur.Si
1303 709 1355 749 nce
1366 694 1402 749 od
1414 694 1530 751 tertium
1541 693 1760 767 inquisitionem

87 775 133 841 ra.
151 774 188 832 Ut
206 776 231 833 si
253 775 362 851 aliquis
386 777 473 835 bomo
489 795 506 833 a
520 778 563 813 ¹⁰⁶⁷
579 776 720 850 proximis
745 777 883 834 Kalendis
938 780 1102 836 consentire
1113 779 1247 848 voluerit,
1264 781 1405 854 quidquid
1422 800 1488 839 reus
1504 783 1604 839 damni
1625 784 1702 852 lecit,
1718 790 1759 841 to·

47 862 122 921 Julii
138 864 176 921 de
189 864 246 927 boo
261 883 336 923 nora
351 870 451 923 nostra
463 870 580 923 moneta
592 865 717 923 mixtum
728 866 772 924 vel
785 866 884 924 miuus
938 869 1000 922 tum
1017 866 1066 924 ille
1081 869 1131 940 qui
1147 886 1213 925 eum
1238 870 1315 926 inira
1340 870 1556 928 immunitatem
1579 873 1692 943 retinet,
1710 890 1763 930 nec

48 969 143 1026 quam
160 953 266 1011 debeat
281 959 456 1031 pensantem
470 955 624 1012 denarium
646 956 799 1024 invenerit,
815 973 884 1012 eon·
940 956 1060 1012 reddere
1075 957 1145 1028 vult,
1163 957 1272 1014 solvere
1288 963 1449 1033 cogatur,ct
1463 960 1525 1035 ipse
1535 978 1634 1019 courcs
1644 963 1763 1019 veniens

50 1042 184 1117 stringat
196 1059 264 1101 eum
280 1045 331 1121 qui
347 1044 445 1118 ipsum
461 1045 614 1101 denarium
626 1045 661 1101 ad
673 1046 883 1119 negotiandum
939 1043 1087 1100 licentiam
1104 1045 1209 1102 babent
1225 1047 1321 1120 ipsum
1337 1048 1485 1106 bominem
1502 1050 1579 1107 intra
1594 1051 1762 1109 immunita·

51 1130 192 1212 protulit,
208 1136 238 1188 et
262 1132 327 1209 ipse
349 1133 543 1207 dirutaque
568 1149 636 1190 eum
658 1133 787 1207 accepit;
803 1134 828 1192 si
844 1134 886 1191 sic
940 1139 999 1190 tem
1016 1135 1175 1208 quaerendi,
1191 1137 1369 1211 ubicumque
1384 1155 1452 1194 cum
1473 1138 1603 1196 invenire
1626 1141 1763 1213 potuerit.

50 1220 89 1277 de
106 1237 199 1279 manu
215 1222 252 1279 ad
269 1239 391 1279 manum
402 1223 606 1296 conlatosque
617 1224 688 1279 dum
700 1223 736 1279 ad
748 1222 886 1280 falsitatis
941 1224 970 1280 Si
988 1229 1085 1280 eutem
1103 1224 1131 1281 iu
1148 1224 1243 1297 prima
1258 1226 1449 1298 inquisitione
1464 1228 1563 1283 comiti
1589 1245 1765 1303 responsum

51 1314 208 1381 amtorem
222 1312 462 1385 perueniatursst
477 1312 612 1369 inventus
628 1312 710 1369 mixti
726 1310 769 1367 vel
787 1312 887 1369 miuus
941 1314 1038 1382 luerit,
1055 1314 1131 1387 quod
1148 1331 1214 1370 rcus
1231 1315 1307 1371 infra
1329 1314 1546 1372 immunitatem
1562 1317 1680 1390 quidem
1696 1319 1766 1374 suis·

53 1416 146 1473 quam
162 1401 267 1459 debeat
282 1400 435 1474 pensantis
459 1400 571 1457 denarii
597 1405 770 1469 monetator,
787 1400 817 1456 in
837 1400 888 1457 illa
942 1406 996 1472 set,
1014 1404 1065 1459 sed
1080 1403 1149 1476 lugo
1167 1402 1269 1475 lapsus
1293 1402 1341 1469 sit,
1354 1405 1435 1474 juret
1457 1405 1534 1476 quod
1560 1406 1622 1478 ipse
1646 1406 1765 1464 eumad

52 1495 133 1547 terra
144 1489 541 1565 iuquajudiciaseeundum
552 1488 646 1564 legem
658 1489 887 1546 Romanomter·
937 1491 1085 1564 justitium
1102 1492 1261 1563 cujuslibet
1276 1491 1485 1548 disfaciendam
1502 1494 1601 1566 lugere
1612 1511 1669 1549 non
1685 1495 1767 1550 lecis-

54 1579 220 1648 miuantur,
237 1579 401 1636 meandum
418 1579 512 1652 ipsam
527 1577 622 1652 legem
634 1578 798 1649 judicatum
814 1583 843 1634 et
857 1577 887 1651 in
943 1587 997 1647 set,
1013 1586 1040 1636 ct
1051 1581 1089 1637 sit
1104 1581 1129 1636 ei
1146 1580 1174 1635 iu
1191 1580 1246 1636 boc
1262 1579 1456 1636 satisfactum.
1473 1581 1503 1637 Si
1517 1598 1584 1637 vero
1601 1582 1720 1639 intranti
1736 1583 1766 1637 iu

53 1666 106 1725 illa
118 1668 241 1725 terrain
253 1667 435 1743 qnajudicia
445 1668 608 1724 secuudum
620 1668 713 1741 legam
725 1668 887 1724 Romanam
942 1670 1037 1743 ipsam
1055 1669 1283 1736 immunitatem,
1300 1668 1342 1725 vel
1357 1669 1385 1723 in
1403 1668 1560 1741 cujuslibet
1571 1669 1700 1727 bominis
1716 1687 1767 1743 po-

55 1756 889 1830 nonjudicantur,monetarin5,sieutsupradiximuslal·
943 1763 1078 1816 testatem
1103 1758 1145 1814 vel
1172 1759 1391 1831 proprietatem,
1409 1758 1508 1814 comiti
1533 1758 1654 1815 collecta
1677 1776 1767 1815 uranu

55 1847 80 1902 ei
95 1845 212 1903 denarii
226 1862 349 1903 manum
365 1847 512 1903 dexterum
530 1847 643 1918 perdat,
655 1846 732 1902 sicut
742 1846 771 1901 in
783 1850 887 1918 quarto
944 1848 1068 1920 quilibet
1082 1847 1217 1903 resistere
1232 1848 1396 1914 tentaverit,
1412 1864 1509 1903 comes
1533 1848 1588 1904 boc
1612 1851 1647 1905 ud
1669 1866 1767 1922 regem

55 1934 131 1991 libro
148 1933 352 2009 Capitulorum
367 1935 544 1999 continetur,
560 1935 816 2009 cupite33l1tqui
832 1935 887 1991 hoc
941 1938 986 1994 vel
1002 1937 1163 2010 principem
1180 1936 1302 2004 deleret,
1319 1939 1347 1991 et
1360 1936 1399 1992 ibi
1411 1937 1615 2007 judicaturi]
1630 1939 1706 1993 sicut
1719 1938 1768 1995 ille

55 2022 280 2096 consenserit,si
296 2024 591 2095 liberest,60solidos
603 2029 776 2098 componnt3
793 2023 888 2080 siser·
942 2028 992 2100 qui
1009 2026 1037 2081 in
1050 2026 1238 2082 immunitate
1253 2025 1396 2081 damnum
1413 2026 1490 2092 iecit,
1507 2026 1650 2082 sexcentis
1665 2027 1767 2084 solidis

54 2129 110 2169 sus
123 2111 172 2170 rel
186 2112 321 2181 colonus,
338 2115 436 2170 nudus
450 2130 518 2169 cum
534 2114 625 2186 virgis
637 2112 752 2186 vapulet
770 2114 824 2168 ¹⁰⁶⁸.
942 2116 1076 2189 componi
1094 2115 1191 2185 debet,
1207 2115 1247 2170 ita
1262 2114 1312 2185 qui
1328 2114 1426 2169 conriti
1443 2112 1564 2170 collecta
1576 2130 1664 2170 manu
1681 2116 1768 2171 resis-

91 2203 138 2258 17.
155 2201 194 2259 Ut
209 2201 364 2276 diligenter
377 2202 499 2259 comites
514 2206 542 2258 et
557 2202 685 2261 ministri
700 2201 740 2257 rei
764 2201 887 2274 publice

56 2308 109 2367 per
122 2292 172 2328 ’Μ’
185 2308 257 2348 suos
271 2289 429 2349 comitatus
444 2308 478 2349 ac
490 2291 654 2348 ministerio
668 2291 888 2365 provideantne

56 2380 86 2437 iu
101 2379 207 2455 alique
220 2378 284 2436 loco
298 2379 469 2438 occultaret
494 2380 681 2437 fraudulenta
695 2384 812 2436 moneto
827 2380 887 2435 fieri

55 2470 163 2544 possit
172 2469 209 2525 Et
223 2469 248 2527 si
263 2469 399 2527 inventus
414 2486 448 2526 ac
465 2471 672 2543 comprobatus
687 2469 810 2542 quilibet
825 2469 889 2525 iuc-

57 2558 95 2621 rit
110 2559 159 2595 ¹⁰⁵⁰
170 2557 389 2617 fraudulentam
404 2564 553 2616 monetam
568 2559 736 2631 percutiens
752 2556 890 2624 ¹⁰²¹,sicut

56 2647 256 2705 coustitutum
271 2652 315 2704 est
330 2648 366 2704 de
382 2646 455 2704 laiso
474 2648 647 2720 monetario,
664 2665 698 2704 ex
714 2647 832 2720 prelato
845 2663 890 2703 cn·

58 2736 180 2813 pitulari
197 2737 445 2811 predecessorum
470 2742 649 2803 nostrorum,
666 2754 773 2792 manus
788 2735 813 2792 ei
827 2751 889 2791 am·

58 2830 181 2900 putetur
196 2826 254 2881 ¹⁰⁷¹.
270 2827 306 2884 Et
327 2826 377 2898 qui
402 2825 457 2883 boc
480 2826 671 2893 consenserit,
688 2825 715 2904 si
738 2824 812 2881 liber
835 2830 891 2892 est,

61 2914 217 2991 mxugiutu
231 2913 341 2975 solidos
355 2919 529 2989 componam
545 2916 570 2972 si
582 2932 683 2971 servus
698 2914 742 2971 vel
758 2913 890 2981 colonus,

943 2211 1003 2262 tere
1017 2203 1247 2277 praesumpserit,
1264 2203 1407 2258 sexcentis
1423 2201 1525 2258 solidis
1549 2202 1703 2276 culpabilis
1715 2205 1767 2276 ju-

943 2295 1066 2351 dicetur.
1085 2315 1098 2341 »
1740 2316 1743 2321 ·

980 2385 1023 2438 ro.
1041 2381 1077 2438 Ut
1093 2380 1199 2436 melius
1214 2384 1241 2436 et
1256 2380 1440 2437 commodius
1455 2380 1515 2435 baec
1536 2382 1718 2452 providentia
1732 2382 1768 2439 de

944 2473 1029 2529 bonis
1045 2470 1173 2528 denariis
1188 2487 1245 2526 non
1259 2470 1416 2526 reiciendis
1428 2473 1456 2525 et
1480 2469 1515 2524 de
1540 2473 1664 2525 nannetes
1688 2470 1767 2527 falsae

944 2561 1072 2617 denariis
1085 2559 1225 2616 custodiri
1243 2557 1344 2630 possit,
1361 2557 1548 2626 t'olnmus,ut
1563 2559 1767 2630 uuusquisque

944 2667 1042 2706 comes
1058 2650 1093 2705 dc
1109 2649 1248 2704 comitatu
1269 2664 1323 2703 suo
1338 2646 1437 2701 omnia
1462 2651 1590 2702 mercato
1611 2645 1767 2705 inbrcn’ari

945 2738 1041 2807 iaciat,
1058 2742 1086 2794 et
1101 2738 1174 2793 scint
1189 2735 1274 2792 nobis
1289 2736 1393 2802 dicere,
1410 2752 1474 2807 que
1490 2739 1619 2791 mercata
1637 2739 1768 2808 tempore

945 2829 989 2883 ori
1005 2827 1097 2883 nostri
1114 2828 1274 2893 luerunt,ct
1288 2841 1353 2897 que
1365 2830 1496 2895 tempore
1510 2823 1611 2879 domni
1621 2828 1649 2879 et
1660 2823 1770 2896 genito-

945 2918 986 2973 ris
1002 2916 1093 2973 nostrl
1111 2931 1175 2971 csso
1190 2917 1349 2985 cooperunt,
1366 2908 1410 2968 rel
1426 2927 1489 2984 que
1505 2911 1584 2968 illius
1599 2913 1770 2971 auctoritate

61 3006 161 3063 nudus
173 3020 244 3062 cum
259 3003 349 3078 virgis
362 3004 489 3077 vapulet.
946 3005 1106 3062 constituta
1123 3004 1251 3070 luerunt,
1267 3001 1313 3058 rel
1329 3018 1392 3073 quau
1409 3000 1472 3057 sine
1495 3001 1668 3058 auctoritate
1691 3001 1770 3057 illius

93 3094 141 3151 l8.
157 3093 196 3151 oc
209 3094 234 3151 si
250 3091 345 3151 luleus
360 3094 549 3162 monetarius,
567 3098 618 3151 aut
634 3094 678 3129 ¹⁰³³
691 3093 727 3150 de
740 3091 799 3148 illis
819 3091 891 3148 loeis
948 3095 1025 3152 iacta
1043 3094 1171 3163 luerunt,
1186 3091 1228 3147 vel
1254 3108 1318 3164 qun
1341 3094 1471 3162 tompore
1495 3096 1594 3146 nostro
1618 3091 1771 3149 convenire

63 3182 89 3241 in
104 3183 220 3257 quibus
234 3187 382 3249 monetam
399 3183 460 3239 lieri
472 3183 686 3256 jussimus‚uut
700 3181 812 3258 occulte
827 3198 888 3237 mo·
907 3165 929 3233 C
948 3188 1108 3257 caeperunt,
1124 3182 1167 3237 vul
1182 3198 1246 3253 quac
1262 3180 1291 3236 in
1304 3179 1435 3252 antiquis
1450 3179 1522 3236 locis
1545 3185 1728 3252 permanent,
1743 3183 1772 3235 et

64 3279 164 3343 netum
179 3272 359 3346 percutiens,
376 3276 427 3327 aut
449 3272 601 3331 denarium
627 3270 735 3327 salsum
760 3272 795 3328 de
820 3287 893 3326 novo
947 3275 972 3331 si
988 3276 1100 3330 mutatu
1114 3277 1193 3338 sunt,
1210 3271 1296 3342 cujus
1311 3269 1484 3327 auctoritate
1504 3273 1617 3324 mutata
1641 3269 1769 3325 luerunt.

64 3366 184 3433 moneta
199 3361 237 3419 ad
252 3360 463 3436 negotiandum
477 3359 893 3434 proterens,ut¹⁰⁷⁸constringi
947 3363 981 3419 Et
997 3363 1094 3434 ipsum
1119 3361 1237 3416 brevem
1260 3358 1466 3430 uuusquisque
1490 3372 1587 3412 comes
1612 3357 1647 3411 cd
1673 3355 1770 3428 proxi·

61 3457 89 3509 at
102 3449 209 3525 puniri
223 3467 281 3519 nou
296 3450 390 3524 possit
404 3451 459 3520 ¹⁰⁷⁸,
477 3450 553 3507 sieut
574 3455 618 3506 est
641 3450 846 3519 constitutum,
863 3451 892 3506 in
948 3469 1029 3508 mum
1043 3450 1184 3524 placitum
1201 3452 1334 3504 nostrum
1357 3446 1442 3501 nobis
1467 3445 1609 3516 adportet,
1625 3447 1657 3499 ut
1672 3445 1769 3500 decer·

59 3541 169 3611 fiscum
185 3544 323 3597 nostrum
337 3538 892 3613 velinquamcumqueimmunitatem,
949 3558 1016 3597 nere
1041 3538 1200 3612 possimus,
1223 3541 1368 3607 quatenus
1392 3532 1557 3589 necessaria
1581 3536 1610 3588 et
1634 3531 1718 3588 utilia
1742 3536 1771 3590 et

57 3634 113 3686 aut
126 3628 259 3702 alicujus
275 3629 402 3703 potentis
419 3632 593 3702 potestatem
617 3627 661 3685 vel
686 3627 892 3701 proprietatem
948 3648 1012 3703 que
1026 3646 1078 3703 per
1093 3626 1295 3682 arroteritatom
1311 3627 1381 3679 sunt
1396 3627 1544 3689 moneant,
1560 3639 1624 3694 qnae
1638 3638 1704 3677 vero
1720 3638 1769 3677 su·

55 3718 117 3787 Μ’,
131 3717 309 3792 contugerit,
325 3718 350 3774 si
374 3717 404 3774 in
430 3723 564 3775 nostrum
587 3717 751 3790 confugerit
776 3718 891 3785 fiscum,
948 3720 1071 3791 perilua,
1086 3715 1310 3780 interdicantur,
1325 3712 1369 3768 vel
1384 3711 1456 3767 luein
1478 3711 1540 3766 suis
1564 3710 1768 3766 restituantur.

55 3807 234 3881 requiratur
248 3824 265 3863 a
280 3806 416 3864 ministro
446 3809 556 3863 nostro.
577 3808 612 3863 Et
636 3806 659 3862 si
681 3806 730 3861 ille
753 3822 820 3860 eum
843 3805 892 3861 de·
947 3808 982 3863 ot
997 3809 1126 3862 mercata
1141 3803 1187 3859 die
1204 3801 1352 3858 Dominico
1367 3800 1395 3855 in
1412 3798 1492 3855 nullo
1508 3797 1571 3855 loeo
1593 3798 1767 3868 habeantur,

51 3896 192 3955 redderit
218 3900 270 3953 aut
297 3897 495 3967 occultaverit,
521 3895 674 3952 nuntietur
702 3895 797 3963 nobis,
820 3911 892 3967 qua·
948 3896 1024 3952 sicut
1036 3895 1066 3949 iu
1082 3893 1177 3966 primo
1192 3890 1266 3948 libro
1281 3888 1491 3962 Cupitnlorum,
1503 3887 1631 3959 capitulo
1647 3888 1699 3943 136
1713 3888 1769 3956 ¹⁰⁷⁰,

53 3989 152 4055 tenus
175 3986 218 4043 ita
233 3986 277 4023 ¹⁰³²
293 3986 322 4041 in
347 4002 381 4042 co
405 3986 569 4042 seeundum
594 3984 754 4057 capitulare
780 3982 892 4056 regium
947 3986 1082 4042 hebetur.

50 4075 239 4147 vindicetur,
252 4090 290 4132 ne
304 4074 384 4131 ullus
400 4074 476 4131 elius
489 4091 621 4147 unquam
647 4072 804 4129 salsitatem
825 4089 892 4129 nos·
982 4075 1027 4129 29.
1044 4073 1080 4129 Ut
1095 4088 1192 4128 conies
1207 4075 1236 4126 et
1257 4069 1296 4125 rei
1322 4066 1443 4141 publice
1471 4065 1598 4122 ministri
1624 4082 1658 4122 uc
1682 4066 1769 4122 ceteri

49 4166 109 4223 tra
136 4164 314 4227 auctoritate
339 4163 384 4221 vel
414 4167 556 4237 potestate
585 4162 749 4219 consentire
775 4164 818 4198 ¹⁰⁷⁸
842 4165 894 4218 out
947 4160 1153 4219 fidelesnostri
1170 4159 1351 4233 provideant,
1368 4159 1513 4231 quatenus
1528 4156 1630 4227 justus
1654 4155 1771 4213 modius

51 4252 222 4321 defendere
244 4253 362 4310 audent.
379 4253 409 4309 Si
429 4256 528 4308 autem
554 4252 583 4307 in
609 4251 825 4307 immunitatem
848 4248 892 4306 vel
947 4267 1108 4324 equusque
1123 4248 1270 4306 sextarius
1284 4246 1446 4303 secundum
1464 4261 1578 4301 sacram
1594 4243 1770 4315 scripturam

54 4346 241 4416 mustelam
256 4346 307 4399 aut
321 4341 530 4416 proprietatem
547 4340 673 4413 alicujus
688 4340 817 4413 potentis
828 4356 894 4397 eon·
947 4347 976 4398 et
986 4339 1114 4413 capitula
1124 4339 1372 4411 predecessorum
1380 4338 1548 4390 nostrorum
1562 4332 1591 4387 in
1603 4331 1771 4389 civitatibus

57 4431 183 4505 legerit,
199 4432 362 4489 secundnm
378 4431 456 4504 quod
472 4431 501 4487 in
517 4431 602 4486 tertio
616 4429 691 4486 libro
707 4428 891 4503 Capitularis,
947 4435 977 4487 et
993 4425 1259 4485 invicisetinvillis
1267 4425 1303 4479 od
1313 4422 1496 4480 vendendum
1506 4418 1768 4485 etcmcndumbot,

53 4522 99 4579 ὃὸ
111 4521 253 4594 capituto,
269 4520 447 4591 continetur,
461 4521 496 4576 de
512 4537 545 4577 eu
560 4519 611 4593 qui
633 4519 745 4576 lurtum
769 4522 821 4574 aut
844 4518 894 4574 he
908 4542 933 4608 Β
947 4524 976 4576 et
992 4534 1159 4576 mensuram
1176 4514 1338 4571 secundum
1353 4509 1505 4580 antiquam
1528 4505 1769 4562 consuetudinem

59 4610 219 4669 micidium
234 4609 280 4669 vel
298 4609 451 4684 quodlibet
475 4610 586 4666 crimen
612 4608 683 4665 ioris
707 4607 894 4665 committens
949 4608 1105 4682 depotatio
1121 4610 1221 4662 nostro
1236 4601 1391 4674 accipiunt,
1407 4602 1435 4653 et
1452 4612 1508 4651 nou
1533 4611 1585 4668 pro
1610 4593 1665 4650 hac
1688 4611 1770 4651 occa·

60 4699 143 4756 inire
174 4698 393 4756 immunitatem
428 4699 546 4773 sugerit,
576 4699 644 4755 inde
678 4698 747 4766 fiat;
775 4697 803 4752 id
838 4700 893 4767 est,
949 4684 1629 4758 sioneemunsuariisvelubbisquicensum
1654 4684 1770 4752 debent,

59 4811 79 4841 ιι
94 4788 219 4849 mandet
229 4804 330 4855 comes
342 4788 387 4847 vel
399 4786 523 4862 publice
539 4787 579 4844 rei
601 4787 735 4845 minister
758 4785 894 4859 episcopo
948 4786 1043 4856 major
1055 4779 1244 4848 modius,nisi
1260 4779 1336 4834 sicut
1350 4773 1530 4832 consuetudo
1546 4773 1611 4841 luit,
1628 4773 1770 4846 exigatur.

60 4876 109 4937 vel
123 4876 235 4946 abbati,
250 4876 297 4935 vel
313 4875 358 4933 illi
372 4877 553 4950 quicumque
577 4876 674 4933 locum
696 4874 826 4948 episcopi
850 4874 894 4930 vel
949 4876 983 4930 Et
997 4873 1052 4947 ipsi
1069 4871 1203 4928 bomincs
1219 4869 1269 4941 qui
1281 4865 1425 4941 pervillas
1436 4863 1472 4920 de
1482 4861 1609 4920 denariis
1620 4861 1771 4934 providen-

61 4965 183 5031 abacos
196 4964 242 5023 vel
256 4966 414 5027 abbdisse
429 4965 565 5033 tenuerit,
579 4965 623 5023 vel
645 4964 772 5039 potentis
795 4963 893 5020 bomi-
948 4961 1117 5033 tiomjurati
1127 4946 1772 5029 habebunt,ipsietiamdemensura,ncadul-

62 5055 112 5113 nis
125 5054 158 5113 iu
172 5056 260 5129 cajus
274 5058 450 5129 potestatem
465 5054 509 5112 vel
529 5055 737 5128 proprietatem
761 5053 896 5127 conluge—
949 5047 1241 5122 teretur,provideant
1251 5044 1367 5103 sicutiu
1378 5042 1453 5100 libro
1463 5041 1549 5097 tertio
1559 5036 1770 5134 capitulorum,

65 5143 114 5213 rit,
130 5148 164 5200 ut
179 5143 283 5201 reddet
297 5143 324 5201 ei
338 5160 431 5202 reum.
449 5143 479 5201 Si
494 5143 542 5200 ille
561 5141 770 5200 conbadixerit
783 5146 812 5198 et
827 5158 894 5198 enm
949 5141 1076 5215 capitulo
1090 5139 1136 5210 90,
1151 5137 1326 5194 continetur.
1343 5135 1377 5190 Et
1393 5131 1496 5204 siquis
1511 5132 1663 5201 reputatus
1685 5125 1772 5181 luent

750 5301 871 5359 VAiilAE
890 5302 1086 5360 boemones

99 5444 274 5515 waleuelt.
313 5446 362 5491 ¹⁸⁸⁸-
374 5445 503 5503 cedatur
517 5446 544 5503 3.
560 5446 608 5503 ab.
647 5446 692 5482 ¹⁰⁶⁹
705 5445 778 5503 dccet
791 5447 819 5502 3.
859 5446 903 5482 ¹⁰⁷⁰
917 5447 937 5502 i.
952 5463 981 5518 q.
997 5446 1025 5501 3.
1064 5446 1106 5481 ¹⁰⁷¹
1123 5444 1144 5500 l.
1161 5460 1200 5499 m.
1217 5459 1246 5513 p.
1262 5441 1358 5497 desum
1372 5438 1399 5494 3.
1438 5426 1770 5514 comminator-son.

65 5516 235 5579 ”durtii-
273 5517 446 5603 ¹⁰⁷fdecst3.
486 5516 531 5554 ¹⁰⁷⁸
544 5521 640 5602 potest
654 5534 688 5574 eo
703 5519 781 5646 quod
798 5517 827 5574 in
843 5518 914 5575 fisco
932 5521 1032 5574 nostro
1046 5518 1073 5573 3.
1113 5516 1157 5552 ¹⁰⁷⁶
1172 5534 1198 5573 v.
1215 5531 1242 5587 p.
1259 5513 1356 5570 desunt
1367 5510 1394 5565 3.
1433 5507 1477 5543 ¹⁰⁷⁷
1491 5505 1563 5564 deest
1577 5504 1604 5567 3.
1642 5502 1772 5561 ¹⁰¹⁸coo·

63 5605 170 5649 sonere
182 5590 210 5661 3.
247 5591 294 5629 “i’
307 5609 340 5650 cn
350 5589 497 5673 §concode
513 5589 615 5663 eccur
627 5590 694 5664 1453
721 5588 854 5666 cqcndam
869 5606 932 5651 vcra
946 5598 986 5648 est
1000 5589 1061 5646 139.
1077 5588 1154 5647 Bit·
