3878 6098
59 309 142 372 ffltl
649 308 931 372 Maurueohoo.
955 309 1176 372 aurissmu.
1688 325 1767 390 l230

55 442 96 497 Ἡ
115 441 262 497 Kalendas
276 441 345 497 lun.
364 441 453 496 Mesia
469 442 584 497 ciuitate
599 440 779 498 Dortsstrcnsi
793 442 888 497 natale
903 445 928 508 Α
979 442 1216 510 Autissioderonn',
1234 446 1263 498 iu
1280 445 1347 500 crille
1365 460 1429 518 qum
1451 447 1552 506 dieitur
1577 458 1719 527 Poetaces,
1734 460 1767 516 de

93 532 122 588 S.
140 531 155 588 J
160 530 212 586 ulii
225 530 374 603 martyris.
390 527 511 587 Ciuitate
526 531 667 586 Areusica
683 531 777 586 natale
793 535 820 586 S.
830 531 887 586 Ilu-
977 534 1056 586 tritico
1074 534 1103 586 in
1120 549 1204 587 netum
1220 535 1387 591 continentes
1398 538 1462 608 plns
1484 541 1577 595 inicius
1590 559 1724 615 arpennos
1738 565 1765 602 v.

93 619 179 693 tropii
195 619 325 693 episcopi
341 623 370 676 et
385 620 571 676 confessoris.
589 619 620 675 lu
636 619 784 676 territurio
799 621 888 676 Adar·
976 620 1074 675 Boihm
1088 620 1132 676 die
1153 621 1307 694 Stephanus
1329 622 1361 680 de
1386 624 1499 683 Caecilia
1523 627 1600 699 odiit,
1615 649 1665 704 pro
1688 633 1767 706 eujus

91 709 167 767 lensi
183 714 210 765 S.
228 707 364 782 llegnulfi
381 709 528 781 martyris.
975 711 1083 765 uestinos
1098 711 1234 767 tolotanos
1248 712 1307 783 ejus
1319 713 1395 782 pilius
1411 715 1491 770 illam
1509 727 1626 788 purtem,
1642 738 1724 795 quom
1738 725 1768 779 in

53 800 81 853 V
95 798 243 855 Kalendas
258 797 453 854 Juniieomae
464 797 560 853 natale
572 797 750 853 S.Jehennis
767 814 848 870 pape
858 800 886 853 el
976 797 1090 853 Ceseliis
1113 800 1211 856 hebere
1234 801 1388 869 uidebatur,
1411 819 1462 875 per
1483 821 1600 863 monum
1616 811 1769 868 lnaoemtli

92 885 334 960 martyrisApud
346 885 885 943 ParisiumtransitusseeetiGermaui
972 902 1054 958 popm
1068 896 1093 943 et
1111 887 1242 944 Willelmi
1255 891 1372 958 canitis,
1389 895 1530 950 canonicis
1544 895 1625 967 buius
1647 900 1769 959 ecclesiae

94 975 225 1049 episcopi
239 979 268 1031 el
281 975 560 1048 ponlessoris.Apud
575 974 884 1032 Carnutumeivitelem
973 977 1089 1032 Poenino
1103 978 1156 1033 Boo
1171 980 1350 1035 seruientibus
1367 980 1473 1037 dimisit
1489 1000 1498 1037 .·
1513 990 1539 1039 el
1553 985 1582 1039 in
1596 986 1685 1043 Nocte
1699 990 1768 1045 uilio

97 1064 196 1137 passio
213 1064 241 1120 S.
259 1063 393 1119 Cerauni.
412 1064 443 1119 ln
459 1063 594 1120 Sardinia
608 1063 758 1130 SSEmili,
771 1063 882 1132 Felicis,
973 1073 1026 1121 tres
1039 1083 1174 1138 arpennos
1188 1067 1221 1124 de
1236 1076 1309 1123 terre
1324 1070 1429 1126 arabili
1451 1079 1561 1144 octoque
1583 1073 1709 1133 onnes
1733 1077 1767 1135 de

91 1153 213 1220 Priami,
231 1151 362 1208 luciani.
974 1170 1054 1210 eurise
1062 1172 1112 1226 pro
1127 1158 1223 1212 anima
1233 1159 1495 1232 matrissuaeprope
1507 1178 1620 1219 murum
1633 1166 1763 1222 ciuitatis.

127 1242 200 1298 Obiit
217 1242 291 1298 Weto
308 1242 390 1298 heito
411 1250 438 1298 et
459 1244 606 1299 scandens
629 1249 655 1299 et
674 1251 766 1315 posteo
788 1259 882 1299 mone-
937 1242 1034 1298 Nonas
1049 1244 1140 1300 lunii.
1156 1247 1240 1318 Apud
1256 1248 1411 1320 AEgyptum
1427 1249 1524 1307 natale
1539 1251 1588 1307 SS.
1601 1259 1763 1328 martyrum

87 1333 154 1386 chres
168 1329 304 1404 effeetus..
972 1333 1123 1402 Marciani,
1140 1334 1278 1390 Nicandri
1305 1340 1334 1391 el
1358 1337 1515 1409 Apollonii,
1532 1358 1658 1414 quorum
1681 1349 1765 1417 gesta

54 1420 93 1474 1v
110 1420 174 1476 Kal.
190 1419 260 1476 Jun.
278 1419 376 1476 Bomae
392 1420 439 1475 vie
451 1420 675 1476 Aurelianalele
692 1421 721 1477 S.
735 1420 882 1488 Restituti,
972 1421 1129 1477 hahentur.
1140 1424 1223 1495 Apud
1240 1423 1387 1480 Tharsum
1403 1426 1550 1485 civitatem
1567 1431 1664 1488 natale
1679 1432 1764 1488 §.Bo-

88 1510 144 1565 l'ia
158 1508 321 1582 Tyburtiua
337 1510 432 1566 namle
452 1515 564 1583 septem
581 1525 798 1583 germanorum.
814 1510 883 1565 'Pre-
972 1510 1069 1566 nilaeii
1087 1512 1233 1584 martyris.
1251 1512 1324 1568 Item
1340 1514 1480 1570 Bonifeeii
1496 1517 1625 1591 episcopi
1640 1525 1670 1576 el
1683 1539 1764 1578 mer-

87 1598 160 1654 viris
185 1598 216 1653 B.
231 1597 349 1653 Maximi
374 1598 504 1671 episcopi
529 1603 558 1653 et
583 1598 769 1654 confessoris.
787 1597 883 1654 leonio
972 1599 1762 1679 tyrisquidoBritannisvenieus,inFrisiepessusesl.

87 1687 206 1744 civitate
230 1686 327 1743 natale
351 1691 380 1742 S.
404 1687 525 1744 Coronis
549 1688 696 1759 martyris
713 1688 821 1743 Eodem
837 1686 883 1742 die
1007 1689 1126 1760 Ipscdie
1137 1691 1206 1745 obiit
1220 1689 1387 1746 Titeoholdns
1400 1692 1490 1748 miles.

86 1774 185 1832 natale
205 1777 253 1832 SS.
283 1778 450 1848 martyrum
479 1775 612 1847 Sisinnii,
637 1775 767 1850 Martp'rii
796 1775 1001 1878 atqueBl'lll
1016 1777 1086 1833 idus
1101 1777 1192 1833 lunii.
1208 1778 1291 1849 Apud
1307 1778 1470 1836 Caesaream
1493 1782 1638 1854 depositio
1653 1787 1680 1841 8.
1698 1785 1765 1843 Phi-

84 1864 252 1922 Alerendri.
971 1864 1042 1937 lippi
1056 1865 1181 1933 diaconi,
1192 1866 1243 1938 qui
1260 1867 1304 1922 lut
1319 1884 1397 1924 unus
1411 1869 1447 1925 de
1462 1887 1501 1924 vrr
1516 1870 1697 1932 diaconibus.
1706 1875 1765 1933 Bo·

123 1955 196 2011 Obiit
219 1954 401 2011 Frotmuadus
426 1955 506 2011 miles
530 1957 558 2010 S.
586 1955 728 2026 Stephani,
742 1962 767 2009 et
787 1962 880 2026 posteo
970 1971 1023 2008 me
1040 1958 1208 2011 sauctorum
1220 1960 1381 2025 martyrum
1396 1958 1508 2013 Artenii
1523 1975 1591 2015 cum
1607 1978 1695 2018 uxore
1709 1981 1764 2020 sua

84 2041 233 2099 semeles
260 2041 288 2097 S.
313 2041 466 2098 Benedicti.
494 2044 554 2114 lpse
583 2041 629 2097 die
653 2049 692 2098 est
723 2043 880 2113 intersectas
969 2042 1100 2098 Candida
1114 2042 1215 2099 elfilia
1228 2043 1358 2100 Pauline.
1374 2045 1459 2116 Apud
1472 2047 1657 2106 Antiochiam
1677 2051 1763 2108 S.As·

83 2148 172 2188 comes
187 2131 356 2203 Ruyneldus.
970 2130 1109 2203 clopiudis
1125 2131 1252 2205 episcopi
1269 2136 1297 2189 et
1311 2133 1500 2192 confessoris.

48 2221 98 2276 lll.
115 2220 178 2275 Kal.
193 2219 261 2275 Jun.
278 2220 376 2275 Rome
401 2219 448 2275 via
466 2218 586 2274 Aurelia
610 2218 705 2274 natale
721 2220 750 2275 S.
772 2219 877 2276 Felicis
933 2218 985 2275 Vll
1001 2221 1070 2276 ldus
1091 2220 1181 2276 lunii.
1198 2221 1488 2294 Constantinopolim
1513 2226 1610 2283 nelele
1634 2226 1663 2283 S.
1681 2226 1763 2283 Pauli

84 2326 166 2382 pepe
202 2314 230 2365 et
260 2308 412 2380 martyris.
443 2307 586 2364 Turribus
615 2307 755 2363 Sardinia
785 2308 879 2365 natale
969 2309 1098 2382 episcopi
1127 2314 1156 2366 et
1185 2310 1332 2383 martyris.
1358 2312 1495 2370 Corduba
1524 2315 1573 2371 SS.
1598 2319 1761 2390 martyrum

85 2398 137 2454 SS.
156 2402 319 2472 martyrum
338 2397 441 2453 Gabini
466 2402 494 2453 et
509 2397 643 2469 Crispuli.
659 2397 813 2453 Antiochia
828 2416 879 2454 ne-
970 2400 1046 2455 Petri
1071 2399 1243 2472 preshyteri,
1270 2400 1393 2469 Aventii,
1410 2401 1563 2459 Hieremias
1586 2409 1615 2460 et
1637 2404 1761 2461 aliorum

87 2486 144 2542 lale
167 2488 217 2543 SS.
243 2486 316 2542 lsitii
334 2491 362 2542 el
380 2486 515 2552 Palatini,
541 2487 591 2557 qui
617 2484 711 2541 multa
736 2489 880 2544 lormenle
970 2488 1060 2544 trium
1077 2505 1202 2560 quorum
1218 2492 1300 2561 geste
1314 2487 1469 2545 habentur.

87 2577 168 2649 passi
184 2577 331 2649 sunl.lpso
343 2576 390 2633 die
405 2575 501 2631 notaio
516 2574 687 2631 S.llucberli
697 2575 879 2648 Peregrensis
1005 2577 1078 2633 Obiit
1093 2579 1229 2633 deteriore
1249 2577 1442 2645 subdiaconus,
1462 2581 1511 2652 poi
1532 2580 1605 2637 dedit
1627 2584 1761 2655 [ratribus

78 2666 228 2738 episcopi.
969 2666 1078 2722 alodius
1093 2683 1175 2721 sutem
1187 2668 1215 2720 iu
1232 2665 1371 2722 Adrebleto
1386 2668 1464 2722 villo.

52 2755 150 2810 Pridie
177 2753 300 2810 Kalend.
325 2755 393 2812 Jun.
420 2755 517 2810 Bomoe
546 2752 688 2825 depositio
717 2754 878 2810 Pelronillae
932 2756 970 2810 Vl
987 2754 1163 2810 iduslunii.
1180 2754 1210 2809 ln
1227 2753 1318 2811 Gallis
1343 2755 1499 2812 suessione
1523 2757 1637 2814 civitate
1662 2759 1760 2817 natale

87 2843 287 2916 virginisque
303 2843 358 2898 luit
373 2842 431 2899 filia
446 2841 523 2898 beati
539 2841 615 2898 Pelri
630 2841 878 2915 aposloliuoeem
969 2844 997 2900 S.
1016 2843 1145 2899 Mederdi
1171 2842 1299 2914 episcopi
1323 2846 1352 2898 el
1376 2844 1563 2902 confessoris.
1580 2846 1686 2903 bledam
1712 2849 1759 2905 die

88 2933 136 2992 die
151 2931 228 3005 apud
242 2930 394 3004 Aquilcem
410 2930 685 3000 Cuntii,Canlieniot
699 2930 877 2987 cantianilla
968 2931 1110 3004 depositio
1127 2932 1156 2987 S.
1172 2931 1297 2986 Goderdi
1315 2931 1537 3006 Botomagensis
1552 2935 1757 3009 episcopide·

88 3020 370 3077 iretrum.Turrihus
385 3019 524 3077 Sardinia
534 3019 875 3076 nataleS.Cresoe11tieni.
967 3022 1020 3077 tris
1034 3020 1165 3092 ejusdem
1179 3019 1271 3075 saneti
1285 3019 1504 3094 Mederdi,quos
1518 3022 1637 3079 luerunt
1646 3024 1758 3082 unedie

125 3109 225 3166 Eodem
252 3109 296 3164 die
325 3109 392 3164 obiit
421 3109 561 3165 Blieobctle
582 3109 696 3180 somiein,
723 3124 773 3180 pro
799 3110 877 3180 cnjus
968 3116 1063 3176 natos,
1081 3126 1140 3164 une
1154 3109 1317 3181 eademque
1331 3108 1378 3165 die
1393 3109 1546 3183 episcopos
1558 3113 1760 3182 ordinalessi·

88 3201 184 3256 aalma
200 3199 313 3256 Odertm
326 3199 405 3253 neilus
421 3199 464 3252 uir
478 3197 536 3269 ejus
555 3199 676 3254 ecclcsiae
690 3197 718 3253 S.
734 3198 877 3269 Stephani,
888 3184 914 3250 .C
970 3197 1079 3254 militer
1106 3212 1223 3269 quoque
1248 3214 1307 3252 una
1330 3197 1378 3252 die
1405 3199 1442 3254 ab
1464 3199 1519 3255 hae
1533 3201 1709 3259 subtractos.
1724 3203 1758 3259 ln

87 3288 158 3344 duos
172 3288 263 3344 olchas
277 3288 307 3341 in
323 3288 461 3342 crevenno
477 3286 544 3341 uilla
558 3286 712 3354 sites,dedil
726 3286 761 3341 od
775 3288 880 3343 snime·
969 3288 1125 3344 Borostoro
1141 3285 1256 3342 civitate
1271 3286 1365 3341 seneli
1382 3286 1471 3342 Marci
1486 3289 1625 3362 episcopi.

88 3379 206 3433 nerium
222 3376 402 3433 recolendam.
933 3376 957 3431 V
974 3377 1043 3432 ldus
1058 3374 1251 3430 Juniiilome
1266 3374 1296 3429 in
1313 3379 1411 3431 monle
1426 3374 1512 3431 ooelio
1523 3375 1618 3432 nelele
1632 3378 1760 3434 SSmar·

398 3462 535 3520 JUNlUS.
971 3471 1067 3538 tyrum
1084 3462 1172 3518 Primi
1188 3465 1217 3518 et
1231 3461 1381 3518 Felieiuni.
1399 3461 1431 3517 ln
1446 3463 1543 3521 Scolie
1566 3465 1596 3522 S.
1613 3465 1759 3522 Columba

52 3552 200 3612 Kalendas
214 3553 406 3611 Juniillomae
422 3551 564 3608 dedicatio
580 3551 880 3609 S.Nichomedismar·
970 3551 1130 3626 presbyteri
1168 3555 1198 3606 ot
1228 3550 1414 3606 confessoris.
1442 3550 1472 3605 ln
1506 3551 1610 3609 Galliis
1645 3553 1760 3610 civitate

90 3645 173 3716 tyris,
198 3644 283 3714 qu’us
308 3640 482 3714 martyrium
506 3655 565 3697 xvir
580 3639 727 3696 Kalendas
747 3641 880 3698 Octobris
970 3647 1089 3715 Agenno
1105 3639 1168 3695 loeo
1184 3639 1354 3711 Pompeiaco
1369 3639 1467 3711 passio
1481 3640 1510 3697 S.
1528 3640 1652 3697 Vincetii
1666 3641 1759 3700 levite

90 3733 199 3790 ibidem
215 3728 593 3803 delebunturAugusliduno
606 3728 803 3786 SSBiviriani
819 3731 880 3803 epi·
970 3735 999 3786 el
1015 3729 1160 3800 martyris.

89 3823 170 3895 scopi
185 3827 214 3878 et
227 3820 309 3878 Pauli
326 3819 496 3894 preshyteri,
510 3836 577 3874 eum
593 3817 659 3874 aliis
673 3836 691 3873 x
706 3823 879 3892 martyrum.
935 3819 972 3874 IV
990 3819 1058 3874 Idus
1073 3816 1164 3874 lunii.
1178 3816 1275 3871 llomae
1285 3804 1334 3872 lia
1346 3816 1463 3873 Aurelia
1478 3817 1574 3874 nutele
1589 3817 1759 3876 S.Besilidis

89 3912 174 3983 Apud
199 3912 357 3968 uessicam
382 3907 542 3965 Palestinae
566 3906 661 3962 natale
685 3908 714 3964 S.
738 3907 881 3980 Pamphili
972 3906 1108 3980 martyris
1123 3910 1150 3961 et
1166 3903 1289 3961 aliorum
1305 3921 1363 3960 xxu
1379 3907 1760 3978 martyrumbutissiedero

89 4001 252 4074 presbyteri
268 4005 296 4056 el
312 3998 457 4072 martyris.
468 3997 533 4069 Ipso
551 3996 599 4052 die
613 3997 642 4052 S.
658 3996 882 4069 Caprasiiabba·
972 3996 1114 4069 depositio
1129 3994 1159 4049 S.
1175 3992 1307 4051 Censorii
1323 3994 1451 4068 episcopi
1466 4000 1495 4052 et
1509 3997 1694 4056 confessoris.
1707 3998 1759 4054 uo-

91 4091 129 4146 lis
143 4089 320 4146 monasterio
335 4085 641 4158 Lirinensislligenna
652 4085 743 4142 Eledii
752 4086 881 4160 episcopi
972 4086 1037 4143 dem
1054 4085 1101 4140 die
1116 4083 1194 4138 beuti
1209 4081 1332 4138 Geslulii
1349 4084 1496 4156 martyris.

91 4182 121 4235 el
135 4178 323 4235 confessoris.
936 4176 974 4232 Ill
989 4172 1204 4231 Iduslunii.1n
1222 4171 1304 4226 India
1319 4172 1414 4228 natale
1430 4173 1460 4229 S.
1472 4174 1611 4232 Bernaba
1626 4175 1760 4249 apostoli.

56 4268 94 4324 lv
108 4268 206 4324 Nonas
221 4267 391 4324 Junnomae
406 4266 436 4320 in
452 4263 594 4320 cimilerio
608 4263 767 4320 interdues
784 4263 882 4322 lauros
972 4263 1056 4337 Apud
1085 4260 1257 4316 Corinlhum
1286 4261 1382 4317 natale
1412 4265 1440 4318 8.
1465 4264 1603 4320 Sosianus
1624 4263 1762 4336 discipuli

91 4357 137 4413 via
152 4356 295 4413 Larisaea
310 4353 469 4411 Marcellini
485 4352 646 4425 presbyteri
662 4355 690 4407 et
711 4352 787 4407 Petri
803 4370 883 4409 exer·
973 4355 1003 4410 S.
1021 4350 1114 4409 Pauli.
1140 4349 1172 4405 In
1195 4349 1330 4422 Aquileia
1353 4351 1401 4406 SS.
1426 4357 1588 4425 martyrum
1608 4351 1713 4407 Felicis
1734 4355 1765 4407 et

93 4445 252 4518 eislaeJpso
268 4443 315 4500 die
331 4443 474 4516 lugduno
489 4441 588 4513 passio
603 4438 783 4495 S.Blandin‹n
799 4442 883 4515 virgi·
975 4440 1135 4500 Fortunali.
1153 4440 1249 4495 Rome
1265 4438 1411 4495 Salulerie
1434 4444 1529 4496 velere
1545 4439 1640 4496 natale
1655 4444 1763 4496 sancte

93 4534 221 4590 niseum
235 4548 322 4590 xevtn
337 4530 527 4604 martyribus,
539 4529 589 4601 qui
605 4533 676 4584 surrl
689 4529 720 4584 in
735 4530 884 4587 territurio
901 4555 923 4620 D
974 4530 1098 4588 Basilia.

91 4621 336 4679 Autissioderensi
362 4619 450 4676 delati
475 4619 536 4674 vieo
561 4618 735 4674 bacernensi
760 4636 777 4674 a
800 4620 885 4676 beate
940 4622 1034 4679 Pridie
1048 4621 1118 4676 ldus
1132 4618 1224 4674 lunii.
1241 4616 1404 4672 Mediolano
1420 4617 1547 4673 inventio
1569 4621 1598 4674 et
1611 4618 1765 4676 translatio

91 4710 224 4768 Balbine.
974 4725 1128 4781 corporum
1144 4709 1312 4762 sanctorum
1328 4709 1490 4778 martyrum
1505 4706 1620 4764 Nazerii
1635 4712 1665 4766 el
1678 4709 1764 4776 Celsi,

57 4799 197 4855 llNonas
226 4799 295 4855 lun.
320 4799 404 4872 Apud
430 4798 583 4853 Aurelium
605 4796 751 4850 civitatem
772 4797 883 4853 Tusciae
974 4793 1242 4871 quereminvenlio
1270 4791 1362 4864 pridie
1387 4793 1563 4864 IdusJunii,
1591 4796 1764 4870 martynum

93 4887 189 4944 natale
203 4889 252 4944 SS.
274 4892 437 4961 mnrlprum
469 4884 634 4959 Pergentini
658 4889 687 4939 et
714 4884 885 4941 Laurentini
975 4906 992 4944 v
1008 4884 1154 4941 Kalendas
1169 4885 1316 4954 Augusles
1331 4879 1511 4940 celebratur:
1526 4883 1765 4941 commemoratio

93 4978 229 5033 fratrum.
246 4977 317 5032 llem
335 4977 362 5031 in
378 4975 538 5048 Campania
554 4972 704 5028 BBresmi
721 4973 886 5046 episeopict
976 4983 1072 5033 lamen
1088 4989 1188 5028 eorum
1205 4969 1322 5042 publica
1333 4970 1527 5029 eteelebnsin
1539 4973 1764 5029 diesenelorum

93 5065 281 5138 martyriale
298 5065 447 5120 territurio
463 5061 665 5119 Aurelianensi
677 5059 885 5118 vieuMeiduno
977 5068 1139 5137 martyrum
1156 5059 1300 5115 Prulhusii
1317 5066 1345 5115 et
1363 5060 1492 5117 Gervasii
1514 5061 1658 5116 celebrius
1682 5076 1765 5116 exeo·

91 5153 236 5226 depositio
253 5154 281 5209 S.
300 5154 407 5209 Literdi
424 5151 583 5226 presbyteri
597 5154 626 5206 el
640 5150 826 5207 confessoris.
977 5155 1055 5209 liter.
1081 5152 1116 5207 Bt
1139 5148 1210 5205 alibi
1234 5147 1283 5204 SS.
1307 5154 1469 5219 martyrum
1494 5147 1641 5218 Basilidis,
1657 5148 1765 5222 Cyrini,
1865 5150 1874 5157 '

56 5242 154 5299 Pridie
169 5242 268 5298 Nonas
283 5242 374 5298 lunii.
389 5243 486 5298 Reme
501 5241 531 5295 in
547 5238 690 5295 cimiterio
701 5239 887 5297 catacumbis
976 5239 1099 5298 Nahoris
1116 5256 1122 5293 :
1140 5237 1190 5293 sed
1206 5242 1235 5292 ol
1247 5237 1360 5292 Nazerii
1375 5245 1403 5293 et
1417 5237 1502 5305 Celsi,
1520 5254 1595 5310 quos
1613 5238 1688 5294 duos
1702 5253 1768 5309 pas·
1876 5256 1879 5263 ·

93 5331 143 5387 vie
156 5330 250 5402 Appia
263 5330 358 5387 natale
373 5330 424 5387 SS.
436 5327 536 5397 Aretii,
550 5325 762 5398 Belieni.Apud
779 5327 886 5384 Hilliri-
978 5349 1026 5388 sos
1042 5329 1133 5385 luisse
1148 5326 1225 5399 apud
1240 5326 1478 5383 Bhredunensem
1488 5326 1591 5382 urbem
1607 5325 1769 5399 antiquitas

94 5435 163 5477 eum
179 5419 326 5476 civitatem
341 5419 483 5476 Scisciem
499 5414 595 5472 neele
610 5413 760 5478 S.Ouirini
776 5415 887 5487 episeo·
978 5416 1167 5476 memorando
1183 5413 1319 5470 celebret.
1337 5413 1434 5470 Rome
1449 5415 1497 5471 via
1510 5413 1629 5472 Aurelia
1642 5414 1691 5471 SS.
1708 5412 1770 5471 'Pri-

94 5514 126 5568 el
137 5508 285 5582 martyris.
977 5508 1049 5583 puli,
1065 5503 1250 5580 Megdaletis,
1266 5502 1378 5571 hubini,
1393 5503 1550 5561 Donatelle
1566 5509 1595 5560 el
1619 5504 1769 5564 Secunde.

125 5584 209 5666 'otae
221 5599 282 5659 Alto
295 5600 451 5667 eumericus,
468 5597 516 5674 lli
529 5594 603 5656 <ltili
617 5592 753 5669 imbibit
769 5594 798 5652 in
816 5611 888 5673 eaeo
942 5598 1010 5660 ldus
1025 5594 1117 5656 lunii.
1135 5594 1233 5654 Reme
1249 5590 1346 5650 nutele
1359 5596 1467 5654 sancte
1489 5590 1623 5654 Felicule
1647 5590 1772 5672 virginis

141 5671 155 5680 ›-
