3878 6098
138 290 197 369 psa
227 256 229 265 ’
528 254 694 351 avenae.
717 289 767 348 an
791 287 885 347 sna
910 285 947 346 x.
963 282 1266 346 -uoxnuuarx
1291 286 1461 348 emuna..
1492 296 1496 300 ·
1780 287 1848 348 aas

137 422 203 480 dum
217 430 256 480 est
267 421 412 495 penitenti
416 440 426 478 .·
433 420 524 478 Multa
539 425 608 478 sunt
622 423 741 494 peceato
752 418 853 475 meuin
863 417 959 488 lactis,
974 414 1002 483 Α
1015 424 1145 473 carricent
1158 417 1193 472 al
1205 416 1285 489 procles
1299 419 1426 491 episcopi.
1443 419 1535 491 sirene
1556 421 1690 491 prostrati
1709 429 1845 478 moueant

137 511 168 569 in
183 511 289 581 verbis,
305 511 334 567 in
352 510 588 587 cogitationibus.
605 510 638 565 ll.
655 510 750 567 llabes
774 509 861 565 fideus
891 524 959 563 cou·
1014 522 1099 578 usaue
1113 506 1231 562 dornnus
1245 509 1383 580 episcopas
1397 524 1512 579 serpens
1529 509 1845 569 r'uauatallerirlincaau

136 589 245 669 lassum
260 601 318 657 Deo
334 606 363 657 ct
377 598 766 668 sacerdoti,utremittantur
777 598 829 654 tibi
841 599 962 671 peecata
1014 594 1107 650 levate
1118 603 1297 668 prosequente
1311 597 1382 653 claro
1397 597 1577 670 antiphonam
1590 618 1600 655 :
1613 598 1711 657 venile
1726 598 1779 655 srlii
1796 618 1847 669 suf

136 670 252 759 tuabi.
269 678 370 760 Credis
386 676 450 753 hoess
466 690 594 752 dCredo.
612 688 645 743 ll.
659 689 754 747 llahes
768 687 958 745 voluntatem.
1015 684 1073 740 dile
1088 701 1134 740 me
1154 684 1296 740 timorem
1320 685 1437 742 Domini
1462 687 1569 743 docebo
1593 705 1654 746 vos.
1671 688 1846 745 Benedicam

135 756 214 853 quod
230 758 315 854 egisti
331 783 432 845 contra
456 779 596 836 mandata
619 777 668 834 Dei
686 779 715 833 in
731 777 786 833 hoc
810 776 957 833 emendes.
1015 773 1139 830 Domino
1150 774 1178 829 in
1191 775 1282 830 omui.
1295 777 1328 830 Et
1341 775 1376 831 ael
1390 777 1472 847 dircen
1488 793 1573 849 arsque
1586 777 1848 847 silestantinam&

134 844 342 935 dss'bichubeo.
360 868 393 923 ll.
411 854 491 931 Unde
519 868 672 924 consessus
701 865 792 933 luisti,
812 864 856 921 vis
876 863 958 937 judi-
1015 864 1457 935 t’crupsolrnuscauitarariera
1480 882 1543 922 curn
1569 866 1731 940 antiphonis
1752 868 1847 923 venite

135 936 213 1015 olum
229 957 355 1031 recipere
371 960 399 1014 ol
413 957 485 1013 illud
510 958 583 1014 bene
604 954 760 1024 custodire,
777 960 805 1011 et
821 953 959 1011 omnibus
1014 951 1064 1007 filii
1080 969 1185 1025 seraper
1196 955 1351 1009 marriratioe
1364 956 1528 1026 penitentes
1542 955 1699 1027 plebesanis
1710 958 1746 1012 ab
1756 956 1847 1013 arciri·

135 1044 389 1103 adinventionibus
414 1046 521 1103 diaboli
548 1044 724 1113 renuntiare,
742 1049 770 1100 et
787 1044 958 1104 Trinitatem
1012 1041 1136 1110 diacono,
1157 1050 1182 1098 at
1208 1045 1242 1098 ab
1268 1042 1460 1100 arciridiaooaa
1485 1043 1638 1101 redduntur
1656 1045 1799 1117 Episcopo.
1815 1047 1847 1101 Et

134 1108 296 1202 crederetrt
309 1134 390 1191 Volo.
407 1136 484 1199 ilices
497 1137 525 1192 ei
540 1135 707 1199 :Dominus
723 1133 760 1193 sit
776 1133 827 1189 tibi
844 1134 959 1189 adiutor
1013 1131 1047 1185 ab
1076 1133 1198 1203 episeopo
1226 1132 1411 1188 restituuntur
1437 1132 1559 1190 certene
1584 1134 1689 1204 pecario
1711 1136 1846 1205 prostrati

133 1219 161 1282 el
176 1212 334 1303 protector„
347 1229 376 1280 et
397 1228 513 1297 prestet
536 1223 750 1297 indulgentiam
776 1223 811 1279 de
832 1223 958 1297 puocatis
1013 1221 1089 1275 orrrrn'
1110 1228 1227 1293 ternpore
1250 1223 1279 1276 in
1305 1229 1416 1276 terram.
1433 1220 1536 1279 Deinde
1558 1224 1681 1294 imponat
1701 1223 1842 1295 episcopus

133 1302 305 1393 preteritis„
314 1313 507 1387 presentibus
522 1317 550 1369 ct
566 1312 682 1369 lutaris.
711 1315 783 1369 Turre
799 1313 894 1368 duilli
905 1329 959 1386 poe-
1012 1310 1415 1382 autiplroaans.Cor1nundum
1428 1326 1494 1367 crea
1506 1311 1534 1366 in
1548 1327 1594 1367 raa
1610 1310 1841 1384 Deus‚spiritum

131 1392 294 1479 nitentium„
309 1410 335 1459 ct
359 1402 449 1464 iudica
471 1403 621 1459 secunlum
643 1402 785 1459 modulum
808 1402 959 1457 eriminum
1012 1403 1122 1454 rectum
1139 1400 1245 1456 innova
1260 1399 1290 1454 in
1305 1398 1467 1457 visceribus
1482 1399 1566 1457 meis.
1585 1401 1689 1457 t’salm.
1705 1400 1842 1458 Miserere

132 1484 200 1565 ejus.
218 1496 289 1563 Dpto
304 1507 366 1547 oraro
383 1493 543 1567 poenitentia
559 1491 603 1546 clio
615 1492 752 1569 psalmum
767 1490 846 1549 Deus
860 1490 889 1546 in
905 1508 956 1545 uo·
1013 1487 1069 1542 mei
1086 1489 1246 1563 Deus.an
1260 1487 1341 1561 finito
1351 1497 1506 1562 prostemat
1516 1506 1545 1546 se
1557 1491 1708 1563 Epismpas
1719 1507 1841 1547 namura

133 1574 212 1636 mine
226 1566 286 1635 tuo.
303 1581 335 1636 Et
348 1566 420 1636 elices
435 1582 570 1643 orationes
586 1579 635 1636 leus
649 1597 732 1654 sapae
746 1579 955 1637 aurudollecta.
1009 1580 1204 1649 penitentibus
1215 1581 1246 1635 iu
1260 1581 1389 1636 oraturio.
1402 1579 1478 1636 Claro
1491 1581 1608 1652 tanente
1623 1581 1845 1651 letaniamoua

131 1667 242 1735 Exaudi
258 1666 379 1733 Domine
395 1685 494 1741 preces
510 1673 671 1739 nostras,et
685 1668 887 1726 confitentium
903 1669 956 1726 tibi
1009 1669 1127 1739 expleta,
1150 1676 1293 1743 postauam
1317 1669 1426 1725 dicatur
1448 1668 1534 1741 Kyriu
1557 1668 1679 1726 cleison.
1697 1670 1838 1727 Erectasa

132 1739 217 1830 parce
227 1754 363 1830 peccatis,
376 1762 409 1813 ut
424 1775 497 1831 quos
514 1758 696 1815 conscientia
713 1761 811 1815 reatus
826 1763 954 1828 accusat,
972 1790 996 1856 B
1011 1763 1085 1812 tarra
1098 1757 1180 1813 dicat.
1197 1757 1281 1813 Pater
1296 1762 1403 1814 noster.
1420 1760 1454 1814 Et
1464 1774 1554 1831 pecces
1570 1778 1580 1814 .·

132 1844 315 1931 indulgentia
338 1851 395 1902 tuce
421 1847 618 1921 miserationis
643 1847 782 1904 absolvat.
807 1847 867 1904 Per.
885 1849 955 1905 Alio.
1013 1845 1843 1923 SalvoslacservostuusDouriue.Deusmenssperautcs

131 1922 240 1992 Prasia
253 1924 375 2001 Domine
389 1935 459 2013 huic
474 1936 585 1993 famulo
602 1942 650 1995 tuo
666 1936 707 1992 ill.
725 1936 846 2011 dignum
862 1938 957 2011 preni-
1048 1935 1077 1990 in
1095 1940 1132 1991 te,

130 2023 226 2103 tentia
243 2023 381 2092 leuatum,
398 2029 431 2081 ul
445 2025 572 2103 eeclesia
589 2031 644 2100 turo
661 2032 766 2083 sancta
782 2044 800 2082 a
815 2027 899 2084 cuius
915 2028 957 2083 in·
1011 2025 1182 2082 Convertere
1197 2025 1319 2082 Domino
1339 2043 1502 2099 usquequo.
1519 2031 1548 2084 cl
1562 2026 1759 2100 deprecabilis
1779 2032 1839 2084 esto

129 2112 264 2186 tegritate
280 2113 441 2175 deviaverat
457 2117 614 2189 peccando,
628 2116 826 2175 adrnissoeum
842 2115 956 2173 veniam
1046 2131 1136 2187 super
1151 2131 1249 2172 servos
1266 2119 1341 2172 tuos.

130 2203 334 2275 consequendo
351 2203 490 2260 reddatur
507 2203 662 2261 innocuus.
680 2206 742 2262 Per.
758 2207 831 2262 atta.
848 2205 955 2262 Pravo·
1010 2202 1092 2259 lllitte
1107 2205 1159 2271 nis,
1177 2205 1309 2270 Domino,
1325 2204 1466 2265 seruilium
1483 2206 1517 2262 de
1534 2210 1635 2262 saneto
1661 2210 1688 2263 ot
1714 2207 1752 2264 da
1770 2207 1835 2264 Sion

130 2284 192 2347 niat
205 2290 285 2357 hunc
301 2291 444 2348 famulum
461 2292 706 2355 tuumN.ablutio
718 2293 874 2351 criminum
886 2295 955 2352 dare
991 2347 996 2353 .
1045 2296 1125 2349 lucro
1141 2310 1200 2350 uus.

130 2380 158 2436 el
171 2379 285 2443 veniam
302 2384 439 2453 prestare
450 2382 668 2454 peccatoribus,
685 2383 734 2455 qni
749 2383 848 2439 dixisti
864 2383 954 2456 poeni·
1009 2379 1127 2437 lllus'tra
1141 2382 1243 2440 sociem
1266 2388 1349 2440 turum
1365 2400 1455 2459 super
1469 2400 1569 2441 servans
1584 2388 1662 2442 tuos.
1679 2384 1779 2443 sativos
1792 2386 1835 2443 lac

129 2466 251 2537 tentiam
267 2456 294 2525 to
311 2456 397 2532 malle
412 2474 608 2549 peccatorum,
625 2488 712 2544 quam
730 2476 864 2528 urentem.
882 2472 954 2529 Con·
1045 2487 1103 2537 roa
1121 2472 1253 2541 Domina,
1272 2491 1324 2529 nec
1339 2473 1512 2545 sentiendas.

128 2544 279 2629 cede'ergo
295 2556 417 2636 Domine
434 2557 488 2615 hoc
509 2558 610 2635 uttihi
625 2560 801 2633 poenitentia
816 2561 954 2618 excubias
1008 2562 1129 2618 Domine
1143 2561 1207 2618 vide
1222 2562 1417 2620 humilitatem
1434 2579 1529 2619 meam
1541 2567 1569 2619 et
1580 2562 1713 2620 luborom
1725 2580 1832 2620 meum.

128 2634 262 2713 celebret,
274 2648 302 2709 et
317 2646 455 2703 correctis
471 2646 586 2704 aclibus
600 2649 663 2705 suis
679 2650 801 2706 conlerri
817 2649 873 2706 sibi
886 2654 953 2708 ante
1043 2654 1071 2706 et
1084 2651 1198 2707 dimitte
1213 2653 1349 2708 universa
1364 2651 1478 2708 delicta.

72 2800 77 2811 .
127 2731 305 2806 sempiterna
321 2726 688 2810 gaudiagratulctur.Per.
701 2737 953 2796 llio.AdcstoD0-
1007 2739 1115 2795 Exaudi
1139 2758 1186 2797 mc
1212 2740 1330 2798 bomine
1355 2739 1494 2814 quoniam
1518 2741 1646 2815 benigna
1660 2745 1708 2799 est
1722 2742 1834 2799 miseri-

71 2831 74 2835 ’
126 2812 206 2878 mine
221 2812 486 2896 supplicationibus
497 2827 616 2896 uostris,
629 2830 658 2882 el
668 2844 725 2895 me,
737 2827 786 2900 qui
797 2827 884 2885 eliam
902 2827 953 2885 mi·
1042 2829 1141 2884 cordia
1155 2835 1206 2885 tna
1222 2831 1384 2886 secuudum
1400 2829 1767 2903 multitudinemmiseric.

126 2909 290 2967 serieorots
300 2912 475 2993 tuaprimps
490 2913 616 2988 indigeo,
629 2914 952 2984 clementer.exaudi,ut
1006 2917 1046 2972 Ne
1057 2917 1226 2975 memineris
1239 2919 1429 2992 iniquitatum
1445 2924 1613 2977 nostrarum
1628 2919 1832 2993 antiquarum.

126 2998 286 3072 quemnon
301 2990 441 3063 electione
464 3002 571 3070 meriti,
589 3004 639 3059 sed
669 3004 745 3060 dono
770 3004 868 3079 gratia
894 3010 950 3062 tuuc
1041 3006 1102 3062 Cilo
1119 3006 1290 3080 anticipient
1305 3026 1368 3065 nos.

126 3086 949 3169 constituisti‚operishujusministerum,dafiduciumtui
1005 3094 1117 3167 Adjuva
1132 3114 1185 3154 uos
1209 3097 1285 3155 Deus
1311 3098 1448 3155 salutaris
1472 3101 1580 3156 noster.
1596 3103 1626 3154 et
1639 3104 1759 3173 propter
1773 3098 1836 3173 glo-

127 3167 422 3259 muuerisexequendi
434 3183 462 3235 et
474 3179 535 3254 ipse
546 3180 575 3238 in
585 3184 685 3243 nostro
697 3181 951 3255 ministerio,quod
967 3166 989 3234 C
1044 3185 1117 3241 rium
1134 3187 1262 3244 nouriuis
1277 3188 1319 3243 tui
1335 3188 1457 3246 Domine
1473 3187 1574 3245 libera.

126 3270 184 3322 tua
195 3266 317 3349 pietatis
332 3266 386 3335 e'st,
404 3285 533 3343 operare.
552 3270 604 3325 Per
1006 3274 1128 3331 Domine
1143 3277 1247 3332 exaudi
1263 3276 1423 3335 orationem
1446 3294 1552 3334 meam.
1569 3280 1598 3333 et
1612 3276 1726 3335 clamor
1740 3295 1830 3336 meus.

127 3369 949 3455 uuuupuaecotvututaauosPOEvtTuNTesu-tsu.
1034 3363 1831 3447 OratioddostoDomincsupplicationibusnostriaeto.

126 3448 286 3533 nx'scoua,
306 3453 635 3535 mansuetasse.
652 3464 775 3520 vinnon.
793 3483 858 3521 sae.
875 3484 892 3522 x
907 3466 951 3522 va
1040 3454 1111 3509 Atia·
1128 3455 1247 3525 Exaudi,
1265 3455 1396 3526 nomene,
1412 3473 1513 3529 nuces
1525 3460 1653 3523 nostros,
1667 3459 1724 3525 ete

159 3547 164 3554 ’
185 3542 188 3553 ·
333 3536 338 3544 ’
410 3551 437 3590 xr
453 3534 541 3591 theol.
558 3553 587 3591 n.
604 3536 666 3591 359.
1040 3544 1112 3599 Aliae.
1129 3545 1287 3605 Praeveuiat
1303 3545 1357 3602 hos
1373 3545 1508 3615 tumulus,
1526 3550 1581 3601 etc.

160 3619 473 3696 Sedentcpontificcpro
487 3625 594 3697 [oribus
618 3624 737 3681 aeclesia
755 3627 950 3697 praecellentibus
1040 3633 1110 3689 Alirr.
1137 3634 1213 3689 Deus
1242 3634 1363 3691 inlinite
1393 3632 1611 3705 ruiserioordiea,
1640 3634 1832 3708 veritatisque

123 3709 153 3763 ia
168 3710 238 3767 atria
260 3712 383 3771 ccclesiae
405 3716 515 3771 emireus
539 3732 601 3771 crem
624 3715 819 3771 archidiacono
840 3717 950 3789 jansen
1004 3721 1154 3792 irpmensa
1169 3723 1327 3796 propitiare
1344 3723 1550 3797 iniquitatibus
1567 3723 1680 3781 uostris
1694 3728 1724 3783 ct
1737 3723 1828 3787 omui·

122 3797 199 3880 illius
211 3803 444 3870 prestolantibus.
470 3806 623 3885 deiloquam
646 3821 690 3861 cos
713 3805 808 3877 aderrat
827 3806 949 3877 postulat
1003 3810 1058 3867 hus
1074 3811 1240 3871 animarum
1257 3817 1425 3889 nostrerum
1451 3812 1565 3869 medere
1590 3812 1831 3886 languoribusut

121 3879 333 3971 anadiliacouus
361 3892 403 3948 liis
430 3894 519 3957 aaron
534 3912 543 3949 :
559 3893 649 3949 Adest
677 3893 852 3972 venerahilis
875 3912 947 3968 pou·
1002 3899 1225 3959 miserationum
1249 3906 1369 3958 tuarum
1394 3901 1567 3961 remissione
1582 3906 1723 3976 percepta
1737 3902 1768 3959 iu
1783 3905 1830 3958 tua

120 3973 201 4042 tifex,
218 3982 276 4053 otc..
290 3980 363 4036 lbere
386 3981 453 4037 dicit
473 3985 599 4056 pontisare
614 4003 623 4038 .·
639 3982 752 4039 Venite.
768 3985 799 4039 Et
818 3984 948 4042 diaconus
1002 4005 1118 4062 semper
1129 3989 1331 4047 benedictione
1346 3989 1490 4048 latemur.
1508 3990 1571 4046 Per.

119 4078 154 4119 aa
166 4060 244 4135 parte
256 4069 458 4148 poenitentium.
476 4070 642 4129 Flectumus
657 4089 763 4144 genua.
775 4074 948 4131 Tarrrcamuas
1035 4080 1107 4139 Alia.
1125 4079 1273 4136 Deus'sub
1290 4081 1375 4151 eujus
1390 4079 1483 4137 oculis
1507 4096 1595 4136 omne
1618 4096 1670 4137 cur
1694 4079 1824 4153 trepidat.

118 4167 209 4222 pcarra
236 4163 357 4212 astantes
385 4159 497 4228 decerent
519 4162 691 4233 prenitentes.
709 4161 766 4230 Quo
786 4163 857 4232 sacto
881 4162 948 4220 elicit
1001 4183 1103 4223 omues
1119 4169 1302 4225 couscientia
1325 4177 1495 4242 pavescunt.
1512 4167 1674 4241 propitiurs
1698 4169 1824 4226 curulum

118 4236 251 4300 diaconus
266 4261 301 4301 ee
312 4255 390 4319 praete
401 4250 551 4323 pontificis.
572 4250 684 4305 Levate.
699 4251 834 4307 Sirrrilitcr
847 4260 947 4322 apertur
1000 4256 1138 4327 gentibus
1154 4262 1182 4313 ct
1197 4262 1369 4315 curiatorum
1387 4259 1503 4315 medere
1516 4255 1825 4321 vulneribuautsiout

117 4332 233 4390 scatade
249 4340 542 4411 repeton-tcepr'scopo:
570 4338 674 4395 Venite
711 4339 814 4396 venito.
846 4341 946 4399 Sirbsc-
1000 4345 1823 4420 nemouostrumestliboraculpu.itunemositulisuus

119 4423 349 4503 puerrtcdiacoao.
367 4424 533 4485 Fleclamus
548 4445 654 4501 [genua.
668 4437 697 4484 ut
712 4437 802 4484 reatae.
817 4432 897 4487 etsie
911 4432 946 4488 ad
999 4450 1016 4489 o
1031 4434 1124 4491 venia.
1141 4435 1203 4490 Por.

116 4508 237 4578 medicam
252 4529 339 4587 respue
355 4517 424 4577 atrii
446 4519 637 4589 pontenurum
664 4518 800 4574 solotcmn
823 4522 942 4577 ueniant.
959 4539 982 4604 Ι)
1033 4523 1104 4579 Alia.
1121 4524 1228 4581 Praesta
1243 4541 1413 4597 quesumus
1428 4523 1551 4583 Domine
1565 4524 1613 4583 his
1628 4523 1751 4589 tumulis
1768 4524 1819 4583 tuis

118 4600 234 4671 Quaado
249 4609 341 4679 auum
361 4607 440 4662 tertio
456 4607 570 4663 dourriers
584 4609 721 4680 episcopas
736 4610 943 4667 annuistiaocrit
998 4609 1119 4685 dignum
1135 4613 1310 4684 poeniteutiae
1328 4614 1469 4684 fructum,
1485 4619 1541 4671 etc.

116 4688 304 4763 autiphonam.
318 4693 420 4751 Venite
436 4695 529 4752 venite
544 4694 647 4752 venia.
660 4705 840 4771 praeconatur
851 4697 941 4755 diaco·
1033 4699 1231 4776 Omnipotens*
1252 4702 1429 4776 serrapiteruo
1453 4703 1531 4760 Deus
1555 4701 1771 4770 sentientibus
1790 4700 1819 4757 li·

115 4791 169 4857 nus
183 4774 335 4867 flectamus
347 4798 453 4855 genua.
470 4787 535 4840 ttae
556 4800 619 4840 acen
640 4784 754 4842 diacono
778 4788 941 4858 penitentes

150 4938 237 5011 (ll3·)
252 4939 331 4997 Idem
342 4942 413 4998 ardo
429 4959 515 5014 quern
527 4943 575 4999 hie
585 4944 691 5000 exaud.
706 4943 941 5001 l'indobcdimus

114 5010 248 5077 seorsim,
262 5013 292 5068 in
306 5013 373 5081 alio,
389 5030 422 5069 ex
444 5032 500 5086 qno
525 5016 656 5072 ordinem
681 5016 772 5072 divini
787 5015 874 5072 officii
891 5033 941 5087 per

113 5097 225 5138 annum
240 5084 272 5140 P.
287 5101 329 5152 ru,
345 5086 477 5154 edemus,
495 5087 620 5144 habetur
634 5105 687 5144 suu
702 5087 766 5144 loeo
781 5088 842 5143 Fer.
857 5090 891 5142 V.
909 5087 939 5143 in

113 5151 200 5209 Caena
214 5154 340 5226 Domini,
357 5175 416 5230 qua
431 5175 496 5215 aaut
513 5158 574 5214 fieri
591 5160 721 5216 ltornarue
736 5160 863 5215 Ecclesia
876 5174 939 5215 cou-

111 5224 223 5297 suetudo
248 5227 411 5291 cleretorrstrat
434 5233 507 5286 leste
530 5230 696 5286 lunoooutio
712 5231 733 5297 l,
751 5230 780 5285 in
799 5228 885 5303 epist.
903 5230 939 5286 ad

113 5297 283 5354 Decentium
308 5301 493 5375 Eapubiaurn.
516 5301 615 5375 quue
630 5301 660 5356 in
685 5299 810 5373 Capitul.
837 5317 938 5373 regum

112 5366 209 5423 Erana.
226 5368 277 5425 lib.
293 5389 341 5440 vn,
358 5389 383 5427 c.
400 5373 443 5440 73,
462 5377 579 5429 notatur
603 5373 649 5429 his
665 5374 781 5429 verbis:
800 5395 813 5421 α
831 5372 938 5427 Oruucs

113 5437 228 5507 publice
241 5443 416 5512 poenitentes
439 5440 543 5517 quisita
565 5446 720 5503 ieriaunte
735 5443 854 5500 Pascha.
874 5460 938 5515 qua

112 5506 250 5566 estCoenu
261 5513 432 5580 Douriui,ud
447 5516 592 5573 civitatem
606 5516 635 5574 in
651 5516 748 5573 uiuere
763 5519 791 5572 et
806 5514 937 5570 oilieinin

100 5582 295 5667 praeseutiaru
311 5586 441 5661 episcopi
454 5590 601 5661 prostratu
617 5588 698 5646 vultu
715 5586 938 5655 conveniente

996 4787 1036 4856 bi,
1054 4793 1109 4846 otc.

995 4946 1035 5003 ibi
1051 4949 1087 5004 ub
1103 4949 1239 5034 episcopo
1263 4952 1401 5010 caesonius
1425 4956 1454 5008 ot
1476 4951 1693 5021 ordinabiliter,
1711 4948 1817 5008 siculis

995 5019 1238 5090 Sacramentum,
1255 5029 1284 5079 et
1300 5026 1421 5081 Derrrauo
1449 5023 1557 5082 Ordine
1585 5022 1765 5092 continetur,
1782 5039 1817 5078 re·

994 5091 1187 5149 concilientur
1201 5100 1289 5167 utque
1304 5097 1532 5164 dijudicentur.»
1544 5096 1576 5152 ln
1591 5093 1818 5174 aeclesiutamcu

993 5163 1187 5221 Mediolanensi
1202 5168 1365 5225 lectalecta
1380 5168 1416 5223 Vl
1431 5184 1466 5224 ex
1480 5169 1568 5241 epist.
1583 5184 1622 5224 xx
1637 5167 1667 5223 S.
1678 5168 1818 5223 Ambrosu

994 5235 1029 5289 ud
1047 5235 1246 5294 blancelliuarn
1268 5255 1397 5297 sororem
1421 5257 1451 5295 n.
1467 5241 1503 5295 20
1517 5238 1585 5297 culli
1608 5238 1679 5309 itur,
1698 5239 1819 5311 itemque

993 5305 1043 5360 lib.
1061 5325 1087 5362 v.
1105 5308 1256 5365 Hexamer.
1273 5327 1360 5367 serm.
1378 5310 1493 5367 ultimo.
1511 5254 1658 5373 Eumlem
1684 5311 1777 5367 ritum
1793 5308 1819 5365 in

992 5378 1124 5448 Hispania
1144 5379 1307 5436 obtinuisse
1323 5400 1357 5437 ex
1372 5382 1457 5438 (lonc.
1477 5383 1558 5437 Tulei.
1575 5399 1618 5447 xv,
1632 5398 1700 5438 cau.
1717 5380 1746 5448 6,
1759 5397 1818 5455 pcr-

993 5449 1128 5521 spiceum
1146 5457 1190 5507 est
1206 5469 1212 5507 :
1231 5458 1318 5524 atque
1333 5454 1420 5509 etiam
1435 5454 1464 5508 iu
1480 5454 1572 5509 Gallia
1587 5452 1700 5510 dicubi
1716 5453 1759 5510 ita
1771 5464 1817 5510 tssu

992 5522 1106 5577 venisse
1121 5522 1282 5579 blarteuius
1298 5524 1348 5581 lib.
1365 5544 1384 5591 ι,
1400 5526 1436 5582 do
1450 5524 1582 5598 antiquis
1595 5524 1670 5582 ecel.
1689 5526 1751 5582 Dit.
1762 5524 1816 5589 ab,

993 5597 1047 5648 art.
1064 5595 1091 5660 5,
1109 5612 1137 5649 n.
1156 5595 1199 5663 lO,
1218 5595 1361 5667 perhibet.
