3878 6098
124 325 184 385 tes
255 325 423 390 APPBND.
440 327 494 389 ΑΙ)
508 327 601 390 SAEC.
618 329 698 390 x.-
713 329 842 391 OPERA
860 324 1131 388 ΑΔΕΣΠΟΤΙΚΑ.
1146 332 1247 394 -ΒΕ
1262 333 1379 396 FUND.
1396 334 1429 395 S.
1445 333 1590 399 ARNUL.
1605 337 1699 400 bill'l'.
1772 327 1842 404 190·

684 534 1285 720 smounrx

760 792 901 863 OPERA
929 799 1189 866 ΔΔΕΣΠΟΤΙΚΔ

870 923 1084 936 ἡ

616 1024 711 1125 DE
796 1024 1339 1131 Fbltbottotss

381 1211 725 1304 iruulsvoeo
755 1218 954 1304 sevon
982 1219 1271 1306 lenonem
1300 1220 1578 1312 elorensis

528 1365 620 1438 (Apud
637 1365 671 1422 l).
688 1365 810 1435 Calmet,
824 1368 943 1425 Histoire
956 1367 989 1426 dt
1002 1370 1145 1438 torridae,
1161 1369 1294 1437 Francos,
1311 1387 1338 1443 p.
1355 1371 1430 1440 545.)

153 1604 300 1671 Quoniam
311 1605 430 1678 quidem
440 1606 720 1663 eorummemoriam
729 1609 949 1665 summatimat·
962 1611 990 1678 A
1041 1615 1079 1668 De
1105 1618 1223 1684 tempore
1245 1614 1335 1669 coorti
1366 1614 1510 1678 Patientia,
1550 1616 1694 1689 usquead
1728 1625 1849 1692 tempas'

119 1696 234 1769 tingere
244 1695 394 1769 cupimus,
406 1712 530 1768 quornm
543 1695 950 1768 patrimonioecclesiasanoti
1294 1687 1383 1741 ianm
1397 1686 1545 1757 multll-

117 1784 277 1858 Amulpbi,
288 1801 351 1858 qua
367 1784 497 1857 antiquis
508 1785 690 1858 temporibus
705 1787 950 1844 ecclesiaeanctc-
1038 1790 1259 1863 Atemporibns
1285 1790 1375 1863 hujus
1401 1793 1506 1860 sancti,
1533 1811 1627 1866 usque
1650 1796 1686 1851 ad
1710 1797 1829 1857 beatum

117 1892 187 1931 rum
204 1874 405 1948 apostolorum
421 1873 637 1944 nominabatur,
654 1892 748 1949 usque
764 1877 849 1932 niodo
864 1878 949 1933 retio-
1002 1879 1188 1951 ernulphum
1205 1880 1387 1935 defluxerunt
1402 1879 1555 1953 quingenti
1568 1883 1637 1938 anni
1652 1886 1829 1959 etamplius,

117 1965 191 2030 ruit,
207 1980 372 2037 congruum
385 1963 500 2018 videtur
524 1964 626 2036 paucis
642 1965 748 2022 referre
762 1967 847 2038 cujus
863 1967 948 2024 indu·
1002 1967 1103 2041 viginti
1121 1972 1247 2040 quatuor
1261 1968 1406 2040 episcopis
1424 1967 1521 2025 medio
1547 1974 1677 2044 tempore
1692 1973 1749 2029 sibi
1764 1992 1830 2032 suc·

115 2052 374 2110 striasanctitatis
388 2050 518 2124 primum
533 2052 580 2108 bic
605 2069 687 2109 aram
702 2055 840 2127 posuerit.
865 2056 947 2112 Anti·
1003 2056 1183 2125 cedentibus
1205 2056 1274 2112 lieet
1296 2056 1419 2113 ecclesia
1441 2057 1543 2113 multis
1567 2059 1653 2115 annis
1676 2064 1829 2130 vacaverit,

113 2159 248 2214 qnorum
263 2141 389 2214 denique
405 2140 505 2197 relatio
521 2141 575 2197 sibi
592 2143 811 2199 succedentium
828 2145 948 2202 tradidit
1003 2144 1064 2202 aB.
1083 2145 1233 2218 Arnulpbo
1262 2162 1356 2218 usqne
1386 2147 1421 2201 ad
1446 2146 1638 2202 Deoderioum
1658 2148 1828 2222 episcopum

110 2230 296 2305 posteritati,
311 2230 389 2302 quod
405 2230 509 2286 beatus
525 2230 641 2287 Patiens
652 2233 759 2303 presul
771 2234 947 2291 Metensium
1003 2234 1172 2304 Metensem,
1189 2235 1239 2307 qui
1254 2233 1407 2290 ecclesiam
1423 2235 1501 2291 beati
1515 2235 1659 2292 Vincentii
1685 2236 1827 2309 fundavit,

109 2324 258 2393 quartus,
272 2319 348 2375 beati
359 2318 482 2375 ioannis
492 2318 616 2392 apostoli
627 2321 848 2395 etevangcliste
860 2323 948 2380 fucrit
1001 2323 1123 2379 trecenti
1139 2324 1207 2379 anni
1224 2330 1251 2379 et
1267 2324 1395 2397 amplius
1410 2325 1606 2391 defluxerunt,
1624 2325 1724 2382 decem
1738 2332 1767 2383 et
1782 2345 1830 2386 se·

109 2406 304 2481 discipulus:
321 2407 371 2480 qui
388 2409 492 2464 beatus
503 2408 653 2481 apostolus
664 2411 873 2484 condiscipulis
884 2413 947 2469 suis
1001 2417 1079 2484 ptem
1093 2413 1237 2486 episcopis
1248 2413 1303 2469 sibi
1315 2413 1550 2480 succedentibus,
1567 2431 1693 2486 quorum
1704 2415 1828 2475 ultimus

103 2501 181 2571 jam
196 2497 270 2553 coelo
285 2497 486 2571 regnantibus,
503 2497 645 2571 prolixius
660 2499 723 2555 vitoe
739 2501 867 2572 spatium
883 2501 948 2558 ade
1002 2499 1058 2555 snit
1071 2501 1168 2557 dictus
1183 2500 1368 2558 [teodericus.
1381 2501 1433 2557 llio
1444 2500 1572 2557 ecclesias
1581 2503 1735 2573 predicte,
1751 2504 1828 2562 scili·

106 2594 201 2662 ptus,
217 2590 307 2644 messi
323 2586 481 2643 Dominicis
497 2604 619 2643 suornm
635 2588 801 2662 complures
813 2588 946 2647 alumno·
1001 2594 1046 2645 eet
1059 2595 1228 2646 sanctorum
1244 2589 1443 2663 apostolorum
1458 2594 1488 2646 et
1502 2590 1578 2646 beati
1593 2592 1748 2665 Arnnlpbi,
1759 2594 1846 2651 Gor-²

108 2694 187 2734 rum
204 2693 258 2750 per
271 2674 334 2733 loca
348 2676 455 2732 direxit
465 2676 594 2749 plurima
604 2677 766 2751 regionum.
781 2679 858 2736 Inter
873 2697 948 2753 quos
1001 2678 1113 2751 giaeque
1128 2680 1264 2751 (t'uttcyc
1277 2679 1309 2735 de
1336 2679 1434 2752 Gerae)
1459 2683 1487 2736 et
1515 2684 1621 2735 sancte
1646 2679 1827 2753 Glodesindi,

107 2768 206 2824 beato
222 2764 346 2821 Patienti
357 2764 602 2822 meritcrnmluce
613 2765 745 2839 fulgenti,
763 2769 833 2823 dnm
849 2767 949 2824 divina
1002 2767 1144 2840 beatoque
1161 2768 1308 2841 Stephano
1324 2767 1480 2842 subripuit,
1498 2767 1606 2840 quibus
1621 2768 1717 2842 ipsam
1736 2770 1828 2829 eccle·

108 2854 298 2913 revelatione
308 2871 382 2928 opus
392 2853 544 2911 consimile
554 2855 731 2929 injungitur,
742 2855 790 2912 ille
806 2857 947 2916 nimirum
1001 2856 1077 2912 siam
1106 2858 1200 2913 sancti
1220 2857 1363 2914 Vincentii
1390 2856 1574 2922 instauravit,
1600 2860 1629 2913 ot
1652 2858 1688 2913 ad
1716 2860 1827 2934 Gorgias

110 2944 259 3017 magistri
278 2942 403 3017 diligens
423 2943 620 3017 presentiam,
636 2949 723 3019 negat
738 2962 769 3002 se
784 2944 839 3002 boc
854 2947 946 3003 adim·
1001 2945 1154 3019 sanctique
1169 2945 1313 3019 arnulphi
1329 2945 1469 3003 cenobiis
1495 2946 1640 3019 quosdam
1667 2948 1828 3007 monachos

111 3035 212 3109 plere,
225 3033 281 3090 nisi
293 3031 484 3106 reliquiarum
494 3034 756 3107 pignorecorporis
775 3034 948 3109 ejusaliquo
1001 3036 1134 3102 extraxit,
1152 3036 1201 3109 qui
1217 3035 1289 3091 inibi
1305 3035 1498 3092 monasticam
1519 3035 1659 3091 ducerent
1683 3037 1783 3106 vitam,
1799 3041 1828 3096 et

111 3125 209 3180 modo
218 3121 369 3196 potiretur.
382 3121 472 3193 Cujus
483 3123 571 3179 fidem
580 3122 741 3180 devotionis
751 3124 949 3181 beatusioan·
997 3123 1109 3197 jugiter
1123 3124 1220 3180 divino
1237 3123 1391 3181 famulatui
1408 3123 1586 3181 insisterent.

113 3211 340 3286 nesapostolus
359 3211 550 3284 amplectens,
567 3213 725 3269 Dominum
748 3213 947 3287 boclleripo·
1037 3211 1385 3286 (Hiclegiturcatalogus
1414 3213 1617 3285 episcoporum
1640 3213 1826 3289 Metensium,

112 3303 228 3376 poscit,
244 3303 328 3373 cnjus
343 3306 416 3355 nutu
433 3302 530 3356 omnis
541 3305 646 3358 natura
660 3301 717 3357 vim
734 3303 857 3375 proprie
872 3303 946 3378 legis
1001 3305 1129 3357 asancto
1140 3301 1288 3358 Clemente
1298 3302 1392 3375 primo
1404 3302 1551 3374 episcopo,
1563 3303 1599 3358 ad
1612 3303 1827 3363 Adalberonem

113 3390 273 3449 convertit.
290 3389 428 3447 Oratione
454 3389 546 3463 igitur
574 3390 659 3459 lacta,
675 3397 850 3465 evocatoque
866 3391 946 3449 fideli
1001 3389 1051 3462 qui
1067 3389 1122 3445 luit
1135 3390 1380 3464 quadragesimus
1394 3389 1516 3462 quintus
1531 3391 1664 3462 ejusdem
1675 3392 1754 3449 sadis
1768 3394 1828 3466 epi·

113 3478 274 3553 discipulo,
287 3479 405 3535 dentem
416 3478 479 3534 sine
490 3477 588 3535 dolore
598 3479 655 3535 sibi
666 3480 822 3537 detrahens
832 3482 868 3537 ab
878 3498 944 3538 ore:
1000 3495 1117 3551 scopus,
1134 3480 1188 3535 sub
1202 3480 1287 3551 cujus
1303 3477 1444 3552 regimine
1459 3478 1489 3533 in
1505 3478 1658 3534 ecclesiam
1682 3480 1759 3536 beati
1773 3483 1826 3538 Ar-

115 3568 353 3641 liobeto,inqnit,
383 3566 433 3624 troc
462 3570 514 3624 titi
538 3570 633 3641 piguis
658 3572 761 3626 cruoris
789 3572 853 3626 net.
880 3570 945 3627 Tibi
1000 3566 1072 3623 nulfi
1089 3568 1159 3624 ordo
1176 3568 1357 3624 monasticus
1377 3571 1421 3623 est
1446 3566 1642 3623 introductus.
1667 3568 1826 3646 subjungit

114 3656 208 3713 etiam
225 3658 326 3711 auctor
340 3654 456 3728 pietatis
467 3654 576 3727 pariter
585 3656 727 3724 concedit,
743 3662 776 3713 ut
790 3658 859 3713 dum
878 3657 945 3715 civi·
1000 3657 1121 3729 auctort:
1140 3656 1239 3729 Usque
1254 3655 1341 3712 hodie
1351 3656 1436 3712 annis
1447 3654 1573 3729 singulis
1583 3657 1824 3716 convenientibus

116 3745 171 3801 tati
187 3743 310 3800 bletensi
327 3743 511 3817 propinquus
526 3744 593 3812 eris,
605 3745 652 3802 cui
664 3746 943 3819 doctordcstinaris,
999 3744 1070 3800 inibi
1082 3744 1325 3802 conventualibus
1335 3742 1482 3811 Ecclesiis,
1493 3747 1522 3799 et
1533 3742 1691 3813 canonicis,
1708 3749 1737 3801 et
1747 3745 1824 3803 clero
1843 3757 1847 3761 ’

117 3831 282 3890 incolarum
297 3832 401 3906 lingua
423 3832 547 3905 pleniter
574 3833 738 3908 eloquaris:
755 3836 847 3891 lemur
866 3836 944 3893 enim
998 3837 1027 3890 et
1037 3833 1153 3907 populo,
1166 3833 1332 3907 palmarum
1343 3850 1360 3889 a
1370 3830 1494 3905 presule
1502 3831 1581 3888 sedis
1589 3831 1622 3887 fir
1631 3835 1823 3904 consecratio,

117 3922 219 3996 lingua
233 3921 351 3978 Graecus
367 3922 467 3979 luisse.
483 3923 564 3979 Sicut
586 3929 615 3979 et
629 3925 732 3980 beatus
747 3924 884 3981 Nicolans
900 3926 944 3981 di·
998 3927 1027 3979 ct
1040 3940 1142 3979 omnes
1158 3922 1318 3996 presbyteri
1334 3921 1424 3979 totius
1440 3920 1565 3977 civitatis
1580 3925 1716 3979 tenentur
1726 3925 1824 3983 venire

119 4011 185 4066 vina
198 4009 374 4067 revelatione
389 4011 426 4066 ad
441 4028 593 4068 summum
617 4013 772 4070 sacerdotii
791 4018 943 4087 provectus
997 4011 1027 4067 in
1043 4013 1144 4068 eadem
1168 4011 1291 4068 ecclesia
1311 4012 1347 4068 ad
1372 4010 1620 4067 consecrationem
1645 4011 1821 4085 palmarum,

120 4104 162 4155 est
175 4100 312 4174 gradum,
329 4098 370 4155 sic
387 4098 441 4156 iste
457 4104 577 4156 sanctus
602 4100 719 4157 Patiens
734 4102 835 4158 eadem
849 4103 945 4176 gratia
999 4105 1156 4174 antequam
1173 4100 1305 4157 canonici
1320 4099 1448 4169 veniant,
1463 4103 1492 4156 et
1507 4100 1614 4156 debent
1629 4101 1745 4159 mittere
1759 4103 1822 4176 pal·

120 4205 169 4260 per
183 4189 326 4245 loannem
341 4188 507 4261 apostolum
520 4190 557 4245 ad
573 4189 734 4246 Metensem
745 4190 890 4248 civitatem
902 4210 944 4249 re·
998 4208 1062 4247 mas
1077 4208 1147 4246 siras
1162 4190 1197 4246 nd
1214 4191 1456 4247 consecrandum.

120 4276 587 4351 gandambeatol'eliceepiscopo
595 4278 724 4336 Metense
732 4281 944 4354 predecessore
997 4281 1027 4335 ln
1042 4281 1166 4336 munitus
1182 4282 1274 4336 bootes
1297 4281 1409 4336 Patiens
1429 4280 1535 4336 locant
1558 4272 1675 4352 apostolo
1693 4281 1819 4338 adhesit.

122 4382 171 4421 suo
183 4364 279 4422 adbuc
293 4365 324 4421 in
340 4382 459 4440 corpore
471 4365 594 4436 vivente,
612 4373 656 4425 est
671 4369 844 4426 destinatus.
958 4353 979 4420 G
1033 4370 1158 4424 Sanctus
1174 4369 1264 4442 igitur
1279 4368 1394 4424 Patiens
1409 4368 1546 4424 fundator
1560 4367 1687 4424 ecclesie
1703 4372 1821 4424 sancto-

272 4460 312 4512 De
323 4456 417 4528 priano
436 4458 639 4514 consecratione
652 4459 783 4516 eoeleste.
996 4474 1061 4513 rum
1072 4457 1281 4532 apostolorum,
1294 4456 1370 4513 sicut
1380 4474 1397 4511 a
1406 4454 1552 4527 prioribus
1563 4454 1670 4510 vicaria
1680 4454 1820 4511 relatione

154 4547 256 4600 Beatus
283 4543 375 4618 igitur
404 4545 531 4612 Patiens,
561 4547 790 4614 consecratione,
821 4547 939 4604 benedi·
995 4545 1353 4620 cognovimus‚exinclytn
1364 4543 1817 4615 Graecorumprosapiaexortus;

124 4631 220 4702 ctione,
236 4632 406 4707 insignique
416 4632 606 4707 reliquiarum
620 4652 741 4692 munere
751 4637 848 4692 dilecti
858 4637 943 4694 loan-
996 4636 1073 4692 siout
1088 4636 1240 4691 nobilitate
1256 4634 1416 4702 mundana,
1442 4630 1484 4688 sic
1512 4637 1541 4687 et
1566 4648 1655 4704 opum
1681 4631 1775 4705 gloria
1789 4634 1819 4690 in

126 4719 166 4775 nis
179 4722 314 4789 donatus,
330 4723 387 4778 iter
396 4724 576 4797 aggreditur,
589 4741 773 4798 supernaque
787 4725 942 4784 ordinante
996 4725 1118 4781 minoris
1134 4723 1207 4779 Asia
1222 4722 1338 4795 regione
1352 4720 1450 4775 clarus
1465 4719 1583 4777 effulsit.
1596 4719 1676 4777 lianc
1690 4721 1764 4778 Asia
1777 4740 1820 4779 re·

127 4807 282 4881 clementia,
299 4811 479 4868 Metensibus
494 4816 593 4886 pastor
616 4813 715 4870 herilis
739 4815 874 4885 efficitur,
890 4814 941 4888 qni
995 4809 1818 4888 gionemdilectusDominievangelistaioannesinserte

129 4897 248 4956 animum
263 4899 367 4956 divine
394 4901 548 4959 intendens
577 4901 816 4976 contemplationi
832 4908 861 4959 et
875 4921 940 4960 ora·
995 4898 1818 4975 predicationisdivinadisponsationesuscepit,ttdeique

130 4983 200 5055 tioni,
215 4989 367 5046 basilicam
381 4993 439 5046 Dec
454 4993 482 5046 et
496 4992 665 5064 preceptori
681 5008 734 5049 suc
748 4992 853 5049 Joanni
870 5010 939 5066 apo·
990 4987 1816 5064 jugosubjugavit.Namdumfulguravirtntumconllr-
1917 4989 1922 4993 '

132 5073 193 5131 stolo
206 5081 286 5134 extra
300 5079 433 5150 ejusdem
449 5079 643 5137 murosurbis
658 5081 693 5136 ad
705 5081 857 5138 meridiem
873 5099 940 5138 con·
994 5084 1088 5136 maret
1097 5095 1219 5135 suornm
1230 5076 1392 5134 claritatem
1402 5077 1569 5147 verborum,
1581 5074 1771 5148 quamplures
1780 5075 1816 5131 ad

132 5163 224 5220 struxit
236 5169 265 5220 et
272 5168 459 5239 consecravit,
470 5167 622 5241 ipsiusque
634 5170 730 5236 dente,
740 5174 769 5226 et
784 5171 939 5228 duodecim
993 5170 1083 5225 vitam
1109 5167 1257 5235 destinati,
1282 5169 1414 5240 potentes
1434 5171 1463 5223 et
1476 5165 1581 5222 divites
1598 5180 1631 5221 ac
1655 5162 1817 5221 mediocres

134 5250 267 5317 particulis
281 5255 316 5311 de
340 5253 539 5328 apostolorum
567 5257 759 5328 vestimentis,
781 5275 848 5315 oum
872 5258 939 5317 aliis
993 5257 1160 5330 compuncti
1171 5256 1267 5330 gratia
1281 5256 1345 5329 ejus
1358 5255 1497 5312 doctrinae
1516 5252 1700 5310 obediebant.
1715 5251 1817 5325 ltaque

135 5344 284 5399 ancnmm
298 5343 481 5418 pignoribus,
497 5361 562 5402 eam
577 5344 752 5416 honestavit,
762 5351 790 5404 ct
800 5347 851 5421 qui
865 5347 938 5405 inibi
993 5349 1071 5404 luter
1083 5346 1156 5404 alios
1171 5347 1312 5419 insignes,
1333 5348 1362 5400 et
1376 5344 1480 5400 beatus
1508 5340 1624 5398 Patiens
1646 5339 1815 5398 obedientie

136 5421 182 5481 lieo
193 5432 330 5491 servirent
344 5433 483 5503 instituit,
494 5451 642 5508 cursuque
652 5435 787 5493 laborum
801 5437 894 5507 finito,
907 5439 936 5493 in
992 5438 1059 5493 fidei
1075 5452 1106 5494 ee
1118 5435 1260 5502 subdidit,
1275 5448 1415 5507 pompam
1437 5429 1540 5487 mundi
1561 5429 1691 5504 reliquit,
1714 5434 1815 5488 sancte

137 5519 322 5582 steininen
351 5522 470 5597 quievit,
499 5525 682 5598 temporibus
707 5525 824 5583 Antonii
854 5526 893 5599 pii
909 5530 938 5582 et
991 5525 1123 5600 apostolo
1138 5524 1241 5581 intime
1255 5521 1386 5578 adhaesit.
1403 5520 1616 5589 loannes,dum
1632 5518 1695 5576 suis
1715 5518 1746 5575 in
1760 5537 1815 5576 nu·

139 5599 234 5664 didani
260 5610 481 5685 imperatorum,
510 5613 541 5670 in
569 5613 674 5673 diebus
702 5614 806 5689 Hygini
843 5632 936 5691 pape.
992 5615 1060 5689 ptiis
1076 5613 1330 5684 Christusaquam
1354 5608 1501 5669 invinum
1525 5612 1815 5682 nominassemus
