3878 6098
60 5712 77 5867 l

72 5880 90 6043 l

107 323 171 389 665
612 313 856 382 Faancoutllt
878 309 1016 378 nauali
1039 310 1317 376 aletrannum.
1756 316 1816 379 666

107 457 260 532 quoddam
274 452 415 513 horribile
424 469 457 512 ac
467 451 550 511 66166
559 455 717 526 patratum,
729 449 836 507 vulnus
844 450 937 507 occul·
951 449 978 515 Α
1029 448 1055 502 1.
1071 446 1188 504 Primus
1203 445 1385 504 Guntbarius
1405 444 1476 504 dixit
1493 463 1499 504 :
1517 443 1645 522 Confecta
1664 460 1704 509 ert
1726 454 1778 511 Deo
1792 463 1819 512 et

106 547 214 605 tamin
229 545 329 603 animo
344 544 404 600 sire
416 544 446 599 in
462 559 581 616 corpore
596 541 727 608 haberet,
738 541 768 596 in
780 558 838 614 qao
846 540 939 596 Deum
993 539 1081 601 66116,
1099 537 1169 609 6666
1192 539 1293 592 reilana
1307 539 1337 592 in
1350 553 1379 593 ae
1394 539 1504 595 baberet
1518 541 1644 607 interius,
1657 559 1713 598 non
1728 551 1816 600 tamen

100 635 240 712 graviter
254 634 398 692 offensum
415 632 546 699 baberet,
562 649 614 704 pro
634 648 692 703 quo
715 631 804 686 ctiam
827 629 939 685 illinon
993 643 1043 683 666
1057 636 1159 699 sponte,
1177 627 1222 682 sed
1238 626 1372 685 uiolenter
1391 628 1448 684 sibi
1471 630 1598 700 inlatum,
1612 647 1663 702 pro
1675 649 1727 704 quo
1742 633 1818 690 indi·

110 730 191 783 aesct
203 723 303 797 digna,
316 739 410 796 neque
420 721 520 778 liceret
531 721 575 778 vel
587 738 654 777 eum
670 721 783 776 deceret
795 722 830 777 ad
843 723 941 793 conju·
994 733 1078 786 qnam
1091 733 1118 773 se
1132 733 1189 772 esse
1203 720 1314 773 omnino
1328 718 1466 789 iudicauit
1480 718 1516 774 nd
1529 720 1646 792 rrqalern
1662 723 1718 777 sne
1731 725 1819 779 mari-

110 814 197 890 6166
211 830 277 870 eam
292 809 421 885 amplius
435 810 553 867 habore.
765 848 771 856 -
995 807 1076 862 161661
1104 816 1193 863 torum
1215 808 1277 878 jara
1299 808 1416 863 alteriue
1444 809 1579 877 66661666,
1609 818 1635 867 61
1660 813 1819 869 nullatenur

146 909 176 960 2.
190 904 232 959 lix
242 901 378 976 opinione
387 917 454 957 vero
465 900 626 973 promissa,
635 917 699 973 666
710 902 745 956 66
761 899 811 956 illa
827 917 878 972 per
890 915 942 954 uro
992 904 1082 968 posset
1102 913 1152 968 pro
1173 896 1308 968 predicto
1331 898 1439 965 scelere,
1456 899 1527 970 quod
1550 907 1628 973 turpe
1651 908 1690 957 eat
1717 902 1817 972 dicere,

112 993 312 1067 quorumdam
328 990 620 1063 volitabat,praelatus
636 1006 685 1046 666
699 989 728 1045 16
745 987 942 1061 conspectuti.
994 985 1155 1056 conjuqiurn
1170 985 1308 1056 famulare
1326 1002 1388 1040 curn
1402 1002 1441 1053 eo,
1464 988 1512 1053 661.
1525 1005 1588 1043 cnm
1612 991 1732 1060 quolibet
1757 1009 1820 1047 arn-

110 1082 225 1140 delium
237 1097 358 1138 auorum
369 1084 478 1136 secrete
489 1096 522 1135 ac
532 1078 685 1135 manifeste
702 1079 867 1151 frequenter
876 1095 943 1135 con·
993 1070 1181 1146 6111611161
1199 1091 1204 1130 ε
1221 1083 1247 1130 el
1274 1074 1334 1130 ideo
1356 1075 1498 1148 deprecato
1522 1087 1571 1145 661,
1597 1080 1738 1136 licentiam
1765 1085 1821 1139 rili

112 1170 233 1228 locutus
244 1170 309 1236 1611,
320 1173 348 1226 61
359 1186 427 1225 cum
441 1168 483 1225 cis
499 1169 626 1224 rationes
641 1168 754 1236 babuit,
770 1169 846 1225 unde
857 1169 941 1240 judi·
995 1165 1059 1220 darrr'
1081 1163 1209 1221 mutandi
1229 1164 1387 1220 seculorem
1411 1166 1545 1234 debiturn,
1563 1177 1589 1224 et
1608 1187 1625 1224 a
1648 1170 1727 1226 virili
1747 1188 1819 1227 corn·

112 1261 196 1319 cium
210 1263 312 1333 postea
327 1275 378 1331 per
392 1259 524 1330 ipsorum
540 1257 695 1314 consilium
711 1258 806 1314 extitit
820 1259 941 1327 lactum,
994 1255 1131 1310 mixtione
1145 1253 1309 1322 discedendi,
1325 1255 1405 1309 nulla
1430 1257 1625 1314 increementa
1644 1260 1743 1329 [raude
1762 1263 1818 1316 ira-

112 1351 166 1409 sed
179 1367 237 1405 666
248 1349 346 1404 divina
356 1348 452 1420 pietas
464 1345 621 1420 indulgens
632 1350 671 1403 rei
688 1347 840 1404 veritatem
851 1347 942 1403 mani·
995 1344 1114 1408 eundiae,
1132 1343 1173 1398 uel
1186 1345 1269 1398 eliam
1284 1344 1423 1400 uoluntate
1441 1361 1524 1415 quarn
1538 1355 1633 1403 eontra
1646 1349 1761 1405 eundem
1777 1367 1819 1406 re·

114 1437 941 1509 iesiarev'oluit3sedcumpoetmodumadl'ratremsuum
995 1450 1056 1505 pern
1079 1432 1259 1498 1616166666
1283 1440 1312 1487 ut
1337 1433 1388 1488 illa
1415 1433 1575 1503 riieeedente,
1601 1439 1771 1507 1666661666
1794 1448 1821 1496 et

112 1527 323 1585 llludowicum
348 1526 552 1598 imperatorem
577 1525 607 1581 in
630 1524 744 1582 ltaliam
768 1525 941 1593 devenisset,
995 1523 1264 1594 corporcrolaretur,
1280 1530 1306 1577 et
1329 1523 1388 1593 ipro
1414 1523 1484 1594 qnod
1508 1525 1603 1596 inique
1625 1528 1689 1594 epit,
1705 1543 1755 1598 per
1772 1530 1822 1585 llei

112 1617 186 1674 illuc
205 1616 335 1689 apertius
350 1618 500 1688 patratum
528 1613 625 1671 scelus
646 1619 690 1671 est
714 1614 756 1670 illi
772 1615 941 1672 manifesta·
994 1611 1213 1667 rnucricordionr
1224 1619 1250 1667 et
1262 1611 1418 1668 eorumdem
1432 1614 1618 1686 cpiscoporum
1633 1617 1823 1674 6611666666-

113 1711 191 1765 tum.
994 1702 1060 1771 {lere
1072 1702 1209 1773 66161661.

148 1798 179 1853 3.
195 1795 319 1852 Proinde
329 1812 366 1851 66
377 1793 570 1867 suspicioista
579 1798 607 1850 el
618 1793 800 1867 nequissima
814 1795 893 1851 lama
907 1797 981 1889 ch
1031 1791 1057 1845 5.
1073 1789 1233 1845 adventius
1256 1789 1329 1844 dixit
1351 1808 1357 1845 :
1382 1793 1436 1847 Hoc
1463 1808 1506 1848 me
1528 1796 1640 1865 [acinus
1666 1805 1693 1853 et
1718 1800 1823 1869 [cretum

115 1901 206 1943 uxore
217 1883 297 1957 regia
306 1883 419 1939 6161166
434 1883 630 1939 inexaminata
640 1883 864 1956 aulimprobata
879 1902 941 1941 ma·
996 1879 1128 1935 traetenue
1152 1879 1371 1951 1616116666
1393 1889 1432 1937 eat
1453 1882 1578 1954 1116661
1601 1884 1726 1958 deinceps
1748 1904 1824 1944 more

115 1980 209 2041 neret,
226 1979 372 2046 66616666
388 1973 457 2028 item
473 1973 611 2029 dominus
626 1978 725 2029 noster
739 1975 845 2030 certior
859 1991 942 2029 aecu—
997 1971 1082 2024 rearis
1103 1976 1129 2024 et
1152 1970 1266 2040 sominae
1290 1970 1375 2025 sr'rnul
1397 1974 1574 2038 6666661616,
1591 1982 1616 2029 61
1635 1977 1660 2030 ai
1675 1983 1776 2044 maren,
1793 1985 1824 2032 ut

115 2064 236 2135 riorque
250 2063 372 2119 eliectus
387 2063 423 2118 66
438 2061 492 2118 hac
507 2079 680 2129 causacum
693 2079 757 2134 quae
772 2062 814 2116 illi
830 2063 943 2134 agenda
995 2061 1074 2130 priua
1087 2059 1152 2129 suit,
1168 2058 1243 2114 nobie
1265 2066 1333 2114 6661
1354 2059 1483 2115 armillis
1505 2069 1531 2116 61
1544 2061 1654 2128 dilecta,
1669 2065 1822 2122 (16666666-

116 2156 203 2209 crant
217 2169 299 2208 mora
314 2151 404 2224 regali
420 2150 541 2208 liberius
557 2156 942 2224 exsequerentur-,convene
998 2151 1039 2205 bic
1053 2148 1199 2203 eonsilium
1213 2147 1362 2203 seeundum
1375 2148 1561 2205 ministerium
1569 2152 1640 2207 milri
1650 2155 1824 2210 commiscum

117 2241 436 2314 runtjussuejusdem
453 2239 943 2313 principis,annovidelicotincar-
997 2240 1180 2310 etprobarem
1194 2238 1316 2303 omnino,
1332 2237 1498 2293 neulteriue
1527 2238 1608 2294 lateri
1632 2245 1824 2299 6666666616-

116 2328 248 2386 66116616
262 2329 414 2385 dominicae
425 2331 489 2397 860,
501 2334 530 2385 el
540 2329 621 2401 regni
635 2330 733 2400 6665,
745 2329 904 2386 1661611666
914 2333 941 2399 8,
998 2337 1074 2385 retur
1110 2327 1193 2382 sicuti
1229 2326 1341 2397 conjux,
1369 2326 1420 2381 aed
1453 2327 1536 2396 jneta
1570 2331 1727 2400 petitionem
1765 2333 1824 2404 ejus

113 2419 216 2476 bidus
228 2418 471 2490 ianuarii,rtquis
486 2417 595 2490 6616116
610 2418 793 2476 Guntbarius
807 2436 944 2475 summus
997 2419 1088 2474 tultam
1102 2416 1223 2487 accipere
1243 2422 1269 2470 et
1292 2415 1417 2470 nubitum
1444 2425 1550 2472 rnumre
1578 2417 1628 2473 lroc
1653 2423 1824 2491 perrnittore-

114 2507 290 2581 eapcllauus
304 2511 334 2563 61
347 2508 535 2580 Teotgaudus
547 2507 766 2581 archiepiscopi,
784 2509 945 2565 adventius
999 2509 1043 2563 tis.

112 2602 144 2654 ct
167 2597 280 2653 Franco
302 2596 441 2668 episcopi,
458 2595 540 2669 Hegil
569 2600 598 2652 el
626 2595 785 2676 Odcliqgus
813 2598 944 2661 abbates,
1034 2599 1062 2652 6.
1078 2594 1218 2652 Similiter
1233 2595 1420 2666 Teolgeudus
1435 2595 1673 2672 archiepiscopus
1695 2600 1824 2658 6161161-

113 2686 177 2743 6166
191 2683 244 2741 6111
258 2684 359 2741 1166166
374 2685 946 2757 616606166666161666666661666616
999 2703 1056 2758 que
1071 2683 1229 2741 consensit.

115 2775 259 2842 referens,
279 2773 411 2847 jubendo
436 2774 551 2830 monuit
579 2776 765 2847 praescriptos
792 2777 946 2848 episcopos
1034 2777 1063 2828 7.
1080 2771 1142 2846 agit
1157 2773 1242 2839 abba,
1259 2771 1319 2828 vice
1335 2773 1467 2844 eJuadem
1484 2775 1643 2849 Tetbergee,
1661 2778 1702 2834 ita
1717 2780 1826 2837 lacien-
1919 2772 1923 2784 '

118 2868 206 2937 61666
221 2864 354 2931 abbates,
370 2863 499 2938 dirigens
526 2865 562 2920 ad
587 2862 679 2932 illum,
696 2869 728 2920 61
751 2865 786 2921 66
809 2866 947 2938 praedicta
1001 2864 1072 2919 dum
1088 2861 1191 2930 suasit,
1203 2866 1231 2917 el
1246 2860 1338 2932 petiit,
1351 2862 1464 2934 utquia
1474 2880 1532 2918 non
1543 2882 1598 2921 666
1608 2873 1723 2940 sponte,
1735 2871 1785 2926 sed
1798 2872 1825 2927 vi

121 2953 200 3009 lama
209 2954 288 3026 apud
300 2970 365 3010 eam
383 2969 500 3009 omnem
512 2953 552 3009 rei
568 2953 718 3009 veritatem
734 2955 945 3027 perquirerent,
1002 2968 1217 3024 oppressorem
1234 2950 1391 3006 nefandam
1409 2956 1634 3024 perpetraverat,
1651 2957 1828 3016 tribueretur

124 3041 207 3098 siculi
222 3048 251 3098 61
267 3041 490 3098 lecerunl.Nam
508 3042 571 3114 ipsa
585 3043 719 3098 consessa
733 3047 778 3098 661
792 3043 835 3099 616
849 3060 947 3099 coram
1002 3041 1026 3097 61
1043 3039 1167 3096 facultas
1182 3038 1308 3102 velandi,
1326 3044 1354 3096 et
1370 3039 1451 3097 locus
1475 3059 1533 3114 quo
1558 3048 1705 3114 patratum
1721 3047 1828 3106 vulnus

126 3129 180 3188 1166
194 3137 224 3188 61
241 3130 355 3204 angelis
378 3132 442 3203 ejus
466 3131 565 3187 omnia
589 3148 712 3203 666666
736 3131 765 3187 16
788 3131 838 3187 1116
853 3136 947 3204 erunt,
1003 3133 1130 3196 sanaret,
1154 3128 1233 3201 6666
1258 3145 1325 3185 vero
1350 3128 1532 3202 simpliciter,
1553 3138 1582 3189 ct
1603 3134 1683 3191 nullo
1713 3137 1828 3197 incum-

130 3235 268 3294 cmneque
283 3225 428 3277 secretum
449 3220 534 3291 juxta
558 3224 685 3277 exortam
709 3220 817 3276 lamam
831 3220 948 3293 penitus
963 3193 985 3259 C
1003 3219 1089 3275 bento
1104 3216 1209 3274 timore
1227 3222 1278 3272 661
1296 3217 1425 3290 qualibet
1446 3220 1597 3279 occasione
1611 3224 1656 3279 vel
1667 3225 1827 3293 voluntate,

133 3309 257 3381 apparuit
271 3307 341 3372 illis,
357 3307 472 3381 ipsique
488 3308 594 3366 reversi
622 3308 830 3365 nuntiaverunt
843 3309 947 3382 praedi·
1002 3310 1054 3364 sed
1076 3325 1127 3380 pro
1156 3307 1206 3362 Dei
1231 3324 1330 3363 amore
1351 3312 1380 3363 et
1399 3309 1503 3364 anime
1519 3327 1578 3366 666
1594 3312 1738 3370 661611666
1754 3319 1829 3386 pete-

136 3400 170 3452 116
179 3396 336 3472 regi,quod
344 3397 507 3453 eduxeram
520 3414 578 3453 non
589 3397 689 3454 liceret
699 3397 741 3452 illi
753 3415 816 3453 eam
828 3398 946 3454 habere.
1003 3399 1062 3453 bat.

574 3574 772 3631 6666666
792 3575 816 3632 11
837 3574 944 3632 neore
963 3563 1128 3631 ‘svaouus
1147 3572 1323 3639 aquensis
1343 3573 1376 3629 6.

852 3717 914 3787 (ln.
930 3717 993 3786 aaa,
1008 3716 1100 3788 rar.)

158 3867 367 3949 Fragmentum
382 3870 515 3949 actorum
530 3868 594 3938 ejas
608 3866 801 3923 delibavimus
817 3885 851 3923 ex
866 3866 940 3923 libro
956 3865 1103 3923 ilincmari
1120 3866 1160 3923 116
1173 3865 1294 3922 divortio
1310 3860 1438 3924 Lotbarii
1454 3875 1483 3925 et
1496 3869 1687 3946 Theutbcrgre
1712 3876 1829 3950 regine,

122 3934 259 3996 mirionis
274 3938 446 3994 Parrsrensrs
460 3956 509 3993 an.
526 3940 605 4006 1615,
622 3944 694 3994 tom.
710 3940 732 4008 l,
748 3956 814 4012 pag.
830 3940 960 3995 573-575.

155 4089 948 4160 Annoabinoarnalioneilominissdtl,indictione8,me·
1004 4091 1105 4162 inquit,
1119 4100 1231 4163 propter
1245 4093 1329 4147 Deum
1343 4108 1416 4164 repo,
1432 4101 1457 4148 et
1470 4104 1580 4168 propter
1599 4107 1716 4155 vestram
1729 4117 1831 4158 merce-

113 4169 223 4236 dianle
239 4179 395 4235 Februario
407 4195 517 4245 mense,
527 4179 752 4236 decernentibus
762 4179 948 4253 gloriosiore·
1003 4179 1072 4246 dem,
1091 4187 1120 4234 ut
1135 4181 1205 4235 milri
1222 4182 1409 4253 paenitentiam
1434 4200 1515 4252 aqerc
1536 4186 1627 4254 liccat,
1652 4191 1782 4260 quoniam
1805 4199 1832 4246 et

110 4263 209 4332 gibus
224 4266 948 4341 illudowico,Carolo,atqueHlotbariojuniore,in
1002 4270 1093 4324 uerbis
1106 4277 1131 4325 61
1143 4271 1244 4341 scripto
1272 4272 1410 4343 confiteor,
1435 4289 1478 4329 me
1505 4275 1677 4346 conjuqalenr
1705 4280 1830 4349 copulam

109 4357 949 4429 886666116666661666166616166666666616111161166611
1003 4374 1059 4413 666
1073 4361 1183 4427 nrercri,
1193 4359 1307 4431 ideoque
1319 4368 1458 4431 prostrata
1471 4363 1632 4433 suppliciter
1645 4367 1832 4434 expostulant

108 4450 222 4502 {ctum
233 4443 442 4502 estcoociiium
457 4445 660 4518 episcoporum
675 4446 852 4520 Aquisgrani
869 4445 949 4520 pala·
1003 4448 1074 4503 milri
1082 4449 1143 4520 jam
1157 4465 1231 4503 nunc
1245 4457 1273 4504 et
1283 4448 1409 4520 deinceps
1432 4467 1489 4505 non
1511 4450 1646 4521 denepetis
1669 4454 1740 4523 qnod
1762 4470 1832 4512 meae

108 4526 339 4602 tinccanham
354 4533 586 4607 Agrippinensis,
600 4534 783 4608 Theotgaudi
793 4536 949 4592 Treveren-
1002 4537 1089 4592 saluti
1100 4538 1211 4609 postiae
1225 4553 1383 4592 succurrere
1396 4546 1492 4608 potest.
1510 4538 1618 4593 Toxius
1637 4539 1736 4613 itaque
1752 4541 1832 4601 illius

108 4619 950 4698 616111666οηί6116166666ηεί6,116666616Τ666666616,
966 4626 990 4692 D
1006 4626 1324 4698 scripturahaecvcrba
1335 4625 1450 4681 ethnae
1462 4642 1583 4682 sensum
1595 4629 1831 4704 continebatdqo

110 4699 259 4770 Rationis
268 4711 638 4786 Virdunensie,Hildegarii
648 4713 949 4783 Meldensis,Hilduini
1006 4714 1159 4770 Tlrietbrille
1172 4732 1254 4789 quarn
1267 4716 1382 4783 feminei
1390 4731 1471 4770 sexus
1487 4717 1672 4788 imprudentia
1684 4728 1710 4777 et
1722 4724 1833 4794 trapiti-

108 4793 298 4859 Aviniensis.
1006 4810 1047 4858 tor
1073 4803 1174 4874 fefellit
1196 4805 1327 4870 numana,
1352 4811 1378 4858 61
1403 4807 1569 4862 conlocutio
1596 4807 1690 4864 delicti
1717 4812 1830 4880 mordet,

163 4891 204 4944 15.
218 4889 261 4946 Ad
273 4886 370 4945 locum
380 4889 416 4945 66
427 4888 536 4945 semina
546 4889 624 4946 unde
634 4889 740 4963 agitur,
753 4892 792 4947 ita
808 4891 951 4965 scriptum
1004 4899 1114 4964 propter
1127 4907 1201 4963 rpem
1215 4892 1315 4947 solutis
1329 4895 1433 4950 animae
1455 4909 1533 4959 moae,
1550 4903 1576 4951 et
1586 4905 1697 4969 propter
1710 4898 1832 4968 fidelita-

113 4978 289 5050 Peperimus
304 4994 312 5032 ε
328 4979 413 5034 Porro
427 4978 488 5046 illa,
504 4979 585 5034 nialla
605 4982 749 5037 securitate
772 4982 821 5037 lrac
844 4981 953 5037 celandi
1006 4989 1057 5037 tem
1073 4997 1139 5050 erqo
1153 4983 1288 5037 seniorem
1301 4998 1401 5050 meum,
1418 4999 1511 5039 ianam
1524 4988 1720 5056 confasionem
1740 5003 1832 5044 coram

115 5065 336 5139 “recuperandi
354 5066 438 5137 fulta,
452 5068 543 5138 primo
564 5069 625 5137 reqi
652 5067 777 5124 ordinem
801 5071 953 5140 perpetrati
1006 5073 1060 5125 Deo
1074 5077 1100 5125 61
1113 5071 1216 5126 canetis
1230 5071 1337 5140 anqelia
1352 5072 1673 5144 ejue,uenenerolililuc
1687 5076 1829 5146 episcopia,

119 5158 228 5210 7196166.
245 5162 274 5210 ut
286 5157 363 5226 fama
384 5156 485 5225 fuerat,
499 5158 649 5212 enarravit.
667 5157 770 5212 Deinde
790 5157 953 5230 quibusdam
1005 5160 1062 5214 sire
1077 5159 1214 5215 nobillima
1225 5160 1360 5228 lalcis,rie
1370 5162 1583 5234 profiteamquia
1597 5178 1743 5233 permanea
1755 5180 1832 5220 meus

121 5245 311 5315 epraemiorum
330 5244 415 5298 simul
434 5251 460 5300 61
475 5245 609 5299 laicorum
630 5245 752 5316 idipsum
775 5248 951 5303 enaelearit:
1006 5248 1155 5304 ildebertus
1169 5249 1283 5304 clericus
1299 5265 1341 5305 me
1364 5249 1593 5306 adolescentulam
1612 5253 1743 5323 corrupit.
1757 5261 1782 5308 et
1802 5253 1832 5308 in

124 5336 334 5406 &unoquoque
347 5332 502 5389 chartulam
515 5347 576 5390 666
588 5336 775 5404 consessionis,
791 5352 840 5391 auo
856 5343 953 5405 roqatu
1006 5354 1064 5392 meo
1083 5354 1193 5409 corpore
1215 5344 1312 5394 eorrtra
1335 5340 1491 5394 naturalem
1515 5355 1595 5394 ueram
1621 5341 1832 5409 fornicationem

130 5422 358 5493 6666166616
372 5430 466 5478 nostra
480 5424 604 5478 omnium
613 5431 638 5478 61
653 5424 804 5479 multorum
819 5425 954 5480 laicorum
1006 5427 1136 5492 ererauit,
1162 5434 1187 5481 et
1212 5429 1388 5497 perpetrarit.
1419 5427 1473 5482 lloc
1501 5428 1637 5497 testificor,
1669 5436 1734 5484 teste
1762 5431 1833 5486 milvi

133 5511 284 5581 mmmm,
298 5510 330 5566 iu
344 5526 430 5566 aranu
447 5512 563 5582 plorimi
585 5512 657 5582 repis
680 5513 798 5569 Hlotarii
819 5516 952 5585 porra-rit,
1006 5515 1171 5569 conscicntia
1185 5531 1253 5582 rnen,
1270 5530 1324 5569 non
1340 5515 1435 5585 aliqu-a
1450 5516 1579 5571 malivola
1592 5519 1763 5586 superatione
1769 5535 1831 5588 per·

139 5603 244 5670 meaque
256 5615 352 5658 coram
366 5601 492 5655 omnibus
504 5601 602 5671 palam
613 5601 951 5671 bartatllominernirer,
1007 5619 1099 5671 aunan,
1118 5619 1205 5676 ireque
1224 5604 1335 5660 uiolenti
1359 5605 1515 5662 noceantne
1537 5606 1833 5689 666661666666166
