3878 6096
110 318 167 379 ΤΗ
536 313 702 373 atussa.
726 310 778 369 dl)
801 308 895 368 SAEC.
920 306 957 365 X.
975 339 1014 347 -
1032 306 1163 366 oculta
1187 322 1384 372 maeotide.
1761 303 1824 365 itte

110 449 185 508 ravit
199 446 299 504 tabula
314 449 452 520 argentea
471 445 583 502 elevata
612 442 791 515 imaginibus
818 445 848 495 et
871 437 937 494 aliis
951 438 979 507 Α
994 438 1165 510 predictum
1182 438 1280 495 locum
1296 439 1332 495 ad
1349 436 1491 511 regularis
1507 436 1583 493 beati
1600 434 1752 492 Benedicti
1760 438 1825 492 tra·

110 539 245 615 picturis,
263 553 437 593 consecrans
452 534 526 590 illud
541 534 596 588 sud
609 533 655 588 dia
666 550 682 586 v
694 532 763 586 idus
774 531 896 600 August.
908 526 938 581 in
994 527 1075 584 mitis
1090 527 1475 601 inlormavitoallem,quem
1490 524 1824 601 predictusepiscopus,

111 629 224 686 honore
239 631 346 684 sancta
363 624 460 681 erucis
475 627 504 680 et
519 622 612 678 sancti
629 620 759 677 ltlatthaei
775 615 898 690 apostoli
911 619 941 672 et
994 633 1047 672 nec
1063 633 1120 673 nou
1135 621 1164 673 et
1179 618 1269 673 irater
1283 618 1416 689 ejusdux
1426 616 1568 673 llenricus
1579 613 1670 671 nimio
1680 630 1750 671 cum
1760 613 1825 671 suis

114 716 300 791 evangelista
321 713 458 771 etsancti
474 711 598 768 Romani
624 708 726 765 utilitia
743 712 772 763 et
791 704 938 778 martyris.
995 705 1159 762 dilexerunt
1187 724 1303 775 amore;
1325 707 1387 772 sed,
1417 712 1449 761 ut
1476 704 1667 778 prediximus
1690 702 1825 761 seculari

115 807 181 864 Fuit
195 806 285 879 igitur
299 802 456 877 predictus
477 800 573 856 Guidc
587 797 742 871 episcopus
753 793 940 873 'simplicitati
995 811 1107 868 pompe·
1123 795 1230 869 oppido
1246 795 1386 862 innitens,
1402 794 1485 868 larga
1499 792 1645 851 militidus
1660 791 1729 866 plus
1739 793 1825 865 justo

115 896 255 959 innitens,
271 894 425 948 moderata
441 887 616 962 prudentiae,
630 891 717 958 atque
740 884 770 939 in
796 886 940 954 quantum
995 883 1149 940 exhibebat
1163 884 1309 950 donativa,
1326 884 1357 939 in
1373 887 1488 940 tantum
1504 880 1626 949 seilicet,
1639 881 1744 939 utOdo
1759 880 1826 937 Car·

114 983 207 1041 valuit
217 999 276 1037 uon
287 979 381 1053 magis
392 993 516 1051 praesse
527 992 615 1048 quam
626 975 766 1047 prodesse
777 971 867 1028 voluit
876 969 942 1026 uni·
995 972 1137 1041 nolensis,
1145 978 1173 1028 ot
1183 972 1363 1040 Heribcrtus,
1371 973 1530 1028 'Procerum
1542 970 1665 1027 comites
1673 968 1824 1043 gratiabe·

115 1071 227 1137 versis;
243 1085 311 1125 nam
328 1068 403 1123 inter
417 1069 520 1121 caetera
542 1061 707 1119 honestatis
722 1078 810 1133 opera
831 1059 942 1115 dictata
996 1062 1168 1118 nelioiorum
1179 1062 1244 1133 ejus
1259 1060 1363 1117 ditioni
1375 1065 1521 1134 parerent,
1530 1058 1688 1133 inproprie
1698 1058 1826 1132 deniqne

116 1158 238 1233 propria
251 1173 358 1212 manns
373 1153 466 1210 edidit
481 1150 668 1224 responsoria
688 1167 754 1206 curu
771 1147 942 1220 antiphonis
996 1151 1112 1207 dioecesi
1129 1150 1211 1206 nulla
1225 1150 1419 1222 compellente
1433 1149 1553 1205 terroris
1568 1147 1742 1220 indigentia,
1753 1146 1824 1220 quin

115 1248 247 1305 canenda
260 1245 289 1301 in
307 1243 491 1301 solemnitate
510 1241 604 1297 sancti
615 1239 753 1312 martyris
763 1237 884 1304 loliani,
900 1236 943 1292 in·
996 1239 1094 1311 potins
1109 1239 1233 1296 venandi
1250 1239 1369 1296 lascivia
1379 1240 1438 1295 duo
1448 1237 1603 1294 stabiliens
1619 1242 1716 1294 castra
1730 1236 1826 1293 muni-

115 1341 176 1393 star
190 1339 288 1390 tamen
305 1331 464 1388 harmoniae
479 1329 619 1385 habentia
634 1326 792 1383 melodiam
804 1324 941 1381 Germani
996 1328 1047 1395 vit,
1064 1346 1156 1385 unum
1178 1329 1294 1384 inBiro
1326 1329 1438 1383 Lanato
1466 1327 1544 1399 apud
1568 1325 1684 1383 Ferrodi
1712 1325 1825 1393 sillum.

115 1424 235 1498 gloriosi
251 1423 287 1478 ob
303 1422 358 1479 hoo
373 1419 529 1493 precipue,
545 1417 622 1490 quod
634 1416 727 1472 eidem
737 1414 866 1487 pontilox
878 1430 943 1468 san·
997 1417 1228 1474 alindacivitate
1242 1435 1259 1472 x
1275 1415 1412 1472 milliario
1424 1415 1584 1471 'luciacum
1596 1413 1826 1487 vocabuloque

115 1511 266 1568 alissimus
281 1510 358 1565 sicut
374 1508 403 1563 in
419 1507 510 1580 gestis
525 1505 619 1578 ipsius
635 1503 791 1571 iuveuitur,
813 1501 942 1576 predicti
997 1506 1133 1562 videlicet
1147 1511 1245 1562 castra
1259 1505 1384 1571 dicebat,
1408 1521 1466 1560 non
1482 1503 1582 1559 minus
1610 1501 1741 1558 ecclesiis
1767 1501 1824 1559 sibi

117 1600 254 1673 martyris
270 1596 410 1654 solenniis
427 1593 550 1651 natalitii
560 1594 637 1649 diem
654 1592 799 1648 universis
815 1588 944 1663 inrogat·
997 1595 1172 1661 commissa,
1188 1611 1278 1667 quam
1295 1595 1330 1649 ad
1347 1594 1500 1649 munimen
1515 1592 1606 1648 totius
1621 1591 1689 1665 pugi
1703 1590 1826 1649 vuldein

117 1687 319 1744 tumllonrino
335 1684 390 1741 sibi
408 1682 546 1740 revolanti
568 1681 695 1738 ostendit
711 1679 918 1736 celebrandum
935 1696 941 1734 :
997 1684 1118 1757 longum
1131 1685 1284 1757 protutura
1295 1701 1302 1751 ;
1314 1683 1365 1739 scd
1374 1682 1575 1754 nequidquam
1587 1699 1593 1737 :
1606 1681 1641 1737 ah
1651 1679 1736 1736 initio
1745 1679 1825 1737 enim

116 1775 217 1848 sicque
228 1791 300 1830 omn
314 1777 391 1830 osset
401 1770 606 1844 religiosorum
622 1787 655 1826 ao
670 1770 815 1825 bonorum
831 1772 945 1823 amator
999 1773 1158 1828 seminium
1174 1771 1338 1828 altitudinis
1349 1771 1446 1829 carnis
1459 1771 1594 1827 humane
1607 1769 1825 1842 corruptionem

116 1879 330 1939 pravorumque
345 1877 462 1918 severus
475 1860 657 1931 redargutor,
675 1858 734 1931 ugit
748 1856 878 1930 quandiu
891 1872 940 1911 ex·
996 1861 1130 1929 messuit,
1148 1861 1217 1933 quia
1239 1861 1318 1917 Deus
1342 1859 1401 1916 alta
1415 1877 1434 1916 a
1457 1858 1542 1931 longa
1571 1856 1722 1930 cognoscit
1736 1858 1824 1930 (psat,

118 1953 201 2011 stitit.
217 1952 298 2009 Sedit
312 1955 410 2007 autem
420 1949 451 2005 in
461 1949 630 2022 episcopatu
643 1945 729 2002 anais
742 1945 778 2001 29
793 1949 821 2000 ot
831 1944 942 2001 obiitin
996 1965 1119 2018 ananau,
1134 1950 1174 2021 6.)
1190 1948 1314 2005 Multum
1329 1947 1408 2005 anim
1420 1948 1504 2005 aliter
1514 1964 1603 2020 quam
1617 1947 1826 2021 aestimarepp·

116 2059 187 2115 pace
203 2059 251 2100 vin
268 2041 337 2096 ldus
356 2040 489 2107 tanuen,
505 2042 533 2093 ct
555 2035 689 2110 sepultus
712 2034 801 2091 estin
817 2032 940 2090 eeclesia
995 2035 1825 2111 tuitmortaliumquisquampostmodumoontigitdlcui-

114 2133 144 2188 S.
173 2129 314 2203 Stephani
343 2129 465 2200 majore,
493 2143 582 2199 quatu
612 2125 675 2198 ipso
703 2124 939 2181 reaedificaverat.
995 2145 1053 2201 que
1065 2128 1216 2201 tyrannica
1226 2127 1385 2199 rapacitate
1396 2125 1761 2199 lueruntpostmodnm’ad
1776 2140 1825 2184 ex·

115 2220 240 2293 Fuitque
254 2218 356 2274 civitas
372 2217 436 2273 sine
451 2215 599 2288 episeopo,
630 2229 747 2269 menses
759 2213 777 2268 3
792 2216 821 2269 et
835 2213 899 2269 dics
913 2213 940 2267 8·
995 2217 1168 2274 terminium
1180 2217 1313 2289 ejusdem
1324 2215 1522 2288 pruvincia,et
1532 2214 1827 2273 lactisunthabitutc

306 2307 375 2363 Gar.
392 2304 487 2360 XLVI.
503 2335 538 2344 -
555 2308 593 2359 Dc
608 2301 751 2358 liiclurdo.
996 2324 1042 2363 res
1053 2306 1170 2363 illorum
1180 2302 1827 2378 rebellesepiscopisetpervasoresecclesias·

152 2395 328 2461 Richardus,
354 2393 472 2449 natione
499 2390 774 2456 Autissiodorensis,
801 2406 836 2445 ex
861 2394 942 2462 patre
995 2395 1133 2462 tinorum,
1150 2396 1186 2450 ad
1207 2398 1380 2450 ornamenta
1394 2397 1493 2450 tamen
1509 2393 1648 2461 ccclesias,
1673 2397 1827 2465 quotane

26 2488 30 2499 “
116 2485 240 2549 loanne,
256 2487 285 2538 et
299 2486 393 2537 matre
409 2480 510 2549 Maria,
526 2479 576 2551 qui
591 2478 668 2535 beati
684 2479 820 2535 Germani
837 2496 854 2534 a
870 2495 942 2551 pue·
997 2484 1136 2557 perplura
1151 2488 1244 2550 erant,
1260 2487 1320 2539 tarn
1336 2482 1366 2537 in
1382 2482 1465 2539 libris
1480 2481 1642 2539 multorum
1656 2485 1826 2553 auctarum,

116 2572 185 2629 ritia
193 2570 304 2628 exstitit
316 2570 489 2638 monachus,
501 2574 589 2641 atque
600 2567 796 2641 uteplnribue
808 2569 943 2642 superio·
997 2574 1122 2646 quamin
1130 2572 1253 2645 reliquis
1261 2570 1675 2628 utensilibusminnsmanum
1685 2570 1827 2639 extendit,

118 2661 200 2718 ribus
215 2658 277 2717 lieri
288 2658 420 2732 contigit,
433 2675 468 2714 cx
478 2657 610 2730 ejusdem
620 2656 755 2730 presulis
765 2654 942 2713 monasterio
997 2667 1030 2716 ut
1044 2679 1079 2718 ea
1093 2661 1281 2733 exstirpando
1297 2660 1488 2734 dispergeret,
1504 2664 1533 2715 et
1548 2660 1602 2717 hoo
1622 2674 1655 2716 ex
1671 2664 1755 2732 parte
1770 2657 1828 2716 lutt

104 2753 238 2823 ⁸rogatus
253 2753 313 2806 tam
325 2745 819 2820 acleroquamaplehcoonstitutns
829 2745 943 2818 estepi-
997 2749 1196 2824 approbabile,
1214 2749 1353 2821 qnoniam
1368 2748 1394 2804 ei
1409 2766 1443 2804 ea
1460 2749 1557 2804 studio
1572 2765 1625 2805 suo
1648 2765 1706 2830 non
1731 2747 1826 2815 auxit,

119 2854 245 2912 seopua;
262 2841 324 2893 orat
339 2837 418 2893 enim
433 2836 531 2892 nimia
556 2834 752 2906 simplicitatis
767 2839 795 2891 ct
819 2834 942 2891 minoris
996 2856 1183 2912 nequaquam
1195 2842 1294 2895 wmon
1306 2838 1527 2910 supramodum
1538 2837 1656 2893 minuit.
1669 2834 1829 2895 Badais·

117 2926 283 2995 industrie,
294 2925 439 2981 etidcirco
450 2925 672 2996 predecessoris
684 2923 729 2980 sui
745 2923 829 2980 raldo
847 2923 943 2996 impar
995 2927 1084 2985 stirne
1095 2944 1128 2983 ac
1138 2926 1359 2984 monasteriales
1368 2925 1825 2999 institutionesproedeceseurum

117 3014 307 3072 incrementis
323 3014 378 3070 sibi
402 3012 565 3069 commisse
589 3011 732 3068 Ecclesia.
756 3011 822 3069 Fuit
843 3015 941 3069 autem
998 3033 1120 3074 suornm
1132 3017 1218 3088 juxta
1232 3014 1725 3088 moremantiquum,alaorianimo
1739 3012 1826 3073 acle·

115 3103 298 3176 temporibus
314 3119 416 3176 regum
435 3101 564 3158 Lclhcuii
580 3101 721 3168 iunioris,
747 3118 781 3156 cc
805 3100 941 3156 Ludcvici
995 3106 1065 3162 ricis
1078 3106 1185 3162 servari
1196 3105 1353 3161 consensit.
1368 3105 1432 3159 Fuit
1441 3104 1521 3160 enim
1529 3103 1712 3177 temporibus
1720 3118 1825 3176 regum

115 3191 169 3247 tilii
181 3190 395 3263 ejusquissnem
404 3190 545 3262 regnandi
556 3207 610 3245 suo
616 3189 716 3262 generi
727 3189 941 3261 imposuerunt.
957 3178 979 3246 (l
998 3195 1129 3267 Hugonis
1142 3194 1244 3250 fratris
1255 3194 1302 3249 eni
1319 3209 1352 3249 ao
1363 3192 1414 3248 filii
1424 3193 1488 3264 ejus
1497 3191 1632 3261 ltoberti;
1650 3191 1828 3264 pontificum

114 3279 196 3336 Sedit
210 3295 327 3353 quoquo
355 3278 385 3333 in
412 3278 579 3350 episcopatu
610 3294 705 3333 annos
717 3277 744 3346 tl,
765 3294 895 3334 mensem
912 3277 939 3345 l,
995 3299 1112 3355 quoque
1124 3283 1322 3338 Romanorum
1334 3280 1449 3350 bienni,
1462 3283 1653 3355 cognomento
1665 3279 1828 3345 Periisse

114 3368 177 3424 dies
185 3372 213 3436 2,
230 3372 258 3423 et
271 3366 344 3422 obiit
357 3383 415 3422 svn
431 3365 551 3422 Kalend.
567 3365 670 3434 lunii,
693 3365 886 3438 sepultusque
896 3371 942 3423 est
994 3371 1034 3445 gii
1046 3375 1135 3443 atque
1151 3370 1308 3436 Bramme,
1325 3374 1519 3442 cognomento
1531 3367 1672 3425 Bouilaeii
1685 3368 1829 3441 ;impera·

114 3456 145 3513 in
173 3454 299 3513 ecclesia
320 3454 399 3511 beuti
428 3454 576 3521 Germani,
607 3453 720 3525 luitque
748 3452 849 3511 ciuitas
878 3455 942 3511 siue
995 3455 1827 3530 torumantemOttonissecundiettertiiarchipreesulum

115 3544 427 3618 episcop0‚1ueuecs7
440 3548 468 3599 et
483 3543 600 3599 dies2l·
995 3550 1156 3618 Senonum,
1170 3564 1238 3604 vero
1261 3547 1407 3604 Anastaeii
1436 3547 1490 3603 viri
1516 3545 1632 3619 optimi,
1651 3550 1680 3602 et
1703 3544 1827 3603 sewini.

294 3633 361 3690 Car.
378 3633 487 3689 xuvn.
510 3664 544 3674 -
558 3633 596 3689 lle
615 3633 763 3688 ttaritern.
996 3638 1076 3694 Sedit
1090 3642 1188 3693 sutem
1204 3637 1233 3692 in
1264 3636 1434 3709 episcopatu
1451 3652 1545 3692 annos
1573 3636 1619 3703 25,
1633 3637 1783 3693 menseel
1797 3636 1826 3695 et

152 3722 333 3788 Beribertus,
351 3721 540 3794 Franoigenu,
557 3720 635 3776 filius
652 3720 784 3793 Hugonis
794 3722 888 3789 ducis,
901 3737 942 3777 ee·
997 3727 1060 3783 dies
1077 3727 1117 3782 16.
1129 3726 1265 3798 Obiitque
1276 3726 1353 3798 apud
1366 3729 1496 3781 castrum
1512 3724 1677 3791 tociacum,
1688 3724 1783 3796 quod,
1793 3726 1827 3779 ut

118 3815 277 3887 gnomonto
289 3811 398 3885 Magni,
410 3828 445 3867 ex
455 3811 630 3878 concubina,
638 3811 804 3884 Baingarda
813 3812 942 3878 nomine,
998 3815 1136 3888 superins
1147 3814 1286 3881 diximus,
1295 3813 1358 3886 ipse
1368 3811 1825 3886 construxerat,allalseptemb.

117 3900 302 3958 nobilitatem
317 3904 481 3973 paternam,
491 3904 623 3955 materna
633 3899 803 3971 disparitate
813 3899 943 3972 obliqua·
998 3903 1179 3976 quodetiam
1201 3901 1285 3959 valde
1307 3901 1458 3975 displicuit
1479 3901 1645 3975 quibusque
1668 3900 1825 3975 religiosis,

116 3990 158 4045 vit
169 4005 220 4060 3ex
229 3992 313 4062 patre
322 3989 401 4044 enim
414 3988 583 4066 supradicto
593 3988 714 4060 Hugone
723 3989 944 4062 iraterllugonis
998 3994 1076 4065 qnod
1092 3993 1162 4047 dnm
1173 3991 1260 4064 coepit
1271 3990 1425 4058 infirmari,
1437 4007 1496 4047 nou
1507 4007 1538 4048 se
1551 3989 1688 4063 protinus
1703 3989 1825 4063 propria

117 4079 307 4151 postmodum
326 4077 404 4149 regis
420 4077 593 4133 acdeorum
623 4078 732 4132 ducum
758 4079 943 4150 Burgundio,
999 4082 1181 4138 sedidelerri
1203 4081 1363 4137 mandavit.
1380 4080 1638 4154 Sepultusqueest
1657 4078 1826 4137 incoelesia

116 4167 231 4224 Ottonis
243 4202 250 4217 ·
260 4166 371 4223 scilicet
386 4169 474 4237 atquo
496 4165 622 4233 ilenrioi,
647 4166 744 4221 odilus
759 4166 878 4234 exstitit,
894 4167 945 4240 qui
999 4174 1106 4227 sanctae
1122 4170 1219 4226 Maria
1236 4169 1314 4225 intra
1328 4187 1429 4226 muros
1444 4168 1581 4226 civitatis.
1593 4169 1661 4225 Fuit
1675 4172 1776 4225 autem
1788 4165 1826 4225 ci·

117 4260 227 4330 quanto
244 4271 369 4329 persona
381 4271 491 4310 cornero
507 4253 594 4309 molis
603 4253 772 4326 elegantior,
788 4259 944 4328 tantopro·
997 4260 1074 4316 ritas
1088 4259 1153 4315 sine
1167 4259 1305 4331 episcopo
1323 4275 1439 4315 aienses
1452 4262 1470 4313 7
1485 4261 1513 4314 ot
1528 4256 1590 4313 dies
1601 4257 1645 4313 l5.

118 4341 538 4401 niorsceonlaribusdesideriis
549 4341 789 4413 acroloptatihus
798 4345 943 4416 apparuit,
1187 4352 1252 4403 Cia.
1271 4346 1393 4403 xtvut.
1411 4378 1445 4389 -
1459 4352 1499 4403 De
1512 4351 1631 4405 lucane.

116 4433 272 4507 Religiosis
285 4437 382 4489 tamen
391 4432 559 4504 quibusque
572 4430 945 4504 clericis,etpraoipuemo·
1034 4435 1583 4503 loannes,arationeAutissiodorensis,
1592 4437 1675 4507 patra
1688 4432 1824 4501 tnsaldo,

116 4522 219 4578 nachis
235 4520 425 4578 reverentiam
453 4519 561 4576 snnnni
588 4520 776 4592 impendebat
800 4520 919 4578 honoris
936 4538 943 4577 ι
958 4546 983 4612 D
999 4530 1092 4583 matre
1103 4525 1281 4599 ltaingnrda,
1297 4526 1470 4598 parantiBus
1485 4525 1603 4598 quidem
1627 4522 1827 4581 mediocribus

116 4608 206 4681 hujus
220 4627 289 4681 ergo
305 4610 493 4682 pontificatus
508 4612 640 4681 tempore
655 4609 714 4663 dux
729 4608 944 4682 Henricnstus
998 4617 1106 4680 editus,
1123 4615 1173 4671 scd
1190 4614 1352 4670 seeundum
1368 4613 1478 4686 proprii
1502 4611 1633 4669 nonrinis
1647 4610 1696 4668 sui
1711 4610 1827 4685 insigne

116 4698 214 4766 lrater,
231 4704 337 4754 uteret
348 4699 439 4754 totius
451 4697 649 4772 religiositatis
661 4702 783 4767 amator,
795 4703 944 4756 monaste·
998 4702 1184 4777 presagium,
1202 4702 1299 4758 divina
1314 4702 1371 4758 sibi
1386 4703 1481 4776 gratia
1490 4700 1642 4773 largiente,
1653 4700 1766 4757 mentis
1774 4716 1827 4759 nc·

114 4785 191 4842 rinm
203 4787 425 4843 beatiGcrmani
440 4787 551 4842 domini
560 4786 665 4843 Maiolo
677 4787 824 4844 commisit
834 4789 942 4855 abbati,
998 4792 1121 4860 bilitate,
1131 4809 1194 4864 que
1205 4792 1303 4848 earnis
1311 4788 1827 4864 pretiosiorest,exoellcnterviguit,

114 4876 239 4951 qualiter
255 4874 390 4931 videlicet
404 4875 547 4949 regularis
563 4894 671 4933 norma
696 4877 845 4933 tramitem
870 4878 943 4934 inibi
997 4881 1159 4937 litterarum
1176 4879 1283 4937 studiis
1297 4898 1314 4936 a
1327 4882 1469 4953 primevae
1484 4876 1688 4936 retatisindule
1703 4892 1827 4951 operm

117 4965 321 5031 constitueret,
339 4963 425 5020 sicuti
440 4981 492 5037 por
507 4963 601 5020 multa
628 4963 703 5033 loca,
719 4971 778 5021 tam
809 4966 839 5021 in
859 4966 944 5023 ltalia
997 4971 1082 5036 dans,
1099 4970 1207 5041 quibus
1222 4968 1457 5026 luculentissime
1480 4967 1635 5025 institutus
1657 4967 1778 5034 claruit,
1792 4982 1827 5027 sc

113 5071 203 5127 quam
218 5055 248 5110 in
263 5053 358 5109 Gallia
368 5053 595 5126 dignoscebatur
604 5053 707 5109 t'eeisse
719 5054 940 5111 monachorum.
997 5060 1186 5132 postmodum
1211 5058 1288 5114 inter
1302 5058 1493 5116 scholasticos
1506 5056 1587 5115 illius
1610 5055 1746 5113 Gerberti
1760 5054 1827 5123 uiti,

113 5144 214 5217 Longo
228 5142 307 5199 enirn
319 5144 383 5214 jam
395 5147 543 5197 transacto
559 5146 700 5214 temporo,
725 5141 808 5199 locus
832 5144 941 5201 ibidem
996 5152 1147 5219 utcunque
1156 5146 1409 5218 doctissimi,tunc
1419 5149 1580 5205 Remorum
1593 5143 1828 5218 archipresulis,

111 5233 224 5307 absque
233 5232 337 5289 abbate
347 5249 365 5286 a
378 5231 542 5304 praepositis
552 5232 717 5303 regebatur,
729 5232 779 5304 qui
791 5239 942 5305 gratanter
996 5237 1102 5294 dehinc
1118 5237 1270 5304 itatenus,
1285 5238 1321 5294 ad
1333 5237 1469 5295 ultimum
1482 5238 1618 5294 Romane
1629 5233 1710 5291 sedis
1723 5232 1829 5293 esthe-

110 5317 176 5377 illm
191 5319 357 5394 suscipiens
373 5318 500 5394 regulari
514 5317 697 5374 districtione
721 5337 844 5392 quaque
859 5340 940 5395 rope·
995 5327 1079 5382 dram
1094 5325 1244 5398 indeptus,
1258 5324 1565 5399 petalumpontihcale
1579 5320 1829 5381 mersitonam

109 5412 189 5464 rarat
201 5409 295 5478 deria,
311 5410 348 5465 ad
363 5424 492 5482 unguem
508 5407 641 5463 correxit.
659 5407 849 5465 Postmodum
869 5428 936 5469 veru
994 5415 1122 5473 scientiae
1139 5414 1246 5471 artium
1257 5414 1424 5471 liberalium
1435 5400 1831 5486 loannesperoruoddruho-

109 5490 156 5549 sir
168 5497 289 5551 sanctus
304 5512 338 5552 ac
350 5493 525 5553 venerabilis
541 5493 665 5550 lllaiolus
679 5496 809 5567 prefecit
824 5497 933 5557 ibidem
994 5505 1088 5571 ravit,
1109 5503 1216 5561 dehinc
1243 5503 1469 5561 efficacissimus
1483 5516 1641 5576 puerorum
1655 5499 1831 5559 didascalus

110 5579 605 5658 thitmhouorcbiltm,llcldtltum
618 5585 864 5661 abbatemquiat
875 5588 938 5666 ipse
992 5593 1141 5671 prioritas,
1153 5598 1221 5668 post
1238 5594 1299 5654 hec
1316 5594 1492 5671 pedagogus
1503 5588 1738 5661 claruerclclslt,
1749 5588 1830 5651 stad
