3878 6098
121 282 190 353 sot·

715 291 847 354 senne
870 293 920 353 en
943 293 974 353 s
999 278 1241 355 unonenmo.

1768 272 1841 361 g,

121 423 179 479 mis
196 422 280 490 faeie,
294 422 344 479 ait.
360 414 440 490 Pe'to,
456 422 545 480 frater
559 423 743 491 charissime,
759 429 792 480 ut
811 425 952 481 concedas
966 427 993 494 Α
1008 425 1066 490 bat,
1084 426 1232 499 castigans
1244 425 1328 497 justa
1344 425 1526 499 Apostolum,
1544 427 1685 500 scipsum,
1698 434 1726 485 et
1741 429 1829 486 servi-

120 513 197 569 mibi
211 512 303 584 hujus
317 512 408 569 vitam
424 502 474 568 tua
489 513 678 587 benignitate,
695 518 728 570 ut
743 531 801 570 neu
817 514 950 569 differem

119 619 185 676 qua
215 602 346 674 jusseris
371 619 424 674 pro
437 603 502 674 ejus
512 602 572 658 vita
582 603 661 659 dare.
674 602 724 658 llle
735 620 801 659 vere
812 603 950 659 conviciis

119 708 188 748 eum
202 691 342 758 adorsus,
359 696 388 748 et
398 696 564 747 commotus
575 691 782 747 amaritudinis
797 691 875 748 telle:
888 691 950 748 h'isi

120 782 210 838 istum
226 781 285 837 oite
300 797 318 837 a
331 785 360 836 te
375 780 527 852 repuleris,
544 798 596 853 pro
612 797 644 836 eo
660 780 794 836 morieris
811 782 874 847 .Qui
891 785 951 836 sta-

118 860 457 943 timejecitasepucrum
466 869 617 925 madidum
629 869 776 943 lacrymis,
789 888 845 925 nen
855 871 949 926 ferens

119 952 339 1016 animositatem
352 958 461 1014 fratris.
479 958 534 1014 Sed
548 957 608 1024 ille,
621 962 654 1013 ut
668 959 826 1014 immanior
842 959 949 1014 imma-

121 1048 258 1116 nissime,
273 1065 331 1104 non
348 1064 454 1121 gerens
470 1048 670 1120 peonitentiam
684 1049 747 1119 jam
765 1065 781 1103 a
797 1066 827 1103 se
843 1047 949 1120 patrati

120 1139 249 1206 sceleris,
266 1138 344 1194 hune
359 1153 475 1210 quoque
488 1137 565 1193 siout
580 1137 707 1211 priorem
729 1138 788 1193 vita
813 1136 947 1210 privavit,

120 1228 277 1283 immemor
291 1226 381 1282 futuri
392 1225 498 1299 judicii
513 1231 542 1282 et
556 1227 655 1282 aterni
666 1226 755 1301 ignis.
769 1226 887 1282 'fortius
898 1244 948 1282 au·

119 1321 175 1373 em
186 1318 224 1373 ad
240 1316 338 1372 simile
354 1316 476 1372 esitium
491 1313 677 1388 querebatur
688 1315 876 1384 Cledealdus,
895 1315 946 1372 sed

119 1406 279 1480 nonpetuit
289 1404 420 1478 reperiri,
432 1405 944 1477 nutuDeiemnipetentisprotectus,

1006 514 1061 569 tuti
1077 514 1236 586 subjiciens
1253 515 1275 585 (Ι
1295 518 1356 573 Gor.
1373 534 1409 583 rx,
1425 517 1472 584 27)
1483 516 1512 570 in
1529 518 1605 573 faune
1620 523 1647 573 ct
1658 516 1717 583 siti,
1732 519 1761 572 in
1773 518 1825 573 fri-

1005 620 1073 675 gere
1090 608 1117 659 et
1134 604 1275 659 nuditate.
1292 604 1458 677 Omnesque
1469 610 1651 661 terrenorum
1666 622 1763 661 rerum
1779 603 1829 661 dc·

1006 692 1174 749 lectatioues
1191 710 1340 765 acerpore
1355 699 1383 749 et
1399 694 1498 750 animo
1509 696 1602 767 gratia
1618 694 1668 750 Dei
1684 711 1714 750 se
1725 710 1831 766 praeve·

1005 780 1103 836 niente
1119 786 1147 837 et
1171 782 1369 855 subsequente
1393 801 1538 852 resecans,
1564 785 1725 857 satagebat,
1745 785 1831 856 juxta

1005 871 1141 925 cumdem
1156 870 1337 943 Apostolum,
1354 873 1433 929 dives
1449 874 1509 927 fieri
1523 873 1552 927 in
1576 873 1713 944 operibus
1732 874 1828 942 bonis,

1004 976 1037 1014 ac
1053 959 1250 1016 thesaurisare
1264 960 1319 1016 sibi
1336 962 1560 1018 fundamentum
1577 963 1687 1018 benum
1704 962 1732 1017 in
1750 963 1827 1018 futu·

1004 1065 1080 1116 rum,
1098 1055 1127 1104 et
1142 1050 1235 1104 vivere
1247 1049 1275 1104 iu
1292 1050 1345 1105 hoc
1361 1050 1466 1106 sceonlo
1478 1052 1558 1123 juste
1569 1056 1597 1107 ct
1608 1051 1664 1123 pie,
1681 1056 1827 1124 utappre-

1004 1136 1252 1194 benderetvernm
1270 1139 1357 1195 fidem
1374 1141 1395 1212 (l
1418 1142 1484 1195 Tim.
1511 1158 1548 1208 vr,
1580 1140 1635 1212 ts).
1661 1142 1728 1206 Qum
1751 1144 1827 1196 retro

1003 1230 1073 1282 sunt
1089 1226 1197 1283 oblitus
1213 1229 1342 1300 quidem,
1359 1228 1389 1284 in
1405 1246 1516 1285 cavere
1531 1233 1673 1301 queunte
1690 1233 1761 1285 sunt
1778 1246 1827 1284 cx·

1002 1319 1101 1371 tentus
1111 1317 1288 1373 currebatad
1296 1317 1424 1390 palmam
1432 1317 1826 1391 supernmremunerationis,

1001 1405 1122 1477 cupiens
1138 1406 1383 1478 comprehendere
1396 1407 1555 1474 Christum,
1571 1424 1588 1463 a
1603 1424 1661 1480 que
1676 1409 1740 1481 jam
1763 1409 1827 1480 ejus

118 1495 268 1564 etauxssio
280 1495 412 1551 virorum
428 1493 547 1550 fortium
564 1494 599 1549 de
616 1493 754 1550 manibus
781 1492 944 1550 crudelium
1002 1495 1202 1550 misericordia
1216 1501 1278 1551 erat
1292 1496 1532 1568 comprehensus.
1550 1497 1605 1552 Sed
1627 1500 1655 1551 et
1677 1495 1826 1552 variarum

119 1584 270 1641 liberatus.
285 1586 417 1652 Quorum
432 1584 520 1639 etiam
536 1600 589 1656 epe
605 1584 736 1655 ailjutus
750 1583 842 1639 hares
854 1583 945 1656 patris
1000 1588 1190 1640 centemnens
1206 1584 1324 1641 delicias
1339 1602 1483 1651 escarum,
1500 1586 1529 1639 iu
1547 1602 1639 1658 agene
1664 1584 1720 1641 iste
1745 1585 1826 1641 thea-

118 1673 409 1730 solusestiustitutus
418 1676 558 1745 apatruo,
567 1671 718 1728 exstinctis
727 1672 945 1728 duobustratri-
999 1672 1065 1727 treli
1080 1673 1192 1729 vitieris
1204 1678 1231 1729 et
1239 1673 1394 1746 grossioris
1407 1675 1463 1730 cibi
1475 1691 1525 1730 esu
1539 1675 1764 1730 sustentabatur
1774 1691 1825 1747 po·

118 1765 180 1829 bus,
191 1764 245 1837 qui
257 1763 336 1819 male
344 1761 524 1818 blandientis
537 1760 635 1816 saeculi
648 1761 763 1817 inanem
776 1761 943 1817 felicitatem
1000 1760 1058 1817 tius
1074 1779 1162 1834 quam
1179 1763 1371 1819 reficiebatur.

119 1855 194 1909 velut
205 1850 531 1924 immanenaufragium
542 1849 897 1923 magisvitarestuduit,et
906 1851 942 1906 ad
1033 1853 1059 1905 8.
1073 1852 1107 1906 hl
1119 1856 1151 1906 ut
1161 1852 1271 1923 peritus
1282 1856 1309 1907 et
1319 1853 1824 1925 dactusuegetiatormercimonium

116 1942 211 1998 ammi
224 1939 726 2014 Regismiserieordiampertingere
737 1939 943 1994 misericordia
999 1957 1086 1995 suum
1096 1940 1218 1996 studens
1229 1940 1379 2013 ampliare,
1389 1942 1618 2014 parvipendebat
1627 1941 1712 1996 vilem
1728 1946 1756 1997 et
1771 1943 1825 1998 ab·

116 2030 255 2104 operibus
264 2029 439 2097 insistendo,
447 2045 535 2102 quam
546 2029 601 2084 snb
611 2028 689 2100 regio
700 2027 944 2083 nomineterrene
994 2030 1103 2100 jectam
1120 2030 1259 2084 remdare
1275 2033 1303 2084 et
1314 2030 1471 2102 pretiosam
1483 2048 1589 2086 emere.
1604 2031 1658 2096 Qui
1673 2029 1822 2102 reperiens

116 2118 322 2194 prosperitatis
331 2117 446 2175 deviare
456 2118 576 2190 epatris
587 2118 686 2173 oeterni
700 2117 802 2173 Patris.
816 2117 944 2189 Repente
999 2118 1106 2174 bonam
1123 2118 1311 2192 margaritam
1324 2123 1352 2175 el
1366 2119 1538 2175 thesaurum
1562 2118 1768 2174 absconditum
1793 2119 1822 2172 iu

116 2209 215 2284 itaque
231 2207 362 2282 regalem
373 2223 512 2280 pompam
523 2206 657 2279 despicit,
666 2207 785 2261 sordent
793 2205 834 2260 illi
845 2204 943 2277 fulgu·
998 2223 1067 2279 agro
1083 2207 1247 2262 divinarum
1263 2207 1481 2279 seripturarum
1493 2207 1574 2263 dedit
1584 2208 1684 2263 omnia
1695 2225 1758 2280 quaa
1770 2207 1823 2263 ha-

116 2297 213 2356 tantia
222 2297 289 2355 auri
296 2296 468 2370 argentique
477 2293 944 2367 metalla,contemuiturpulcbri-
998 2297 1064 2352 bere
1073 2300 1194 2368 peterat,
1204 2296 1277 2352 :ihil
1288 2296 1343 2352 sibi
1355 2313 1505 2352 reservans
1521 2300 1549 2352 et
1560 2296 1749 2369 comparavit.
1762 2297 1821 2352 Pras

116 2388 188 2445 tudo
203 2403 403 2461 gemmarum,
432 2389 527 2441 vestes
541 2402 613 2440 auro
627 2387 710 2440 texte
726 2389 753 2439 et
777 2383 942 2440 holoserica
997 2384 1823 2459 amoredulcedinisetclaritatisillinsrcpenteviluerunt

114 2480 308 2552 respuuntur.
322 2477 494 2531 luteroaeer
505 2475 569 2546 ejus
579 2473 790 2530 instituebatur
799 2477 827 2529 et
839 2474 943 2528 forma·
997 2489 1060 2546 quae
1076 2474 1157 2546 prius
1168 2473 1627 2547 dulciaotjecundavidebautur,
1638 2480 1667 2532 et
1677 2475 1822 2531 estimato

112 2570 202 2625 batur
216 2564 327 2623 divinis
340 2563 590 2630 institutionibus,
601 2563 813 2618 utvileseerent
824 2561 866 2618 illi
882 2579 942 2619 om·
997 2568 1066 2619 sunt
1081 2567 1113 2618 ut
1136 2568 1273 2620 stercora.
1291 2564 1495 2620 contemnitur
1510 2565 1640 2620 muudus
1662 2563 1777 2621 fallacia
1792 2568 1821 2620 et

111 2657 161 2715 nia
175 2670 362 2730 quaeeunque
376 2653 511 2709 videntur
525 2652 707 2724 temporalia,
722 2657 750 2707 ot
760 2669 942 2725 quacunque
996 2652 1165 2725 deceptione
1174 2652 1289 2726 plenus,
1303 2654 1507 2710 desiderantur
1524 2653 1634 2719 habita,
1645 2658 1820 2727 congregata

110 2743 249 2804 nonnulli
265 2742 400 2800 hemines
415 2759 467 2815 pro
483 2741 593 2815 ingenti
610 2742 751 2813 deputant
768 2740 858 2810 lucro,
877 2742 940 2813 jam
995 2742 1819 2817 spargunturinnecessitatibusindigentium,utjustitia

108 2837 291 2893 sorduerant
299 2832 362 2889 viro
377 2837 489 2900 sancto,
505 2836 534 2886 et
554 2830 681 2887 maxime
697 2831 876 2903 deputantur
890 2833 940 2887 de·
995 2833 1059 2903 ejus
1074 2837 1204 2887 maneret
1214 2832 1241 2886 in
1252 2831 1502 2898 saeculumcornu
1519 2834 1583 2904 ojus
1599 2831 1817 2888 exaltareturin

108 2925 267 2982 ramento.
789 2912 795 2929 ²
994 2922 1096 2996 gloria.
1109 2920 1259 2977 Deindeex
1269 2920 1505 2995 integrocertans
1519 2921 1678 2994 exspoliare
1688 2926 1816 2977 veterem

144 3017 308 3072 Sacrorum
337 3011 505 3084 frequenter
525 3010 677 3067 fruebatur
700 3009 824 3066 lectione
850 3009 940 3066 libre·
993 3008 1142 3066 bominem
1159 3027 1225 3065 oum
1241 3010 1356 3066 actibus
1368 3011 1430 3067 suis
1445 3011 1602 3067 etinduere
1617 3027 1736 3078 novum,
1749 3027 1816 3067 eum

107 3121 193 3170 rum,
206 3118 335 3178 quorum
350 3117 455 3157 seusus
475 3099 613 3173 mysticos
638 3099 727 3156 animi
753 3100 887 3155 acumine
912 3103 940 3154 et
993 3099 1043 3170 qui
1054 3099 1340 3155 renovaturinterius
1352 3102 1514 3156 secundum
1525 3098 1816 3175 imaginemejusqui

108 3193 266 3252 alacritate
281 3192 399 3247 intuens
414 3193 500 3261 atque
515 3188 665 3245 intellectu
685 3184 939 3261 discernenspas'·
955 3174 976 3240 C
996 3188 1104 3245 creavit
1119 3206 1196 3258 eum,
1213 3188 1285 3244 abiit
1297 3190 1333 3245 ad
1349 3191 1467 3246 beatum
1479 3189 1648 3246 Severinum
1665 3190 1714 3263 (1),
1724 3190 1773 3262 qui
1786 3189 1816 3247 in

109 3285 237 3341 uebatur
248 3279 324 3336 sacri
337 3278 418 3336 verbi
432 3277 530 3335 edulio
539 3282 568 3335 et
577 3276 725 3333 lambebat
735 3277 832 3333 dulcia
842 3277 938 3333 mella.
994 3277 1067 3335 cella
1081 3277 1214 3334 reclusus
1223 3278 1462 3351 contemplationi
1478 3279 1580 3334 divine
1592 3297 1644 3353 pro
1663 3279 1774 3335 viribus
1785 3296 1817 3335 se

109 3373 207 3438 Quam
232 3366 343 3437 dulcia,
364 3366 472 3441 iuquit,
491 3367 625 3423 faucibus
648 3367 720 3423 meis
742 3367 858 3440 eloquia
877 3372 939 3435 tua,
993 3383 1058 3422 vere
1073 3365 1266 3439 plurimorum
1282 3366 1504 3433 vociferabatur,
1518 3382 1641 3438 poscens
1658 3366 1694 3421 ab
1711 3381 1743 3420 ee
1760 3365 1816 3421 sibi

112 3457 274 3536 superinel
284 3463 313 3515 et
323 3458 435 3514 favum!
447 3458 532 3529 (Paul.
543 3473 638 3526 cavan,
654 3458 694 3525 3.)
704 3456 733 3512 iu
744 3456 841 3513 divina
854 3455 940 3512 laude
994 3454 1129 3511 habitum
1146 3472 1234 3511 sacrae
1249 3454 1399 3528 religionis
1415 3455 1537 3528 imponi,
1554 3455 1583 3509 in
1598 3453 1679 3508 vultu
1690 3470 1817 3526 queque,

111 3552 214 3609 eboris
234 3547 424 3623 psallentium
446 3547 540 3620 magis
553 3546 668 3603 volebat
682 3547 833 3615 interesse,
850 3561 939 3619 quam
994 3561 1084 3600 manu
1095 3546 1159 3616 ejus
1174 3544 1324 3600 immutari
1340 3562 1391 3616 per
1404 3544 1569 3600 tensionem
1584 3542 1755 3615 capillorum
1767 3542 1816 3616 (2).

112 3641 288 3697 illecebrosa
302 3638 390 3694 verba
400 3637 530 3692 virorum
546 3635 646 3691 illicite
662 3635 762 3691 audita
781 3634 937 3708 percipere,
993 3634 1224 3704 Cujusdcvotam
1238 3633 1552 3706 petitionempraefotus
1561 3632 1762 3687 desideranter
1770 3647 1818 3686 eu-

114 3728 331 3786 Patrimonium
344 3742 471 3799 namque
480 3742 567 3781 suum
579 3726 657 3798 quod
666 3723 707 3779 illi
715 3725 782 3795 jure
791 3724 941 3780 haeredita·
994 3722 1067 3777 ravit
1082 3721 1213 3794 implere,
1223 3723 1341 3777 intuens
1352 3739 1418 3777 eum
1436 3722 1532 3776 divino
1543 3737 1641 3776 amore
1655 3720 1816 3792 plurimum

115 3814 605 3888 rioobveneratapatreditissime,
621 3812 940 3870 laudabililiberalitatc
994 3811 1111 3866 fervere.
1129 3811 1252 3882 Sumpte
1269 3810 1368 3883 itaque
1382 3810 1545 3866 sanctitatis
1561 3809 1679 3883 cingulo
1693 3813 1722 3865 et
1733 3824 1816 3866 sacro

115 3907 317 3981 indigentibus
326 3903 700 3975 curabatdistribuore,nou
708 3902 940 3958 surdusauditor
994 3900 1105 3955 militia
1120 3899 1302 3968 indumento,
1326 3899 1403 3956 i‘olut
1425 3903 1626 3973 propugnator
1640 3899 1722 3955 fertis
1738 3899 1817 3954 iutra

116 3992 938 4070 nequesegnisexsecutorDeminieorumpraeceptorum.
994 3989 1195 4045 castrareterni
1215 3989 1311 4062 Regis,
1322 4007 1378 4044 non
1388 3990 1515 4062 trepidat
1525 3989 1760 4062 divinapotentia
1769 3988 1818 4044 ad-

117 4080 939 4158 UbicumquidamdivesquaesissctconsiliumaDemino
990 4079 1099 4151 jutrice
1112 4095 1179 4134 cum
1196 4077 1301 4134 callido
1317 4078 1400 4135 hoste
1416 4079 1565 4153 singulare
1575 4085 1722 4135 certamen
1732 4078 1815 4135 inire.

118 4178 228 4229 aterne
241 4173 308 4228 vite
320 4169 524 4244 percipiendae,
538 4172 566 4225 et
581 4166 628 4224 ille
644 4167 845 4241 proposuisset
860 4183 940 4222 man·
994 4168 1083 4238 Cujus
1098 4167 1209 4223 validas
1220 4168 1295 4223 vires
1305 4167 1370 4224 ideo
1383 4167 1496 4224 fortiter
1506 4169 1602 4243 fregit,
1619 4169 1689 4241 quia
1702 4184 1736 4224 ex
1758 4172 1817 4224 teto

119 4263 184 4318 data
196 4260 302 4318 veteris
318 4258 462 4316 servanda
475 4256 560 4332 legis,
577 4261 664 4329 atque
681 4255 727 4312 ille
742 4255 940 4329 respondisset
994 4255 1165 4330 oporibuset
1171 4256 1356 4329 pomplscjus
1367 4258 1552 4324 renuntiavit,
1561 4256 1818 4330 eligenssqualere

120 4350 216 4407 omnia
223 4349 274 4406 illa
287 4366 318 4406 se
330 4345 504 4415 custodisse,
517 4346 603 4402 dixit:
615 4346 646 4402 Si
671 4347 710 4401 oo
723 4346 859 4417 perfectus
872 4361 938 4411 ciac,
974 4333 979 4346 ’
994 4350 1022 4402 et
1031 4346 1185 4418 incdiapro
1194 4345 1389 4418 adipiscendis
1400 4364 1532 4419 superna
1545 4343 1691 4402 felicitatis
1702 4345 1818 4418 gaudiis

120 4441 194 4507 rode,
217 4438 302 4496 aaa&
325 4440 420 4495 ennio
442 4452 505 4509 quoe
526 4437 608 4492 hebes
638 4444 664 4490 et
688 4435 723 4490 da
743 4435 941 4507 popellum!
995 4440 1143 4492 memento
1158 4435 1298 4507 temperis
1315 4435 1416 4508 affligi,
1433 4451 1521 4508 quam
1536 4451 1588 4507 pre
1604 4432 1818 4489 momentaneis

123 4530 230 4586 hebebis
244 4528 444 4585 theaooromio
454 4526 528 4594 celo,
545 4534 570 4581 et
581 4527 768 4596 contemnere
782 4540 824 4579 ine
837 4523 939 4596 (hauh,
956 4546 980 4612 D
994 4524 1233 4596 illecebrosisque
1247 4523 1489 4580 delectationibus
1501 4523 1650 4595 perpetuis
1661 4527 1819 4579 tormente-

123 4619 239 4690 ΜΗ).
256 4617 313 4674 Sed
324 4632 383 4672 uon
393 4615 449 4671 iste
463 4615 539 4670 sicut
550 4613 599 4670 ille
610 4613 702 4669 tristis
713 4611 841 4669 recessit.
859 4612 941 4667 Nune
997 4631 1062 4669 rum
1078 4613 1221 4669 incendiis
1238 4611 1425 4668 concremari.

122 4723 183 4765 vere
196 4706 257 4763 illic
268 4705 413 4779 scriptum
424 4704 493 4776 quia
503 4704 621 4760 hilarem
630 4703 750 4759 dotorem
761 4702 855 4772 diligit
867 4704 940 4758 Deos
1030 4705 1057 4759 9.
1067 4703 1159 4776 Igitur
1164 4706 1321 4775 postquam
1330 4699 1667 4773 thesaurorumcopiam,
1679 4701 1819 4758 invisibili

123 4796 154 4864 (ll
168 4796 231 4853 Cor.
248 4813 288 4865 ur,
302 4797 342 4864 7).
361 4794 516 4867 Propterea
538 4791 745 4865 corpusculum
761 4792 839 4863 quod
863 4791 941 4864 regio
997 4793 1266 4864 modopraeceptum
1281 4793 1400 4846 secutus
1412 4788 1571 4846 Salvatoris
1583 4834 1589 4858 ,
1601 4791 1630 4845 iu
1642 4790 1821 4847 coelestitbe·

124 4884 197 4940 cultu
208 4885 237 4940 in
248 4884 338 4958 bysso
350 4887 379 4938 et
387 4899 519 4955 purpura
529 4880 690 4938 enutritum
703 4881 806 4947 fuerat,
817 4879 884 4936 vilis
895 4880 942 4935 in-

124 4973 249 5031 dumenti
258 4972 416 5046 asperitate
428 4972 576 5039 domabat,
588 4975 616 5026 et
632 4970 805 5043 quidudum
817 4970 944 5026 dormire

124 5060 149 5117 iu
161 5062 265 5136 pluma
280 5079 338 5135 prae
353 5060 448 5116 nimia
463 5060 658 5117 teneritudine
675 5059 833 5128 nesciebat,
856 5075 944 5131 super

124 5149 363 5209 audamhumum
371 5148 943 5220 tectuseilieiodulcemsomnumeapie-

152 5315 193 5382 (l)
207 5310 274 5369 Non
284 5308 509 5368 confundendus
518 5326 584 5366 eum
596 5309 732 5365 Severino
740 5309 844 5365 abbate
852 5310 944 5382 Agau-

124 5385 214 5452 nensi,
229 5382 284 5457 qui
299 5386 367 5439 ante
380 5380 555 5438 clodoveum
570 5381 679 5437 obiisse
694 5380 818 5435 videtur.

142 5457 191 5524 α)
201 5455 243 5513 lle
257 5471 293 5513 ee
307 5454 351 5511 ita
363 5453 522 5526 Gregorius
537 5454 646 5510 Toron.
658 5451 746 5508 inlib.
758 5452 809 5521 lll,
818 5467 881 5523 cap.
895 5452 942 5508 ts:

124 5524 343 5585 ‹elodoaldum
357 5523 604 5598 comprehendere
620 5541 678 5579 non
691 5526 860 5596 potuerunt,
875 5524 945 5652 quia

121 5613 167 5676 per
181 5597 329 5659 auxilium
343 5596 474 5655 virerum
484 5595 604 5654 fortium
615 5595 757 5657 liberatus
767 5594 880 5656 est.Pes
893 5611 945 5677 po-

277 5725 413 5793 Parion
434 5724 623 5795 Glllililllll.

998 4899 1084 4939 sarire
1091 4881 1232 4953 reposuit,
1241 4884 1397 4951 postquam
1405 4896 1541 4953 agrorum
1553 4886 1580 4936 et
1590 4880 1740 4935 vinearum
1749 4896 1820 4950 pos·

998 4971 1144 5028 sessiones
1154 4968 1385 5025 suiscultoribos
1396 4970 1676 5041 monasteriisatque
1688 4966 1819 5023 ecclesiis
1895 4960 1898 4964 ’

998 5060 1106 5116 Christi
1129 5064 1267 5132 perpetue
1291 5060 1462 5131 profuturas
1483 5062 1658 5115 testamento
1683 5055 1819 5122 firmavit,

996 5155 1104 5206 terrani
1114 5166 1144 5206 se
1153 5147 1636 5221 computansetcincrem,civilem
1647 5164 1678 5201 se
1689 5148 1820 5201 statuens

998 5312 1088 5367 situm
1105 5325 1228 5382 reguum
1246 5312 1407 5376 terrenum,
1422 5309 1457 5364 ad
1473 5307 1631 5362 Dominum
1646 5304 1773 5371 transiit,
1794 5308 1822 5361 et

999 5385 1055 5439 sibi
1070 5398 1161 5437 manu
1177 5380 1293 5454 propria
1308 5379 1428 5452 capillos
1443 5377 1575 5433 incidens
1590 5376 1713 5433 clericus
1728 5376 1822 5435 faetus

999 5460 1054 5520 est,
1071 5453 1215 5524 bonisque
1231 5451 1369 5524 operibus
1393 5450 1542 5521 insistens,
1559 5449 1712 5524 presbyter
1720 5449 1757 5510 ab
1767 5448 1824 5508 boe

1001 5526 1111 5584 mundo
1127 5523 1271 5601 migravit.
1290 5544 1303 5573 u

1651 5721 1691 5809 'l
