3878 6098
94 278 183 341 ,19

90 452 94 463 .
130 412 203 491 ι26.
219 409 260 465 De
274 408 414 466 vindictis
429 408 572 467 scelernm
588 410 617 466 in
632 411 696 482 lege
710 409 809 466 reteri.

153 500 201 552 27.
218 496 561 556 9611661616666161661
577 499 607 555 16
623 515 697 555 6616
713 500 899 555 1661666616.

153 588 201 642 28.
219 586 260 643 De
275 591 340 644 octo
354 588 512 661 generibus
526 605 690 661 poenarnm.

150 676 199 730 29.
216 675 258 732 Do
273 677 427 734 severitate
440 677 585 733 vindictae.

149 766 198 820 30.
213 765 256 822 De
265 765 394 822 vindicta
409 783 467 823 non
475 765 657 839 prohibenda
671 765 701 821 in
712 781 796 831 novo,
808 768 836 820 et
846 780 947 838 perso·

113 852 163 909 nis
179 853 277 926 dignis
293 854 422 911 vindicta
437 855 503 928 (17).

149 944 196 999 31.
212 942 253 999 De
266 942 397 1000 vindicta
411 942 442 999 in
457 960 542 1001 novo.

148 1032 197 1087 32.
215 1032 256 1088 De
269 1031 408 1089 1161116116
423 1034 539 1106 maguis
554 1050 729 1107 magnorum
747 1035 944 1106 peccaterum.

149 1121 197 1175 33.
214 1121 256 1177 96
278 1120 417 1195 gravibus
431 1121 567 1178 vindictis
584 1122 731 1179 minorum
747 1125 943 1195 peccatorum.

149 1209 195 1265 34.
213 1209 253 1266 De
268 1208 382 1266 levibus
396 1210 534 1268 vindictis
556 1228 731 1285 magnorum
747 1214 943 1285 peccatorum.

148 1299 196 1354 35.
213 1297 254 1354 De
265 1297 403 1355 1161116116
417 1298 510 1356 tardis
525 1299 555 1356 in
571 1299 782 1373 peecatoribus.

148 1387 195 1441 36.
210 1386 252 1443 96
267 1386 416 1444 velocibus
424 1386 561 1443 vindictis
576 1387 606 1443 in
622 1387 835 1461 peccatoribus.

146 1477 193 1532 37.
210 1476 251 1532 De
266 1475 418 1533 occasione
434 1476 611 1534 diversitatis
626 1475 726 1534 iudicii
742 1475 792 1532 Dei
808 1476 838 1531 16
854 1475 942 1532 utris-

111 1579 181 1637 que.

145 1655 192 1709 38.
206 1653 248 1709 De
264 1656 392 1725 quatuor
414 1653 510 1711 modis
525 1655 633 1727 quibus
654 1672 713 1712 non
736 1654 792 1711 cito
812 1654 949 1739 vindieat¹

111 1744 201 1800 Deus.

145 1831 193 1887 39.
209 1831 251 1887 De
265 1835 348 1888 reatu
362 1849 464 1889 eorum
481 1832 531 1906 qui
545 1832 698 1890 dimittunt
712 1849 787 1889 reos.

146 1921 193 1975 40.
208 1920 250 1975 De
264 1937 350 1993 pmna
363 1920 454 1976 simili
470 1921 580 1977 defensi
597 1922 637 1978 rei
653 1927 682 1978 et
695 1921 867 1978 defensoris.

146 2009 193 2064 41.
210 2008 314 2081 1661611
328 2009 364 2065 de
383 2009 496 2066 ratione
518 2010 708 2080 matrimonii,
733 2011 763 2067 in'
787 2009 889 2084 primis
904 2009 940 2066 de

109 2096 200 2153 laude
216 2096 407 2155 matrimonii.

147 2188 194 2241 42.
210 2186 252 2242 Da
266 2203 355 2243 uxore
370 2204 436 2260 quae
451 2188 481 2244 in
496 2189 684 2246 matrimonio
699 2189 835 2247 habenda
849 2193 903 2246 est.

147 2277 194 2332 43.
209 2276 250 2332 De
265 2275 421 2334 6611116661
431 2277 564 2335 moribus
574 2278 703 2352 conjugii
718 2284 747 2335 et
760 2278 941 2352 subjectione

107 2364 259 2423 mulieris.

144 2456 193 2511 44.
212 2456 249 2510 96
264 2457 349 2511 61616
364 2453 466 2527 sponsi
481 2459 510 2511 61
525 2472 640 2528 sponsae
656 2458 724 2512 ante
740 2456 868 2528 nuptias.

145 2544 194 2599 45.
210 2542 253 2599 De
266 2542 439 2600 concubinis
453 2547 521 2600 ante
538 2543 657 2616 nuptias
672 2560 730 2599 nen
745 2544 900 2601 habendis.

146 2633 194 2687 46.
211 2629 342 2698 06611161
356 2649 485 2705 6666666
500 2636 529 2689 61
542 2649 651 2705 666666
666 2633 886 2690 benedicantur.

679 276 871 340 GANONUll
893 273 1030 338 PlilSCA
1053 277 1279 340 contemto.

963 409 990 476 Α
1039 408 1083 464 97.
1100 408 1140 465 De
1154 409 1289 484 bigamis.

1036 499 1082 554 68.
1099 498 1140 555 De
1154 499 1243 556 vidua
1257 499 1391 573 professa
1406 498 1582 557 castitatem.

1037 587 1083 641 69.
1100 586 1141 643 De
1157 586 1319 660 virginibus
1333 586 1483 661 oppressis
1499 593 1551 645 aut
1567 587 1706 645 seductis.

1036 676 1081 731 70.
1098 677 1180 742 0666
1199 694 1256 733 666
1273 677 1366 733 inlicit
1380 676 1579 752 virginitatem
1595 677 1715 734 coactio.

1036 764 1083 819 71.
1100 764 1181 828 Quod
1198 764 1281 821 alteri
1297 766 1507 839 desponsatam
1518 784 1604 824 nemo
1616 765 1746 840 accipere
1758 783 1831 839 pra·

1000 857 1110 910 sumat.

1034 943 1080 996 72.
1096 941 1136 998 De
1152 943 1338 1017 desponsata.

1034 1032 1080 1086 73.
1096 1030 1137 1087 De
1152 1031 1317 1088 dillereutia
1341 1037 1516 1106 agnatorum
1538 1039 1567 1090 et
1591 1037 1782 1108 cognatorum
1798 1035 1829 1091 in

999 1117 1089 1175 trihu.

1032 1209 1079 1264 74.
1096 1209 1177 1275 Quod
1194 1210 1309 1283 possint
1322 1211 1380 1267 duo
1395 1212 1527 1286 germani
1544 1212 1648 1269 iratres
1662 1212 1737 1268 duas
1747 1230 1827 1270 soro-

998 1313 1045 1354 166
1058 1298 1199 1372 accipere.
1264 1294 1269 1313 ¹

1032 1387 1078 1441 75.
1095 1388 1137 1442 116
1154 1386 1254 1443 fideles
1270 1389 1385 1460 possint
1396 1406 1463 1446 eum
1474 1389 1647 1463 propinquis
1658 1389 1713 1446 sihi
1725 1391 1827 1461 couju-

997 1475 1044 1549 gio
1060 1475 1206 1549 copulari;
1223 1481 1252 1532 et
1262 1477 1393 1535 novercis
1406 1482 1434 1534 et
1449 1479 1581 1552 cognatis
1596 1495 1632 1534 an
1643 1478 1730 1535 liceat
1739 1496 1827 1552 copu-

996 1563 1060 1622 lari.

1029 1655 1076 1709 76.
1091 1654 1132 1711 96
1160 1655 1334 1729 cognatione
1359 1653 1575 1726 conjunctionis
1603 1653 1773 1727 specialiter
1797 1655 1827 1712 in

954 1779 979 1844 B
993 1741 1154 1816 Anglorum
1170 1748 1265 1816 gente.

1029 1833 1076 1887 77.
1093 1832 1130 1888 Ut
1145 1833 1363 1900 consobrinam,
1381 1836 1509 1906 neptem,
1521 1832 1620 1890 fratris
1631 1850 1752 1890 uxorem
1764 1832 1827 1891 uul-

994 1919 1041 1977 tus
1058 1920 1190 1994 accipere
1208 1925 1376 1993 prasumat.

1028 2011 1073 2065 78.
1089 2013 1127 2065 Ut
1142 2010 1320 2083 presbytera,
1337 2011 1471 2078 diacona,
1488 2010 1642 2080 monacha,
1659 2011 1749 2068 veluti
1765 2015 1826 2086 spi-

994 2097 1094 2155 rituali
1109 2102 1270 2155 commatre
1286 2098 1386 2155 nullus
1402 2103 1510 2155 utatur.

1029 2190 1074 2245 79.
1091 2188 1127 2244 Ut
1148 2186 1291 2260 virginem
1315 2191 1365 2243 aut
1378 2187 1509 2255 viduam,
1535 2189 1591 2245 nisi
1615 2188 1824 2263 desponsatam

995 2275 1141 2344 babuerit,
1158 2275 1258 2333 nullus
1274 2276 1380 2333 audeat
1392 2275 1482 2332 iurari
1494 2276 1524 2332 in
1540 2294 1671 2335 uxorem.

1030 2366 1075 2420 80.
1092 2365 1133 2421 96
1148 2364 1346 2437 generationis
1361 2363 1475 2437 copula.

1031 2455 1076 2511 81.
1092 2454 1133 2510 De
1147 2453 1277 2509 vindicta
1291 2453 1402 2526 copula
1418 2453 1537 2511 illic-itm.

1031 2544 1076 2598 82.
1092 2542 1173 2609 Quod
1189 2540 1264 2599 nihil
1277 2543 1356 2599 obsit
1370 2543 1406 2599 de
1421 2543 1541 2601 incestis
1554 2543 1645 2601 nasci.

1032 2633 1076 2689 83.
1089 2632 1130 2688 De
1140 2649 1173 2688 eo
1185 2631 1263 2704 qued
1275 2633 1483 2705 scriptumest,
1496 2633 1545 2706 qui
1555 2633 1662 2690 viderit
1671 2634 1824 2692 mulierem

146 2723 194 2777 47.
212 2720 249 2777 Ut
262 2720 400 2778 1161611116
413 2721 457 2779 161
472 2721 581 2795 nuptia
596 2721 626 2776 iu
642 2723 868 2797 quadragesima
883 2741 942 2780 non
997 2722 1034 2778 ad
1049 2719 1316 2793 concupiscendum
1331 2739 1407 2778 eam.

109 2811 199 2867 fiant.

148 2901 195 2955 48.
213 2900 250 2956 Ut
264 2899 497 2957 Christianorum
513 2919 570 2960 non
584 2904 706 2962 saltetur
721 2905 750 2961 in
767 2904 888 2978 nuptiis.

149 2989 196 3045 49.
213 2989 254 3046 De
268 2988 439 3061 parentibus
454 2989 505 3063 qui
527 2992 614 3049 tidem
629 2994 845 3067 sponsaliorum
862 2994 943 3050 tran·

113 3084 201 3224 guflll:
211 3167 295 3232 Quod
307 3166 388 3224 aliud
401 3167 440 3226 sit
453 3185 536 3237 uror,
551 3170 631 3227 aliud
647 3171 820 3228 concubina.

150 3257 196 3313 5t.
213 3257 296 3324 Quod
311 3273 370 3312 non
386 3256 425 3313 sit
436 3257 607 3330 duplicatio,
619 3261 737 3332 quaudo
753 3259 859 3316 ancilla
878 3259 944 3317 reli-

118 3352 173 3417 cta,
188 3363 264 3404 uxor
280 3346 457 3404 adsumitur.

1032 2811 1076 2865 84.
1093 2809 1134 2866 96
1147 2808 1263 2865 luxuria
1278 2811 1386 2880 caruis,
1401 2815 1430 2866 et
1444 2811 1669 2885 superbiaque
1685 2814 1766 2888 origo
1780 2818 1825 2872 est
1898 2888 1901 2893 .

997 2915 1129 2956 omnium
1145 2915 1314 2955 crimmum.

1032 2989 1068 3044 85
1093 2988 1174 3053 Quod
1199 2988 1315 3045 duobus
1338 2987 1427 3058 vitiis,
1451 2988 1481 3045 id
1505 2995 1559 3058 cst,
1586 2990 1702 3048 luxuria
1724 2997 1753 3049 et
1772 3011 1825 3049 su·

997 3077 1108 3152 661616,
1125 3077 1259 3134 diabolus
1269 3077 1470 3151 principaliter
1483 3078 1613 3136 humano
1623 3081 1721 3154 generi
1732 3082 1825 3138 domi-

956 3150 978 3219 C
997 3170 1095 3224 natur.

1033 3257 1078 3311 86.
1094 3255 1158 3313 Non
1174 3259 1273 3312 manet
1288 3255 1317 3311 in
1334 3255 1448 3312 Christe
1463 3256 1514 3328 qui
1528 3262 1642 3314 nonest
1658 3259 1823 3314 membrum

998 3346 1073 3418 eius,
1091 3361 1144 3401 uec
1156 3345 1290 3402 Christus
1305 3349 1406 3402 manet
1420 3346 1490 3402 ineo
1507 3347 1558 3419 qui
1569 3363 1600 3402 se
1614 3347 1683 3402 lacit
1693 3347 1826 3404 membra

151 3438 196 3492 52.
212 3435 254 3493 De
269 3436 459 3493 matrimonio
473 3436 550 3494 inter
565 3436 690 3495 liberum
709 3443 737 3495 et
753 3438 902 3506 ancillam,
918 3444 946 3496 et
999 3433 1171 3491 meretricis.

120 3525 194 3582 inter
207 3524 332 3582 liberam
347 3529 377 3581 et
390 3541 518 3582 servum.

153 3614 197 3670 53.
209 3613 293 3679 Quod
304 3629 363 3668 non
374 3611 461 3669 liceat
470 3613 591 3671 alterius
601 3631 738 3688 sponsam
751 3615 786 3673 ad
798 3614 947 3672 matrimo-

125 3702 161 3757 nii
169 3703 240 3775 jura
250 3701 358 3759 sortiri.

155 3792 199 3847 54.
215 3790 457 3865 Dedesponsatis
480 3792 586 3864 puellis
611 3793 647 3849 nh
669 3791 734 3849 aliis
758 3796 860 3866 postea
883 3810 946 3850 cer·

129 3881 225 3954 ruptis.

1035 3524 1079 3579 87.
1096 3523 1178 3589 Quod
1194 3522 1267 3578 bene
1282 3521 1324 3578 illi
1340 3523 1387 3591 sit,
1404 3520 1534 3595 quisine
1550 3539 1638 3580 uxore
1651 3528 1759 3581 manet.
1772 3523 1827 3593 Qui

1000 3612 1095 3687 diligit
1109 3612 1303 3681 meretricem,
1320 3629 1413 3668 unum
1428 3629 1535 3685 corpus
1548 3613 1683 3669 allicitur.

1036 3704 1081 3758 88.
1098 3702 1138 3757 De
1155 3701 1282 3758 cavendo
1298 3700 1442 3758 adulterio
1457 3701 1547 3757 etiam
1562 3702 1593 3757 in
1607 3701 1747 3775 legitimis
1762 3719 1829 3759 con·

996 3807 1137 3937 lugllllle
1153 3879 1200 3935 his
1215 3879 1265 3952 qui
1277 3878 1426 3935 adulteras
1435 3879 1545 3936 habeut
1555 3896 1670 3951 uxores,
1682 3879 1724 3936 vel
1737 3881 1761 3936 si
1774 3880 1830 3953 ipsi

157 3972 199 4027 55.
217 3970 298 4037 Quod
315 3986 374 4027 non
393 3986 511 4043 poenam
527 3971 670 4028 minorem
687 3970 818 4045 inculpa
841 3971 949 4028 habeat
1000 3969 1125 4026 adulteri
1144 3969 1380 4041 comprobentur.

132 4058 257 4116 conscius
272 4075 362 4131 quem
378 4064 541 4132 corruptor.

158 4150 200 4204 56.
217 4148 258 4205 De
273 4147 413 4205 secundis
429 4147 540 4220 nuptiis
554 4166 612 4205 non
626 4149 826 4222 prohibendis.

158 4239 201 4293 57.
217 4237 301 4304 Quod
316 4253 374 4292 non
390 4241 522 4309 oporteat
537 4238 565 4294 in
594 4238 704 4312 digami
728 4238 840 4312 nuptiis
855 4255 947 4295 orare.

157 4328 201 4383 58.
217 4326 258 4383 De
272 4325 437 4398 virginibus
451 4327 601 4398 oppressis
615 4331 666 4384 aut
678 4327 816 4385 seductis.

70 4474 72 4485 ,
157 4416 201 4471 59.
216 4416 259 4472 96
274 4414 442 4488 raptoribus
455 4414 610 4473 viduarum
625 4415 670 4472 vel
682 4416 841 4490 virginum.

157 4505 201 4560 60.
217 4504 259 4562 De
275 4504 442 4578 raptoribus
457 4503 483 4561 si
498 4506 533 4560 ad
549 4503 702 4561 ecelesiam
717 4505 912 4579 confugerint.

157 4593 201 4649 61.
216 4592 258 4649 De
273 4592 528 4667 consanguinitate
542 4593 572 4648 in
588 4609 647 4648 una
660 4592 749 4649 tribu.

1035 4058 1080 4112 90.
1097 4057 1127 4113 Si
1143 4057 1229 4129 cujus
1239 4074 1312 4114 uxor
1326 4057 1504 4114 adulterium
1519 4059 1628 4116 fecerit.

1036 4146 1081 4203 91.
1097 4145 1177 4211 Quod
1193 4150 1313 4219 excepta
1328 4163 1418 4203 causa
1436 4146 1637 4205 fornicationis
1650 4165 1722 4205 uxor
1737 4147 1828 4205 relin-

1002 4236 1119 4310 quenda
1133 4252 1191 4291 non
1207 4236 1255 4291 sit.

1037 4326 1073 4381 92
1084 4325 1165 4390 Quod
1181 4324 1211 4380 hi
1226 4325 1275 4398 qui
1300 4324 1495 4381 intercedente
1515 4324 1646 4398 repudio,
1670 4324 1827 4380 divortium

1002 4412 1188 4488 pertulerint,
1214 4412 1338 4485 aliisque
1357 4430 1388 4469 se
1399 4413 1552 4485 junxerint
1564 4412 1687 4485 nuptiis,
1704 4412 1829 4468 alduteri

964 4521 988 4588 D
1003 4503 1250 4559 demonstrentur.

1039 4592 1084 4648 93.
1101 4597 1139 4648 De
1154 4589 1277 4646 muliere
1294 4589 1455 4662 repudiata.

157 4683 201 4737 62.
219 4680 322 4738 Dahis
346 4697 410 4753 qua
425 4681 540 4738 duobus
564 4681 705 4738 fratribus
725 4683 889 4755 nupserint,
905 4681 951 4737 vel
1038 4682 1083 4738 94.
1101 4680 1183 4747 Quod
1207 4682 1333 4735 666661
1357 4677 1598 4750 9616166661661
1623 4678 1749 4751 repudii,
1779 4679 1831 4735 sed

133 4771 173 4842 qui
188 4772 265 4827 duas
279 4786 394 4827 6616166
409 4770 583 4844 6666661161.

157 4861 201 4917 63.
222 4861 265 4917 De
293 4859 413 4917 incestis
449 4860 499 4934 qui
532 4878 564 4918 se
593 4860 753 4934 pollutione
781 4878 950 4918 commacu·

131 4944 195 5005 lant.

1005 4769 1160 4829 consilium
1175 4767 1276 4841 Moysi.

1040 4861 1085 4915 95.
1104 4859 1144 4914 De
1159 4857 1256 4913 causis
1272 4872 1346 4928 quas
1362 4859 1460 4912 narrat
1474 4855 1592 4913 libellus
1603 4857 1727 4931 repudii.

1040 4950 1086 5006 96.
1103 4946 1185 5016 Quod
1202 4962 1259 5002 nou
1271 4944 1452 5018 repudianda
1461 4950 1507 5002 est
1516 4945 1546 5000 in
1557 4946 1635 5003 Novo
1646 4945 1831 5002 Testamenta

157 5039 203 5094 64.
222 5037 258 5093 Ut
268 5036 299 5093 hi
309 5037 361 5111 qui
371 5037 551 5110 proximisse
559 5039 707 5113 copulant,
720 5040 951 5096 acommunione
1006 5055 1078 5096 uxor
1092 5037 1129 5093 oh
1144 5035 1198 5092 has
1214 5050 1329 5091 causas.

128 5124 232 5183 Christi
248 5130 433 5200 separentur.

157 5215 203 5271 65.
221 5213 263 5270 De
278 5214 399 5273 incestis
415 5216 561 5290 conjugiis
575 5233 610 5273 ex
624 5216 888 5295 consanguinitate.

1040 5129 1085 5183 97.
1103 5124 1183 5192 Quod
1199 5122 1333 5180 adultera
1346 5140 1404 5180 nou
1420 5126 1581 5180 revertatur
1596 5123 1632 5179 ad
1647 5121 1741 5177 virum
1754 5121 1831 5194 prio·

1006 5233 1079 5274 rem.

157 5305 204 5360 66.
222 5303 263 5360 De
277 5303 326 5362 1116
334 5304 386 5378 qui
398 5321 467 5362 cum
478 5304 623 5363 hereticis
633 5306 803 5379 nuptiarum
817 5304 952 5380 copulam
1042 5306 1087 5362 98.
1103 5300 1614 5374 961111661166116161666616616111
1624 5315 1683 5357 nou
1692 5297 1833 5373 16616166·

122 5392 262 5469 runcant·

158 5575 215 5651 (l7)
231 5574 336 5652 Agitur
350 5573 380 5633 iu
396 5578 475 5634 textu
487 5574 523 5632 dc
537 5573 656 5649 publiea
666 5571 764 5651 legum
780 5573 917 5633 vindicta.

1008 5396 1064 5453 dis.
