3878 6098
127 297 201 361 1075

502 299 671 364 Araban.
698 299 747 364 llll
770 300 863 364 SAEC.
887 301 925 363 X.
944 335 981 346 —
996 300 1248 365 Moabitarum
1268 303 1425 366 ateana.

1752 304 1832 364 1076

122 435 219 510 glorie
242 439 316 504 tuae3
337 433 441 493 exaudi
469 453 568 510 preces
592 453 742 493 serrorum
766 438 896 504 tuorum,
912 440 945 492 ut
958 437 985 506 Α
999 439 1149 492 aternam.
1166 437 1256 492 Dicit:
1271 436 1328 495 Pax
1342 440 1449 495 tecum.
1464 441 1491 504 ri.
1507 437 1542 495 st
1556 455 1624 496 eum
1645 435 1752 511 spiritu
1768 443 1829 501 tue.

123 526 273 584 aintoculi
290 525 332 583 tui
353 525 444 599 aperti
469 543 557 598 super
581 525 701 581 denium
728 524 815 581 istam
843 526 890 581 die
915 543 948 582 ac

123 620 225 686 nocte;
254 616 388 689 hancque
416 616 568 672 basilicam
593 613 621 670 in
648 615 758 672 honore
780 615 878 671 Sancti
904 613 945 671 ill.

122 707 214 763 sacris
229 705 375 779 mysteriis
390 703 556 759 institutam
572 703 822 760 clementissimus
833 702 947 759 dedicat

122 796 280 852 miseratus
294 794 429 862 inlustra,
446 793 562 866 proprio
577 791 731 866 splendore
747 792 946 861 clarissumum·

123 902 248 958 nemque
262 884 411 941 homiuem
426 883 589 939 uenientem
612 883 733 938 adorare
754 882 784 937 in
808 881 945 938 hocloco

121 972 255 1047 placatus
276 973 417 1041 admittc;
435 971 579 1046 propitius
603 971 723 1044 dignare
748 971 902 1044 respicere,
918 975 947 1028 ei

122 1067 240 1137 propter
254 1079 360 1118 nomon
383 1067 468 1118 tuum
493 1064 689 1134 magnumst
712 1077 801 1116 uranu
825 1061 892 1116 lorti
918 1064 946 1116 et

122 1152 241 1209 brachio
262 1156 392 1219 extenso,
417 1152 447 1206 iu
470 1150 525 1206 hac
552 1149 719 1206 habitacula
745 1148 945 1223 supplicantes

121 1242 216 1300 libens
231 1247 359 1316 protege,
375 1241 531 1314 dignanter
545 1239 659 1306 eraudi,
677 1257 709 1294 ac
725 1245 833 1295 aterna
847 1239 944 1294 deleu-

122 1333 204 1389 sione
219 1349 369 1396 conversa,
386 1336 418 1386 ut
433 1346 548 1400 semper
565 1327 662 1383 lclices
677 1345 793 1400 semper
808 1335 858 1383 tua
877 1326 943 1383 reli-

122 1422 207 1496 gienc
222 1421 353 1477 laetantes
369 1422 537 1475 constanter
552 1417 581 1472 iu
597 1421 703 1474 sauctae
723 1415 874 1472 Trinitatis
890 1416 947 1473 side

119 1510 262 1567 catholica
277 1513 480 1583 perseverent;
494 1523 545 1579 per
559 1505 645 1560 Dnm.

161 1598 400 1673 Regenerationis
408 1597 558 1669 ingressus
570 1595 599 1649 in
611 1612 681 1650 vara
690 1593 861 1651 innocentie
873 1611 946 1651 nova

122 1689 248 1745 infantia
265 1690 444 1743 renascatur.
462 1685 523 1740 Per.
549 1685 605 1740 llac
627 1686 702 1739 omrai
724 1684 830 1755 expleta
854 1685 946 1754 suadit

121 1780 248 1851 chrysma
262 1776 295 1833 de
309 1775 417 1832 vascuta
432 1777 461 1830 ia
475 1774 579 1848 sarram
591 1789 673 1845 saper
687 1775 775 1845 ipsam
798 1790 897 1846 aquam
916 1775 946 1829 in

120 1867 231 1923 merlam
243 1867 342 1933 crucis,
353 1873 378 1920 et
391 1880 454 1919 cam
467 1879 551 1918 racina
565 1879 617 1916 saa
631 1861 749 1917 miscitat
764 1863 853 1932 ipsam
867 1863 946 1935 cirp-

120 1973 180 2012 ema
193 1972 255 2011 carn
267 1961 378 2027 apaaet
389 1953 496 2024 sparpit
510 1966 592 2022 saper
604 1966 711 2006 ornnem
724 1951 882 2022 fontenaoet
896 1969 945 2006 sa-

118 2062 168 2118 per
182 2061 288 2101 enarrem
305 2042 447 2115 papalum.
463 2042 518 2096 lloc
539 2043 611 2112 sacto
635 2041 725 2095 amnis
744 2041 871 2112 papatus,
896 2043 947 2112 pai

120 2135 245 2199 veluerit,
261 2133 360 2204 accipit
375 2129 587 2186 beraeilictienem
604 2129 636 2184 in
659 2130 733 2185 uasis
750 2131 808 2184 sais
831 2129 864 2185 de
885 2131 946 2202 ipsa

120 2240 203 2296 aqua,
219 2231 365 2294 arrapaarn
382 2220 421 2275 ili
436 2219 611 2290 reprimatur
621 2219 743 2289 parenti,
758 2217 793 2273 ad
813 2235 944 2292 sparpcn·

120 2312 186 2368 darn
201 2314 231 2367 in
242 2311 364 2367 dantibus
375 2325 479 2373 eorum,
494 2315 521 2363 at
543 2308 640 2374 vitreis,
656 2315 682 2364 ct
705 2310 817 2378 campis,
834 2316 860 2364 ct
881 2312 943 2380 sra-

120 2401 207 2458 ctibas
221 2416 325 2456 eoram.
340 2397 442 2452 Deirale
455 2396 605 2467 presbyter,
622 2404 670 2450 aut
690 2394 822 2451 dieacanas
836 2399 945 2452 etiamsi

120 2506 226 2546 neccsse
239 2489 363 2560 [uertici
376 2486 485 2542 accoliti
498 2484 655 2539 discalceati
668 2483 809 2540 induentes
834 2502 862 2541 se
877 2486 944 2541 aliis

120 2580 237 2635 vestibus
252 2576 361 2632 tuendis
377 2575 417 2630 ecl
437 2573 563 2629 candidis
589 2572 783 2642 inprcdiuntur
806 2575 836 2628 in
855 2576 944 2646 [enlm

120 2670 194 2724 intro
212 2683 322 2739 apuam,
347 2673 373 2720 et
393 2663 569 2735 baptizantur
588 2662 679 2734 prima
701 2663 828 2730 maseati,
848 2662 944 2720 deinde

118 2758 233 2830 semitae
255 2753 305 2810 sab
334 2753 385 2809 isac
419 2753 657 2820 interropationc:
685 2750 888 2807 Sanctificetur
916 2756 944 2808 ct

119 2845 302 2902 liecundotur
316 2843 381 2898 lons
396 2841 450 2897 iste
464 2840 494 2896 iu
520 2840 638 2896 nomine
662 2839 755 2896 Patris
779 2844 807 2895 et
831 2840 894 2896 Filii
914 2847 944 2898 et

119 2932 247 3006 Spiritus
275 2932 378 2988 sancti.
403 2931 502 2987 Credis
530 2928 559 2984 in
584 2928 677 2986 Deum
702 2929 816 2984 Patrem
845 2932 943 2987 omrri-

1002 525 1074 580 Ecce
1090 525 1132 580 sic
1148 526 1335 582 benedicetur
1350 526 1548 585 omnishomo
1564 528 1613 601 qui
1634 529 1719 585 timet
1742 529 1831 588 Dum.

1003 612 1159 670 Benedicat
1174 632 1224 670 ros
1240 616 1382 673 Dominus
1397 635 1431 673 cx
1446 618 1533 691 Spon,
1550 623 1582 675 ut
1596 619 1720 677 videatis
1743 621 1830 689 hona,

1003 719 1066 774 qua
1082 708 1152 759 sunt
1167 703 1196 759 in
1212 703 1404 773 Hierusalem,
1421 707 1559 765 omnihus
1574 708 1678 766 diebus
1693 711 1757 766 sita
1773 728 1832 768 vcs-

1001 796 1060 848 tre.

1329 886 1394 942 lmle
1408 885 1499 945 dicit:

1037 969 1196 1028 Confirmat
1210 990 1260 1029 uos
1277 974 1360 1030 Pater
1374 980 1402 1032 et
1417 976 1509 1035 Filius
1524 981 1552 1034 et
1563 978 1829 1053 Spiritussanctus‚

1001 1064 1034 1115 ut
1047 1059 1179 1118 habeatis
1195 1062 1282 1120 vitam
1299 1070 1481 1135 aeternamm
1495 1067 1598 1125 vivatis
1612 1068 1643 1124 in
1658 1070 1767 1128 secula
1781 1089 1831 1128 sa·

1001 1147 1147 1206 culorum.
1164 1152 1266 1207 Amen.

1037 1239 1090 1294 llee
1104 1247 1192 1295 autern
1206 1258 1258 1312 per·
1271 1245 1365 1300 austria
1376 1256 1604 1317 praesentanei
1619 1251 1679 1308 mc
1702 1269 1757 1307 aon
1782 1271 1829 1308 ne·

999 1329 1150 1400 paparum,
1173 1333 1238 1402 qaia
1254 1341 1318 1389 tanc
1332 1350 1423 1390 ornnes
1448 1338 1580 1408 baptisma
1604 1341 1726 1408 tepitime
1749 1343 1829 1398 Clari·

999 1418 1152 1474 stiaaitatis
1178 1422 1291 1477 storaiuc
1313 1426 1521 1495 corrfirrnantar.
1547 1430 1661 1486 Interim
1687 1447 1733 1487 eras
1756 1435 1829 1489 scota

995 1507 1076 1577 jussa
1098 1510 1166 1579 sarcit
1182 1510 1314 1566 letaniam
1335 1521 1398 1569 ante
1421 1515 1519 1584 altare,
1537 1519 1631 1589 prima
1653 1528 1789 1592 septenas,
1804 1531 1831 1578 et

999 1598 1088 1667 spatio
1117 1600 1188 1668 facta
1218 1601 1326 1670 saciant
1360 1603 1431 1659 alter
1464 1607 1573 1677 quinas,
1605 1609 1706 1665 iterum
1739 1615 1829 1683 spatio

998 1687 1191 1758 puerascerem
1204 1691 1304 1757 trinas,
1319 1698 1345 1747 et
1357 1692 1422 1747 dans
1445 1693 1513 1751 dicit
1525 1697 1625 1770 Agnus
1652 1698 1712 1765 bei,
1727 1702 1827 1774 ellepis·

1000 1781 1040 1830 ter
1053 1776 1135 1832 scalae
1149 1775 1216 1832 elicit
1230 1779 1378 1836 accendite
1391 1800 1397 1847 ;
1413 1791 1439 1838 et
1457 1792 1521 1840 trane
1543 1787 1731 1845 inluminatur
1744 1791 1827 1848 eccle·

999 1864 1052 1928 sia,
1067 1872 1093 1919 et
1105 1866 1227 1935 procedit
1242 1870 1370 1939 Pantitae
1387 1870 1419 1927 dc
1431 1875 1561 1942 sacrario,
1577 1892 1639 1931 curn
1653 1877 1708 1934 clara
1723 1896 1826 1937 cereos·

1000 1960 1056 2007 tata
1071 1952 1152 2021 (rande
1163 1957 1289 2026 saperius
1308 1957 1444 2021 dicineus)
1457 1970 1531 2018 stant
1544 1966 1616 2021 sicat
1633 1975 1715 2024 anna
1732 1970 1826 2026 adec-

999 2043 1049 2096 tris
1062 2051 1088 2097 et
1103 2060 1118 2096 a
1132 2044 1254 2100 sinistris
1267 2046 1373 2103 altaris.
1389 2051 1502 2106 letania
1517 2054 1624 2124 expleta
1648 2056 1717 2114 aare
1730 2060 1827 2117 Ponti·

998 2132 1046 2200 sea
1067 2129 1164 2187 Gloria
1178 2133 1207 2187 in
1223 2135 1327 2191 excels.
1345 2136 1377 2192 D.
1393 2147 1419 2194 et
1433 2143 1599 2208 orationem·
1612 2144 1711 2203 deinde
1728 2148 1828 2219 lepitar

999 2221 1284 2294 Apostolusnepaitar
1299 2225 1345 2280 All
1360 2226 1546 2286 confitemini
1559 2234 1764 2308 bnoSepuitur
1774 2248 1828 2295 tra·

998 2308 1825 2397 ctasLaudateDnmomnesgentes:SepaiturEuaa9eliam.

998 2397 1035 2451 lle
1051 2413 1156 2469 uespere
1166 2399 1358 2468 Sabbati,·ante
1365 2407 1608 2476 Evartpeliamnan
1617 2416 1827 2483 partontlunren

999 2487 1030 2539 in
1045 2487 1105 2557 ipsa
1120 2495 1205 2552 nocte,
1221 2490 1267 2545 scd
1282 2500 1389 2548 ticulum
1406 2496 1555 2553 incensam.
1571 2501 1629 2556 lon
1652 2512 1762 2561 cantem
1776 2505 1826 2563 ot-

999 2574 1161 2642 l'ortorium‚
1178 2594 1227 2634 nce
1240 2581 1342 2653 Agnus
1358 2582 1418 2648 Dei,
1436 2602 1484 2642 acc
1507 2587 1765 2659 Conrmuninnem,
1780 2596 1826 2652 sed

997 2665 1111 2719 missam
1125 2667 1323 2737 perordinem.
1340 2672 1412 2728 lilad
1425 2683 1517 2731 autem
1531 2677 1563 2733 de
1582 2682 1710 2750 parcatis
1733 2688 1825 2757 praei·

997 2752 1116 2809 martam
1137 2765 1187 2823 est,
1203 2766 1234 2812 at
1254 2767 1398 2834 postquam
1423 2765 1557 2836 baptizati
1578 2771 1826 2838 taratarantium

997 2843 1089 2896 cibam
1105 2846 1251 2917 accipiant,
1268 2865 1317 2904 nec
1332 2851 1503 2909 ablactentur
1516 2864 1662 2929 annonam
1675 2867 1827 2920 caramani-

997 2940 1057 2987 eent
1071 2932 1245 2991 Sacramenta
1259 2942 1381 3010 corporis
1397 2942 1520 3008 Citristi;
1534 2953 1560 3001 et
1578 2950 1707 3007 eruribus
1731 2952 1824 3009 aiebas

120 3024 269 3094 potentem
283 3023 443 3075 creatorem
459 3016 522 3074 coeli
538 3024 567 3073 ct
591 3017 697 3072 terrai
710 3021 736 3082 ri.
763 3016 854 3074 Credo
877 3020 942 3075 Cre·
995 3022 1158 3093 septimanae
1180 3026 1290 3096 pasche
1308 3028 1344 3084 ail
1364 3031 1462 3087 missas
1483 3035 1640 3105 procedant,
1660 3043 1689 3095 et
1711 3042 1826 3113 atterant

33 3118 36 3125 ,
120 3111 169 3167 (155
190 3114 219 3166 et
242 3109 272 3164 in
295 3108 397 3164 Jesum
422 3105 568 3163 Christum
595 3103 701 3162 Filium
725 3107 788 3177 ejus
812 3106 941 3177 unicum,
995 3125 1046 3180 pro
1061 3110 1139 3181 ipses,
1161 3121 1187 3168 et
1211 3118 1410 3174 conrnrauiceat
1429 3136 1541 3190 errines3
1556 3123 1600 3180 iic
1622 3135 1718 3183 autern
1740 3147 1824 3203 supra

121 3200 197 3256 Dum
221 3201 354 3254 nostrum
379 3199 480 3251 natum
505 3200 533 3250 at
558 3196 703 3267 passum?
720 3199 745 3260 ,ri
760 3193 860 3250 Credo.
877 3197 942 3252 Cra·
959 3185 980 3250 C
997 3199 1117 3267 scriptus
1138 3200 1235 3258 aretine
1257 3203 1395 3277 baptismi,
1411 3211 1482 3266 sicat
1507 3214 1536 3268 in
1560 3214 1610 3271 lec
1633 3216 1753 3275 Sabbata
1772 3237 1822 3291 pa·

121 3289 167 3346 dis
181 3293 210 3345 ct
225 3289 254 3343 in
276 3286 419 3359 Spiritum
444 3289 598 3351 sancium;
624 3290 757 3341 sanctam
784 3284 943 3342 Ecclesiam

120 3377 313 3444 catholicam
330 3374 532 3431 remissionem
558 3377 760 3447 peecatorum3
777 3375 874 3430 carnis
898 3391 943 3430 re·

121 3467 342 3535 surrectionem,
367 3470 396 3520 et
423 3463 512 3519 vitam
541 3463 705 3519 eternam?
727 3465 751 3524 ii.
781 3463 883 3529 Credo,
910 3466 943 3521 Et

119 3557 235 3627 acceptis
251 3556 404 3626 insontibus
428 3554 460 3608 rie
480 3553 641 3624 parentibus
665 3555 804 3623 baptizant
827 3570 870 3609 eos
892 3557 942 3610 sab

118 3647 193 3700 trina
208 3645 463 3709 mersione-tantam
476 3649 599 3696 sancum
615 3643 775 3697 Trinitatem
793 3643 875 3697 senet
898 3645 942 3698 in·

116 3741 240 3788 piscantes
255 3739 294 3787 ata
308 3729 420 3785 demde
436 3729 575 3799 :baptiso
591 3732 618 3784 te
633 3728 662 3784 in
678 3728 795 3784 nomine
810 3730 942 3795 Pat1·is,et

116 3823 216 3888 merpit
228 3820 309 3875 senet
324 3823 373 3874 :et
388 3816 463 3882 Filii,
478 3825 504 3873 et
516 3819 616 3886 merpit
632 3820 729 3872 iterum
746 3836 754 3872 :
770 3823 799 3873 et
814 3817 940 3889 Spiritus

116 3909 221 3972 sancti,
236 3915 262 3964 et
276 3909 379 3979 marpit
392 3908 479 3961 tertio.
496 3908 602 3962 tenutis
615 3914 705 3961 autem
730 3907 796 3977 ipsis
820 3908 940 3978 infantes

115 3999 146 4052 in
161 3998 287 4052 rnrrrribas
302 3998 360 4051 suis
373 3996 491 4067 atterant
505 4011 550 4051 cus
564 3997 615 4050 rrrri
629 3997 868 4068 pr·esbptero;ipse
878 4013 939 4053 aare

113 4086 253 4156 presbyter
267 4085 371 4155 taciens
385 4083 417 4139 de
431 4084 558 4154 chrysma
583 4099 691 4138 cracem
712 4100 775 4138 cum
794 4086 895 4156 pollice
910 4087 939 4140 in

997 3288 1079 3353 selue,
1095 3289 1175 3344 sicet
1201 3291 1230 3345 in
1254 3293 1370 3351 Sabbata
1391 3308 1559 3369 pentecosten
1574 3307 1741 3364 omrrimodis
1754 3309 1821 3365 cele·

999 3378 1098 3433 beetur.
1115 3379 1181 3434 ltem
1197 3382 1226 3435 in
1242 3383 1300 3453 ipsa
1315 3383 1359 3439 rlie
1372 3387 1530 3444 diurnalem
1543 3408 1655 3449 rursum
1675 3399 1821 3468 separatas

997 3473 1108 3522 currant.
1125 3467 1153 3522 lu
1171 3469 1231 3540 ipsa
1244 3481 1320 3528 noete
1334 3483 1392 3544 post
1405 3477 1542 3547 pollamm
1556 3489 1818 3549 cantam‚matatine

997 3565 1139 3626 rumpente
1160 3559 1219 3617 tare
1242 3564 1375 3630 taricheas,
1395 3577 1535 3636 serpentes
1560 3572 1588 3626 in
1615 3574 1757 3631 eeclesiam
1778 3593 1817 3632 re·

997 3645 1086 3711 niani,
1102 3653 1129 3700 et
1154 3657 1250 3703 rarctaa
1272 3653 1404 3709 claritate
1426 3673 1455 3712 se
1468 3660 1583 3714 inuicem
1598 3664 1780 3731 obsculantes,
1795 3674 1819 3722 et

995 3731 1176 3790 anana-neus
1191 3735 1221 3791 in
1237 3737 1416 3810 adjuterium
1432 3751 1676 3820 mammaeam
1691 3753 1819 3811 levitate

995 3820 1072 3876 rium
1086 3838 1148 3878 cum
1163 3824 1378 3899 All.Scpanntnr
1392 3841 1446 3889 tres·
1458 3837 1561 3906 psalmi
1573 3855 1637 3896 mem
1651 3844 1818 3917 antiphonis:

995 3907 1100 3966 Beatus
1116 3912 1167 3966 vir.
1184 3914 1277 3978 Quare
1294 3919 1485 3978 tremuerunt.
1502 3924 1564 3982 Due
1588 3928 1659 4000 quid
1680 3932 1816 4005 multipli-

994 3998 1050 4052 cati
1065 4001 1305 4074 suntSepuantar
1320 4025 1380 4066 nero
1396 4019 1450 4067 trec
1465 4014 1592 4072 tectimes
1602 4033 1666 4074 eam
1686 4037 1817 4093 repenso-

993 4088 1054 4142 riis.
1072 4089 1167 4143 Prima
1182 4091 1260 4148 lectio
1275 4095 1311 4150 de
1326 4097 1445 4155 ‚trtihus
1465 4105 1677 4174 apostolorum.
1693 4111 1816 4183 Sequitur

113 4175 212 4229 vertice
226 4188 320 4229 eonem
330 4188 393 4226 earn
407 4173 574 4226 invocatione
589 4179 692 4228 sancte
707 4173 850 4229 Trinitatis
862 4173 938 4229 dicit:
991 4177 1111 4231 secunda
1124 4185 1150 4232 ct
1165 4183 1245 4236 tertia
1262 4183 1297 4238 de
1313 4184 1444 4244 homiliis
1470 4193 1562 4248 sancti
1586 4198 1755 4271 Augustini.
1769 4200 1813 4256 Se·

113 4261 190 4318 Deus
206 4259 403 4332 ⁰m¹¹iP⁰l0⁰⁵r
420 4264 475 4316 02⁰·
993 4267 1087 4337 quitur
1102 4267 1266 4325 llatntinam
1278 4289 1340 4329 earn
1353 4276 1408 4356 att.

151 4352 183 4407 tt
196 4360 261 4407 sunt
273 4351 375 4422 parati,
391 4349 440 4419 pai
453 4364 497 4403 eos
512 4350 665 4420 suscepturi
677 4357 751 4414 secret,
767 4366 830 4405 eram
846 4351 938 4407 liuteis
1028 4356 1104 4425 lutra
1119 4356 1198 4413 libas
1213 4361 1327 4420 rescae
1338 4381 1420 4436 super
1440 4372 1552 4426 evenire:
1569 4373 1703 4433 Surrexit
1723 4378 1810 4433 Domi·

114 4443 145 4496 in
168 4441 299 4496 manibus
324 4454 429 4505 cornea,
444 4445 470 4493 rt
494 4439 633 4508 accipiant
649 4439 719 4510 ipsas
741 4440 937 4511 apresbpteris
991 4458 1047 4497 nus
1062 4461 1126 4500 vere
1142 4443 1282 4505 nltettres
1295 4454 1397 4521 psalmi
1409 4468 1809 4538 pernoctamumrmponanmr

112 4530 154 4584 vet
167 4528 388 4599 diaconibus,pai
402 4543 446 4583 eas
462 4526 778 4598 baptiaarantl’entiscn
792 4544 855 4584 aero
864 4545 937 4597 epre-
952 4547 976 4611 D
989 4547 1039 4601 per
1051 4534 1177 4602 sinentes
1188 4548 1277 4593 nactrs
1292 4557 1377 4612 usqae
1392 4545 1422 4598 in
1436 4555 1541 4604 acturas
1553 4554 1675 4622 poscam,
1690 4556 1719 4611 ω
1732 4566 1777 4612 αι,

112 4617 203 4672 dictur
217 4634 234 4671 a
248 4619 332 4686 [onte
349 4617 450 4671 liabens
472 4615 646 4686 compositam
660 4613 749 4669 sedem
767 4617 797 4669 in
822 4617 882 4686 ipsa
895 4633 937 4672 ee·
1027 4622 1106 4676 t'eria
1121 4624 1155 4678 ll.
1172 4624 1244 4681 Cum
1260 4626 1435 4688 invocarem.
1453 4636 1546 4693 Verba
1568 4657 1645 4698 mea.
1661 4643 1722 4700 Due
1737 4645 1806 4702 „0111

111 4706 195 4762 etesia
211 4707 259 4761 abi
276 4705 399 4769 notuerit,
414 4704 509 4760 sedens
530 4706 560 4758 in
574 4721 615 4759 ea.
630 4705 662 4759 b't
684 4703 861 4775 deportantur
882 4706 937 4777 ipsi
988 4706 1032 4764 ira
1045 4712 1105 4766 tua.

112 4794 234 4870 infantes
249 4801 312 4850 autc
325 4809 397 4858 carri,
413 4801 438 4849 et
453 4793 498 4848 rtrrt
512 4793 631 4865 sinuatis
645 4793 753 4859 stolam,
769 4795 891 4849 rasulam
910 4802 935 4850 ct
1025 4801 1104 4855 teria
1119 4803 1164 4858 ill.
1178 4803 1239 4862 Duc
1255 4806 1332 4866 Deus
1348 4827 1432 4869 meus
1447 4815 1476 4870 in
1492 4819 1520 4872 tc
1534 4822 1804 4891 speravinnonnus

111 4884 304 4957 chrysmataet
318 4884 408 4938 decem
421 4883 588 4953 sitientium
598 4885 761 4947 vestiamur,-
776 4884 866 4940 induti
875 4901 935 4941 ecre
990 4893 1099 4944 noster.
1118 4891 1149 4945 ln
1166 4892 1228 4950 Duo
1242 4900 1368 4956 cimbrlo.

109 4973 276 5030 ordinantur
287 4987 337 5043 per
351 4970 474 5025 antirrem
488 4972 557 5025 sint
572 4973 669 5042 scripti
681 4979 746 5026 sarit
761 4973 791 5026 in
806 4974 934 5038 circuitu,
1027 4978 1162 5034 Feriall'.
1179 4982 1297 5043 Salvum
1325 5005 1369 5045 mc
1395 4992 1440 5048 t'ac
1464 4994 1534 5052 Due.
1562 4998 1722 5074 Usquequo
1744 5003 1800 5059 Due.

108 5070 134 5118 et
148 5061 194 5118 dat
208 5063 358 5116 arationem
374 5060 502 5129 Pantitae
514 5075 598 5130 snper
610 5075 654 5115 eos
668 5075 730 5115 can
746 5062 874 5134 cbrpsma
888 5066 935 5133 sa·
990 5064 1068 5120 Dixit
1084 5066 1236 5140 insipiens.

108 5153 181 5206 ciens
209 5166 316 5206 cracem
339 5151 368 5204 in
391 5147 528 5220 frontibus
555 5163 648 5204 earum
672 5165 736 5204 eam
765 5150 935 5207 irrrrocatiene
1023 5156 1101 5209 Faria
1121 5156 1147 5212 Γ.
1165 5162 1225 5217 Duo
1241 5164 1307 5236 quis
1334 5166 1488 5229 habitabit.
1504 5175 1651 5235 Conserva
1675 5198 1721 5238 nro
1743 5181 1798 5237 Dae.

107 5247 210 5296 sacrate
226 5240 402 5304 Trinitatis,et
416 5237 499 5294 tradit
514 5238 554 5293 eis
567 5238 735 5308 septiformes
749 5240 854 5308 pretias
868 5240 932 5311 Spi·
988 5240 1098 5298 Exaudi
1115 5249 1174 5303 bne
1185 5249 1333 5320 justitiam
1350 5274 1458 5318 meam.

107 5329 178 5383 ritas·
192 5330 289 5384 saneti.

328 5417 421 5472 tlratia
436 5417 470 5470 iul
485 5414 711 5486 continuandum.

144 5502 334 5575 Omnipotens
358 5505 532 5577 sempiterne
556 5504 644 5572 Deus,
669 5504 718 5576 qui
750 5521 930 5577 regenerare.

107 5590 211 5662 Accipe
226 5590 342 5659 sianum
358 5594 454 5650 crucis
468 5593 574 5650 Christi
591 5593 619 5649 iu
646 5595 733 5651 sitam
759 5593 932 5667 propitiatus

987 5334 1103 5474 DFeria
1129 5346 1214 5395 secta.
1241 5343 1309 5399 Coeli
1331 5354 1478 5406 enarrant.
1504 5353 1647 5413 Exaudiet
1671 5364 1700 5415 te
1724 5359 1797 5415 [luris.

1014 5435 1048 5475 ne
1065 5421 1093 5476 in
1110 5424 1224 5484 virtute.

1023 5508 1149 5571 Sabbata.
1168 5520 1220 5574 bui
1236 5526 1281 5579 est
1296 5529 1382 5584 terra.
1399 5531 1442 5587 Ad
1464 5535 1492 5588 tc
1507 5533 1569 5590 Duc
1591 5535 1696 5595 levavi.
1711 5539 1798 5597 ludin

988 5613 1034 5654 me
1050 5599 1110 5657 Due
1127 5608 1264 5676 quoniam
1280 5631 1333 5687 ego
1350 5617 1377 5674 ia
1391 5618 1559 5682 innocentia
1574 5643 1651 5685 mea.
