3878 6098
161 294 219 357 {aa
712 293 870 355 aionem
889 280 924 354 s.
948 291 1100 355 acation
1123 291 1315 355 nearent.
1806 287 1866 352 iis

159 423 981 502 diasepenumerointnlit,cumregnorumprineipescon·
996 429 1022 495 Α
1036 425 1144 498 gnibus
1160 425 1285 481 sublatis
1306 423 1465 481 hostilibus
1480 421 1687 494 subarraverit,
1704 423 1778 491 Quid
1794 440 1864 498 ergo

155 523 239 576 trase
254 503 410 590 aliqnando
421 515 513 573 moliti
524 521 602 572 sunt.
616 517 672 573 Nec
681 515 753 571 illud
769 516 855 572 etiam
866 517 979 590 ignoro,
1036 513 1098 587 spei
1113 513 1404 588 ulteriusenpectem,
1417 531 1484 570 cum
1495 513 1562 570 dolo
1574 513 1660 571 fidem
1671 513 1863 587 abruperit?-

155 613 266 683 quanta
276 608 357 664 salus
368 623 418 678 per
428 603 566 661 amicicie
577 605 713 661 virtutem
721 605 760 660 rei
773 605 895 678 publicae
906 622 982 660 coni·
1071 605 1115 659 83.
1130 605 1342 661 Declcrnotio⁸⁹⁶
1366 605 1459 676 quat⁹⁶
1479 605 1524 659 nai
1548 613 1611 660 suat
1630 604 1702 676 apud
1725 604 1866 660 duccm‘⁹⁶

154 703 257 772 parata
272 695 321 753 sit.
334 697 438 752 Fateor
453 693 596 750 haetenus
614 710 659 749 me
677 693 839 766 plurimum
854 692 982 749 coluisse
1035 693 1171 749 ana-Ad
1187 692 1248 747 hac
1263 692 1423 766 primates:
1444 714 1457 743 «
1472 693 1536 748 Non
1552 691 1648 748 solum
1664 693 1866 761 novimus,in·

153 803 256 860 pacem
285 790 314 841 et
337 784 534 850 concordiam,
556 782 680 838 invidias
704 788 793 854 atque
818 782 981 838 discordias
1036 782 1154 854 quiunt,
1178 781 1296 854 quantia
1318 781 1455 854 periculis
1480 780 1633 837 nobiscum
1658 799 1710 854 pro
1728 781 1866 838 Lethario

156 874 382 948 malignantium
398 873 463 930 odio
475 889 590 944 semper
605 871 752 927 habuisse.
763 871 983 944 Componantur
1037 887 1103 942 rege
1118 874 1206 942 eaput
1221 869 1371 941 obJeceria
1389 887 1490 926 verum
1509 887 1625 943 quoque
1636 873 1746 943 quanto
1759 870 1866 927 discri-

156 982 225 1038 ergo
240 981 291 1038 per
304 980 355 1020 vos
370 961 461 1018 animi
471 959 688 1026 dissidentium,
710 977 778 1015 nam
791 960 860 1015 huic
875 961 915 1016 rei
931 979 983 1018 vos
1038 960 1118 1015 mine
1134 958 1277 1015 claritudo
1293 959 1451 1015 tuaadbuc
1466 965 1569 1032 patens
1580 959 1629 1028 sit,
1646 960 1670 1016 ei
1686 965 1718 1016 ut
1733 961 1868 1017 lamaest

156 1055 239 1111 video
262 1051 442 1126 aptissimos,
458 1050 508 1122 qui
524 1054 592 1104 ante
608 1048 662 1103 bac
684 1054 788 1104 mutua
813 1049 922 1106 lesione
941 1051 982 1106 rei

158 1143 281 1217 publicar
288 1141 450 1215 plurimum
458 1138 982 1211 derogavinrus.Consiliivestriratio·

159 1249 226 1289 nem
241 1230 381 1304 approbo.
399 1227 491 1283 ttictis
513 1228 633 1282 tandem
658 1228 734 1283 sacta
756 1229 979 1284 consentiant,

155 1320 256 1394 Legati
271 1317 462 1392 persuasione
472 1316 574 1371 habita
584 1315 715 1383 redeunt,
728 1317 889 1389 ambosque
900 1334 983 1391 reges

49 1407 51 1411 ’
154 1407 324 1465 alterutrius
340 1404 565 1463 benivolentiam
577 1404 612 1459 ad
624 1403 799 1460 alterutrum
815 1407 983 1477 relerentes,

151 1510 184 1569 jn
200 1495 333 1552 amicicia
346 1498 536 1565 componunt.
553 1491 746 1549 constituitur
759 1497 877 1566 tempus
893 1493 984 1552 collo·

1038 1048 1100 1105 duo
1114 1065 1196 1121 reges
1212 1051 1313 1103 contra
1327 1051 1355 1104 tc
1371 1048 1611 1121 conspiraverint.
1632 1049 1705 1105 Nam
1720 1050 1746 1105 si
1765 1053 1868 1104 contra

1039 1140 1164 1193 alterum
1181 1136 1339 1193 exercitum
1355 1155 1408 1210 pro
1423 1138 1590 1194 detersione
1606 1138 1746 1205 moliaris,
1763 1139 1867 1195 ambos

1038 1231 1140 1282 contra
1156 1230 1184 1282 tc
1200 1230 1350 1282 moustare
1364 1225 1502 1282 invenies.
1520 1227 1549 1283 Si
1561 1231 1662 1284 contra
1672 1227 1868 1284 ambosnisus

1037 1314 1138 1382 fueris,
1154 1314 1282 1387 plurima
1298 1315 1486 1371 incommoda
1505 1316 1654 1373 incurrere
1669 1332 1787 1374 necesse
1811 1322 1867 1384 est,

1038 1403 1202 1477 equitatum
1218 1403 1443 1474 intolerabilem,
1472 1405 1596 1463 insidias
1616 1406 1806 1479 multiplices,
1822 1407 1867 1463 in·

1039 1493 1244 1566 cendia,atque
1255 1495 1384 1566 rapinas,
1394 1495 1505 1566 etquod
1515 1495 1677 1567 pessimum
1686 1500 1730 1552 cst
1740 1495 1868 1554 notarios

155 1584 377 1661 quendi.Locus
390 1581 506 1654 utrique
515 1581 861 1654 commodusdeputatur.
872 1583 985 1656 litquia
1040 1579 1124 1637 inlidi
1140 1581 1217 1655 vulgi
1234 1600 1378 1650 rumores,
1404 1583 1454 1655 qui
1477 1601 1535 1640 non
1560 1589 1662 1641 contra
1683 1585 1868 1643 adversarios

156 1672 361 1732 circalluvium
370 1671 481 1727 Mosam
491 1671 738 1743 reguaambcrum
748 1670 982 1742 conlimitabant,
1038 1688 1092 1727 uos
1108 1687 1239 1728 exercere
1250 1671 1449 1728 defensionem
1459 1672 1606 1746 loquetur,
1623 1678 1653 1729 at
1664 1674 1694 1730 in
1706 1673 1865 1732 rebellione

154 1764 184 1821 in
200 1764 297 1820 locum
320 1760 370 1834 qui
394 1759 554 1832 Margolius
569 1758 688 1827 dieitur,
703 1759 744 1816 cis
760 1760 815 1816 sibi
830 1778 981 1819 occurrere
1039 1761 1515 1834 contraregemtemerariosatque
1527 1763 1660 1835 perjuros
1673 1764 1867 1821 starecalum·

155 1853 276 1928 placuit.
1033 1847 1172 1905 niabitur.
1189 1851 1234 1905 Sic
1245 1850 1333 1905 etiam
1349 1851 1384 1906 ad
1406 1868 1610 1925 quoscumque
1628 1854 1765 1910 accedere
1780 1871 1867 1927 posse

189 1943 234 1999 8l.
250 1941 374 1999 Lotbcrii
387 1947 412 1996 ct
425 1940 459 1975 ⁴⁹³
474 1940 579 1996 Ottonis
601 1955 697 2006 repam
721 1941 877 1996 caeciliano
888 1941 931 1994 ⁴⁹³.
945 1971 979 1982 -
1033 1940 1204 2009 mencietur,
1216 1944 1248 1994 ut
1263 1939 1326 1994 sine
1343 1939 1463 2009 delicto,
1476 1940 1539 1997 sine
1553 1942 1676 2014 perjurii
1690 1940 1867 2016 sacrilegioa

153 2033 357 2099 Convenerunt
371 2047 448 2103 ergo.
476 2029 615 2102 Datisque
630 2029 750 2097 dextris,
767 2029 902 2086 osculum
923 2029 978 2086 sibi
1033 2027 1162 2083 dominis
1175 2028 1320 2096 recedant,
1338 2033 1366 2083 et
1384 2034 1484 2085 contra
1505 2028 1574 2086 illos
1590 2035 1761 2104 arroganter
1774 2033 1865 2088 cervi·

153 2122 217 2179 sine
229 2120 329 2193 aliqua
351 2118 562 2191 disceptatione
586 2118 798 2191 benignissime
813 2120 978 2185 dederunt;

151 2210 315 2269 amiciciam
331 2207 505 2265 altrinsecus
521 2212 704 2263 sacramento
722 2206 980 2264 stabilieruntssel·

151 2301 221 2375 gicae
237 2315 304 2371 pars
317 2315 381 2369 qua
397 2296 427 2351 iu
442 2295 492 2351 lite
504 2297 608 2362 luerat,
618 2296 647 2350 in
659 2296 710 2367 jus
723 2295 837 2351 Ottonis
848 2296 978 2352 transiit.

154 2389 231 2455 Otto,
241 2385 322 2459 regni
337 2385 383 2441 sui
404 2401 473 2456 paee
490 2382 980 2457 factaltaliampetiit,Romamque

154 2475 280 2542 devenit,
290 2471 514 2530 suosrevieurus
526 2476 613 2544 atque
621 2472 656 2527 de
667 2472 748 2544 regni
756 2477 834 2527 statu
842 2473 982 2545 quaesitu-

155 2559 979 2636 rus;compressurusetiamsiquitorteessenttumultus,

157 2659 186 2711 et
197 2651 409 2710 tumultuantes
420 2649 448 2705 in
458 2667 560 2722 pacem
573 2655 760 2706 revocaturus
773 2650 798 2706 si
811 2650 861 2723 qui
871 2652 981 2723 princi-

1035 2132 1084 2172 ees
1100 2115 1246 2172 attollant.
1262 2117 1356 2188 Hujus
1368 2117 1489 2189 periculi
1500 2124 1662 2175 extremum
1673 2125 1703 2176 et
1719 2119 1787 2176 utile
1797 2138 1867 2177 eon-

1035 2205 1133 2261 silium
1148 2206 1232 2261 nobis
1244 2206 1365 2274 videtur,
1379 2212 1410 2262 ut
1420 2224 1486 2263 cum
1496 2209 1553 2264 duo
1562 2213 1663 2265 contra
1674 2227 1727 2266 nos
1738 2211 1863 2282 conJ'un-

1039 2294 1078 2349 cti
1096 2294 1165 2358 sint,
1182 2294 1264 2350 alteri
1276 2294 1400 2350 alterum
1417 2296 1728 2361 subtrahamus.Quod
1745 2298 1769 2354 si
1782 2298 1868 2355 alteri

1035 2380 1107 2438 alter
1117 2383 1250 2439 subtrahi
1261 2389 1372 2456 nequit,
1380 2384 1485 2441 saltem
1496 2386 1525 2441 in
1536 2386 1700 2442 amiciciam
1713 2388 1797 2444 nobis
1817 2406 1866 2444 eo-

1036 2489 1100 2527 rum
1112 2471 1236 2527 alterum
1244 2472 1455 2544 devinciamus,
1465 2481 1495 2529 ut
1503 2474 1528 2530 al
1534 2480 1577 2530 ter
1587 2474 1864 2533 nobisnddictusal·

1035 2561 1090 2616 teri
1105 2561 1181 2616 vires
1192 2579 1250 2617 uon
1271 2563 1397 2634 prebeat
1416 2563 1614 2637 animumque
1628 2564 1785 2621 urinistrat.
1807 2565 1869 2622 lloc

1037 2667 1152 2722 quoque
1169 2650 1231 2705 fieri
1256 2650 1394 2723 possibile
1410 2658 1464 2720 est,
1482 2652 1506 2708 si
1528 2653 1626 2708 Romae
1643 2671 1720 2709 nune
1735 2655 1866 2726 positum

157 2740 498 2819 pumsortedissiderent.
509 2739 666 2795 lotharius
675 2755 741 2795 vero
754 2739 981 2797 Laudunumve·
1036 2738 1171 2796 Ottonem
1183 2738 1286 2812 legatis
1302 2740 1463 2812 praemissis
1479 2746 1622 2798 cantuset
1633 2742 1867 2815 circumspectus

158 2833 244 2890 niens
255 2831 334 2904 apud
349 2846 420 2887 suos
431 2845 554 2902 quaque
567 2827 762 2900 congruasibi
775 2831 980 2901 pertractabat.
1036 2826 1153 2884 adieris.
1167 2827 1230 2883 Non
1245 2828 1323 2884 enim
1348 2828 1391 2884 sic
1410 2828 1490 2901 parvi
1506 2833 1551 2885 cst
1566 2829 1678 2903 ingenii
1694 2831 1770 2899 Otto,
1788 2837 1821 2887 ut
1837 2837 1866 2888 te

157 2912 983 2993 Necjamquicquamapeiexducehabebat,cumpropter
1036 2916 1178 2988 potiorem
1204 2916 1340 2974 Lothario
1360 2917 1452 2974 armis
1475 2922 1504 2974 et
1527 2917 1632 2991 opibus
1656 2919 1780 2992 ignoret,
1795 2937 1865 2976 cnm

157 3027 258 3085 pacem
270 3008 337 3065 dolo
348 3005 512 3080 quesitam,
524 3023 582 3061 non
593 3005 778 3061 mediocriter
788 3022 983 3080 eumauepec-
1037 3010 1147 3078 sepc,el
1162 3005 1190 3062 id
1205 3006 1331 3062 audierit
1346 3012 1374 3063 et
1386 3024 1438 3080 per
1448 3023 1513 3064 sese
1523 3011 1660 3081 expertus
1675 3008 1722 3064 sit.
1739 3008 1822 3066 Unde
1837 3013 1867 3066 et

156 3092 983 3169 tumhaberet.(981.)cumjambaeoomniavulgopradica—
1037 3093 1153 3150 sacilius
1168 3094 1232 3165 ejus
1243 3094 1407 3151 amiciciam
1423 3094 1609 3168 adipisceris;
1627 3096 1756 3169 proderit
1774 3097 1865 3154 etiarn

155 3192 267 3255 rentur,
280 3183 414 3242 nonnulli
426 3199 544 3257 quoque
555 3181 830 3256 indeindignatipro
840 3184 976 3242 dueetre-
992 3169 1013 3238 G
1031 3182 1184 3256 sanguinis
1199 3183 1514 3257 vestri,propinquitas,
1531 3201 1598 3240 cnm
1616 3202 1697 3257 equa
1714 3190 1746 3241 ut
1761 3185 1867 3242 Letha-

126 3317 129 3321 -
155 3280 278 3342 merent,
290 3275 348 3332 dux
358 3271 503 3331 constanti
514 3266 614 3328 animo
628 3271 979 3332 tristitiamdissimulans
1034 3271 1097 3327 rius
1110 3273 1136 3328 ci
1151 3271 1181 3328 in
1197 3273 1251 3329 boc
1267 3273 1445 3347 conjugaris.
1462 3296 1476 3324 »
1866 3289 1871 3298 ’

152 3360 979 3433 omniaferebat,etsicutmoriseieratconsultcomniade·
1069 3361 1113 3418 st.
1131 3361 1198 3425 Quae
1223 3362 1368 3417 sententia
1388 3361 1501 3436 prolata
1516 3361 1682 3419 favoraliter
1690 3364 1722 3400 ‘⁹⁷
1734 3363 1801 3420 duci
1813 3363 1865 3421 ba-

120 3469 125 3479 *
151 3453 285 3522 liberare,
298 3449 849 3526 primatibusadvocatisdeclamaturus
859 3453 976 3509 resedit.
1033 3450 1093 3505 bita
1109 3455 1164 3506 est.
1176 3449 1291 3524 Legatis
1305 3449 1395 3524 igitur
1406 3450 1524 3507 directis
1535 3452 1594 3507 dux
1605 3452 1739 3509 animum
1753 3452 1862 3526 hujus·

187 3544 232 3599 82³..
250 3542 343 3600 Oratio
351 3540 385 3577 ⁸⁹⁸
398 3541 475 3596 dacis
496 3540 530 3575 ***
543 3539 617 3612 apud
640 3555 711 3596 auos.
735 3571 770 3581 -
794 3541 906 3607 Quibus
930 3559 978 3599 co·
1033 3539 1114 3595 modi
1130 3538 1228 3595 Ottoni
1239 3540 1331 3595 Rome
1342 3538 1490 3596 indicavit.
1502 3540 1567 3597 Otto
1576 3540 1653 3597 mira
1667 3540 1864 3599 benivolentia

151 3649 215 3690 ram
230 3632 272 3689 sie
287 3648 372 3688 orsus
387 3629 476 3702 cepit:
491 3652 505 3680 a
517 3629 581 3684 Non
593 3632 697 3701 prater
711 3629 840 3686 fructum
857 3631 937 3688 utilis
949 3636 978 3687 ct
1032 3626 1144 3700 legatos
1158 3628 1285 3701 excepit,
1302 3629 1338 3684 de
1353 3628 1488 3686 amicicia
1501 3646 1619 3703 quoque
1635 3628 1792 3687 interillos
1807 3629 1862 3689 ha·

152 3718 456 3778 honesticonsiliuma
467 3717 562 3774 doctis
577 3717 731 3791 expetitur.
744 3718 937 3785 Quibussolis
947 3725 977 3778 et
1031 3716 1127 3773 banda
1139 3734 1170 3772 se
1194 3717 1417 3789 paratissimum
1433 3735 1491 3775 nou
1507 3717 1633 3791 negavit.
1644 3719 1739 3785 ·Quod
1754 3718 1781 3775 si
1796 3719 1862 3792 ipse

151 3809 287 3866 decenter
306 3807 464 3876 acceditur,
476 3810 504 3864 et
514 3808 551 3863 ab
567 3806 609 3862 eis
625 3807 776 3863 fluctuanti
793 3808 844 3872 rei.
862 3808 977 3866 consilii
1031 3805 1090 3861 dux
1105 3806 1141 3862 ad
1158 3823 1188 3862 se
1203 3807 1322 3874 veniret,
1336 3811 1367 3862 ut
1379 3806 1507 3879 amplius
1518 3814 1640 3879 uterque
1654 3806 1861 3866 amicicievim

153 3895 472 3969 ratioaperitur.Vosin
482 3895 662 3952 consulendo
672 3896 975 3966 arbitroridone0s⁸⁹³,
1031 3894 1220 3967 experiretur,
1237 3911 1303 3951 eum
1323 3913 1390 3951 cum
1407 3896 1469 3952 sois
1483 3913 1514 3952 se
1527 3897 1664 3952 decenter
1677 3901 1706 3952 et
1719 3913 1788 3953 cum
1804 3896 1861 3954 ho-

152 4002 220 4043 oum
234 3986 270 4042 ab
286 3986 383 4042 animo
398 4001 456 4040 non
472 3984 726 4056 discedat,quauta
739 3985 845 4042 virtute
855 3992 884 4042 ct
898 3987 977 4061 inge·
1031 3999 1101 4038 nore
1116 3988 1317 4054 excepturum.
1329 3985 1426 4057 Legati
1443 3983 1561 4052 reversi,
1577 3983 1645 4040 duci
1659 3985 1798 4041 mandata
1815 4002 1860 4043 re-

151 4074 200 4131 nio
214 4074 313 4142 vestri,
339 4090 539 4146 sepenumero
565 4073 740 4129 adversariis
765 4075 973 4146 praenituerim.
1031 4071 1173 4128 tulerunt.
1186 4072 1249 4128 Dux
1263 4072 1352 4145 igitur
1367 4074 1510 4143 quosdam
1527 4090 1639 4146 magne
1654 4073 1816 4146 prudentiae
1832 4079 1861 4132 et

150 4161 283 4235 Cumque
296 4177 347 4218 vos
362 4159 581 4216 mihimnnibus
596 4165 624 4215 et
637 4167 820 4217 sacramanto
831 4163 975 4231 addictos,
1030 4159 1145 4216 astutiae
1160 4177 1327 4230 assumens,
1338 4162 1494 4217 Amulium
1511 4161 1644 4218 videlicet
1665 4161 1859 4220 Aurelianen-

149 4250 238 4308 fldem
249 4265 366 4323 quoque
376 4247 574 4304 inviolabilem
583 4252 749 4304 servaturos
764 4267 820 4305 riou
831 4251 973 4318 dubitem,
1030 4247 1107 4303 sium
1123 4247 1304 4320 episcopum,
1322 4254 1409 4323 atque
1426 4249 1628 4307 Burebardum
1642 4253 1797 4308 necnonm
1799 4293 1856 4310 .....

146 4336 761 4409 indubitanterafldelibusconsiliumpeto.
772 4340 885 4405 Quodsi
901 4341 974 4397 mibi
1028 4334 1857 4410 reliquosquoqueadmodumnecessariosviros,Romam

148 4427 386 4493 conceditur,vos
396 4424 484 4481 etiam
492 4424 715 4497 participabitis.
732 4425 762 4482 Si
774 4444 830 4482 non
843 4429 973 4502 suggeri·
1028 4425 1224 4498 progreditur.
1248 4427 1371 4483 Sanctos
1389 4427 1537 4501 apostolos
1553 4428 1686 4498 honorat,
1711 4435 1798 4502 atque
1813 4429 1857 4487 sic

148 4519 206 4583 tur,
222 4516 296 4571 sorte
311 4532 368 4571 non
385 4513 732 4586 abaritdispendiumcui
743 4515 893 4573 indecores
909 4535 972 4574 sue·
988 4537 1009 4600 Ι)
1028 4529 1125 4586 regem
1141 4515 1225 4586 petit.

148 4603 304 4661 cumbatis.
320 4604 394 4676 llrgo
409 4603 458 4677 qui
473 4621 525 4676 pro
540 4603 599 4658 vita
613 4603 884 4677 agitur,consilium
901 4606 972 4664 utile
1062 4605 1097 4658 85
1121 4602 1225 4660 Ottonis
1249 4605 1352 4660 ciantm
1375 4609 1491 4678 Hancne
1518 4609 1612 4663 sesam.
1637 4638 1672 4648 -
1696 4607 1762 4664 Otto
1791 4606 1855 4681 glo-

146 4690 307 4748 liberaliter
325 4690 496 4764 expromite,
518 4691 580 4748 Non
604 4692 683 4748 enim
710 4710 760 4750 vos
777 4691 847 4749 latet
861 4699 972 4766 quanta
1027 4691 1101 4747 riam
1112 4692 1168 4748 sibi
1184 4709 1287 4764 parare
1302 4693 1433 4767 cupiens,
1450 4713 1485 4751 ex
1500 4695 1647 4752 industria
1662 4696 1732 4769 egit,
1747 4700 1854 4753 utem·

147 4778 308 4838 subtilitate
322 4779 555 4849 doli,Lotbarius
570 4798 619 4836 rex
633 4781 785 4838 incautum
802 4799 848 4838 me
864 4783 970 4840 fefelle-
1026 4780 1116 4837 nibus
1131 4796 1148 4836 a
1163 4780 1298 4837 cubiculo
1314 4781 1393 4856 regio
1406 4783 1535 4855 emissiS,
1551 4784 1616 4855 ejus
1630 4783 1749 4858 gladius
1763 4800 1856 4858 super

146 4869 195 4938 rit,
211 4885 278 4925 eum
291 4869 402 4943 absque
410 4885 456 4924 mc
465 4868 562 4925 Ottoni
573 4870 754 4926 reconciliari
767 4872 888 4928 voluerit
898 4872 970 4928 sece-
1025 4867 1128 4925 sellam
1144 4868 1289 4942 plectilem
1305 4871 1510 4944 deponeretur,
1519 4872 1579 4929 dax
1588 4872 1678 4929 etiam
1693 4872 1773 4930 solus
1783 4888 1853 4930 cum

146 4956 252 5032 aitque.
270 4958 321 5016 Cui
338 4962 467 5014 anaante
481 4957 739 5030 penituscxcessit,
750 4956 840 5032 vqnam
854 4959 968 5016 liberali
1024 4957 1086 5014 solo
1102 4958 1238 5031 episcopo
1263 4959 1507 5028 introduceretur,
1523 4965 1555 5017 ut
1570 4977 1637 5035 rege
1651 4959 1797 5018 latiariter
1808 4960 1854 5017 lo-

145 5047 244 5103 animo
254 5049 399 5120 quantum
410 5043 572 5119 periculum
588 5061 745 5118 aggressus
760 5046 828 5114 sim,
840 5065 906 5103 cum
919 5065 969 5119 per
1024 5048 1130 5119 quante
1146 5046 1301 5119 episcopus
1312 5047 1466 5106 latinitatis
1477 5049 1617 5122 interpes,
1629 5049 1697 5105 duci
1711 5048 1852 5123 quicquid

145 5151 192 5193 me
206 5136 321 5193 bostem
337 5151 431 5207 nuper
443 5132 597 5206 fugaverit,
609 5133 753 5206 Belgicam
765 5151 880 5208 quoqne
896 5136 967 5193 insi·
1023 5135 1506 5212 dicereturjudicaret.lutrogressi
1519 5138 1646 5212 igitur,a
1657 5154 1724 5211 rege
1737 5138 1852 5212 ingenti

818 5303 938 5394 VAltlAE
958 5303 1168 5362 LEGTIONES.

179 5437 213 5472 ⁸⁰³
225 5440 263 5504 et,
281 5436 308 5491 ia
323 5435 396 5492 abac.
435 5436 468 5471 ***
483 5434 515 5490 0.
532 5435 549 5490 d
565 5436 637 5491 abac.
676 5436 709 5471 ‘⁹⁶
725 5435 744 5492 i.
761 5453 835 5509 quos
850 5441 879 5494 et
892 5437 1044 5512 ingenium
1059 5436 1207 5520 cogitandi
1222 5440 1251 5493 et
1266 5436 1339 5493 ratio
1350 5437 1464 5496 dicendi
1474 5438 1603 5497 reddidit
1613 5437 1850 5522 clarioresouos

145 5524 205 5564 non
221 5507 324 5562 dubito
342 5508 377 5563 dc
391 5506 515 5580 pernitie
538 5508 681 5591 bonorum
697 5506 805 5578 dolere,
831 5510 940 5580 quibus
956 5509 1067 5594 ingenti
1087 5512 1193 5591 virtute
1214 5509 1396 5593 propositum
1412 5512 1451 5567 sit
1466 5510 1608 5584 improbis
1622 5510 1788 5585 displicere.
1812 5510 1850 5567 ct

143 5579 241 5636 deleta.
280 5580 314 5613 ⁸⁹⁸
330 5582 379 5649 Dc,
395 5579 561 5650 qu‚dabse.
600 5579 631 5614 ‘⁰⁴
648 5587 687 5634 sto
702 5596 726 5635 c.
765 5580 1061 5638 ⁸⁹⁸lcr1nvucatmc.
1100 5581 1133 5616 ⁸⁰⁰
1148 5597 1157 5634 1
1172 5595 1249 5647 cum,
1264 5595 1341 5637 assic
1356 5583 1429 5638 abac.
