3878 6098
132 335 171 403 27
342 328 347 336 ’
683 344 841 410 Blllllliltl
864 348 897 410 S.
921 333 1074 412 BBlllGll
1096 343 1287 410 MONACHI.
1797 339 1839 404 28

131 473 195 532 Jen.
212 473 250 547 l).
267 473 446 533 'tumulatur
459 471 481 512 ⁸⁸
495 491 562 534 vero
577 493 644 534 cum
668 477 691 513 ⁸⁸
719 479 812 535 multo
836 497 958 537 suorum
972 482 1000 549 A
1014 478 1098 537 lateri
1113 479 1194 535 solus
1218 478 1349 544 hereret,
1374 475 1494 550 pilleum
1514 473 1632 532 etiams
1647 473 1742 547 capite
1760 474 1838 548 regis

133 560 272 631 lamento,
289 564 320 619 in
332 564 454 622 basilica
466 565 559 621 sancti
572 567 594 602 ⁸²
609 566 729 623 Dionisii
746 569 885 624 martiris.
1012 567 1166 641 sepissime
1194 571 1357 640 sumptum,
1374 564 1471 638 palam
1487 562 1543 620 sibi
1565 563 1738 636 imponeret.
1755 563 1837 626 Quod

171 653 213 708 tl.
225 653 310 710 liores
318 655 425 710 Kereli.
435 686 469 694 -
478 655 603 713 Karalus
614 656 711 729 itaque
722 673 771 713 rex
782 662 909 723 creatus,
920 658 955 713 ad
1012 657 1099 713 etiam
1109 656 1231 712 multam
1242 656 1301 729 regi
1310 655 1409 710 intulit
1418 653 1513 709 labem
1522 654 1553 708 ⁸⁸.
1565 653 1686 709 Etenim
1698 652 1838 725 primates

133 742 260 799 multam
279 744 505 800 benivolentiam
526 746 704 802 intendelJat.
721 746 846 819 Corpore
876 764 956 818 pres·
1012 745 1042 801 id
1058 746 1183 801 serentes
1199 745 1364 818 indignum,
1382 759 1478 816 regem
1495 743 1613 809 adeunt,
1628 758 1661 797 ac
1676 741 1753 812 apud
1769 757 1838 796 eum

133 832 342 906 tunti,ingenio
350 833 424 889 bono
433 833 657 907 simpliciqueu.
670 835 818 891 Exercitiis
827 835 958 891 militari·
1012 835 1084 892 satis
1092 836 1114 870 ⁸⁸
1125 833 1512 906 conqueruntur,hominem
1522 829 1655 887 obscuris
1665 830 1838 903 parentibus

134 921 958 980 busnonadeoassuetaetnsdtlittorisliberalibusadmo-
1011 927 1125 991 uatum,
1143 923 1228 997 rogia
1243 923 1378 996 dignitati
1394 922 1520 977 multum
1533 921 1682 991 derogare,
1693 934 1761 973 cum
1777 918 1836 973 acsi

134 1011 205 1067 dum
216 1011 359 1067 eruditus.
372 1012 403 1066 ln
420 1013 516 1068 dando
532 1013 680 1084 profusus,
698 1013 821 1069 minime
840 1031 955 1080 avarus,
1012 1012 1405 1087 indigentianobilium,ipse
1416 1016 1568 1080 tamquam
1577 1006 1765 1063 consulturus
1777 1005 1838 1078 regi

111 1137 115 1141 -
134 1099 249 1173 Duplici
265 1101 366 1157 morbo
379 1101 526 1169 notabilis,
544 1102 676 1158 libidinis
699 1103 908 1174 intemperans,
924 1119 958 1157 ac
1012 1102 1140 1159 assistat.
1159 1103 1192 1157 Bt
1207 1101 1263 1157 nisi
1280 1105 1391 1157 atanta
1406 1097 1617 1155 consuetudine
1628 1099 1733 1160 cesset,
1745 1111 1839 1150 sessa

134 1187 211 1245 eirca
224 1191 407 1262 exsequenda
426 1191 536 1262 juditia
559 1192 644 1263 paulo
670 1190 869 1263 neglegentior
892 1191 956 1246 luit.
1013 1192 1089 1265 regis
1105 1191 1225 1248 consilio
1241 1191 1357 1262 penitus
1372 1190 1564 1245 discessuros.
1577 1186 1637 1243 Rex
1648 1183 1840 1242 dissuasioni·

135 1277 294 1334 Galliarum
312 1278 457 1353 principes
465 1280 489 1335 ei
500 1280 601 1335 animo
612 1295 645 1334 ac
659 1283 842 1334 sacramento
853 1279 957 1335 annexi
1012 1281 1068 1336 bus
1085 1280 1132 1336 his
1147 1280 1268 1335 minime
1284 1277 1430 1343 credulus,
1445 1295 1462 1332 a
1477 1276 1582 1332 dilecto
1598 1273 1764 1330 noncessit.

135 1371 214 1422 sunt.
232 1368 348 1423 Necnon
366 1375 393 1423 ol
408 1368 564 1423 ltotbertos
593 1367 703 1423 Odonis
728 1368 804 1440 regis
828 1368 956 1424 defuncti
1050 1370 1093 1424 16.
1110 1370 1196 1439 (920.)
1213 1369 1399 1438 Indipectio⁸⁸
1411 1367 1532 1423 lietberti
1542 1366 1563 1399 ⁸⁸
1576 1366 1604 1420 ie
1618 1365 1792 1433 llcponenem
1803 1363 1836 1415 ⁸⁸.

133 1454 231 1522 trater,
248 1456 292 1510 vir
316 1455 480 1512 industrius
494 1461 581 1528 atque
597 1456 716 1512 audatia
733 1456 879 1529 plurimus
895 1475 958 1514 sese
1012 1489 1046 1498 -
1062 1459 1174 1514 lnterea
1197 1457 1314 1529 Belgica
1329 1458 1351 1492 ⁸⁸
1366 1455 1489 1512 urbibus
1501 1457 1524 1490 ⁸⁸
1539 1458 1626 1527 atque
1652 1451 1767 1524 oppidis
1789 1450 1838 1505 Br-

133 1544 328 1600 militaturnm
354 1544 413 1616 regi
430 1546 632 1600 accommodat
645 1546 676 1600 ⁸⁸.
699 1548 789 1612 Quem
806 1547 893 1603 etiam
909 1565 959 1603 rex
1013 1547 1146 1604 missime
1158 1547 1284 1618 optentis
1295 1547 1326 1612 ⁷⁰,
1338 1544 1368 1600 in
1380 1544 1516 1600 Celticam
1527 1543 1610 1610 redit,
1623 1559 1657 1597 ac
1667 1541 1737 1596 urhe
1748 1541 1838 1595 Sues-

134 1631 246 1688 Celtica
262 1633 366 1688 ducem
382 1634 513 1706 preficit,
529 1651 563 1689 ae
578 1633 607 1688 in
623 1651 658 1690 ea
672 1635 804 1691 omnium
821 1637 959 1708 gerendo·
1012 1636 1113 1693 sonica
1128 1635 1231 1708 recipit
1246 1651 1319 1691 sese.
1337 1634 1398 1690 Huc
1414 1650 1448 1689 ex
1472 1632 1550 1688 omni
1576 1631 1669 1686 Gallia
1691 1627 1838 1703 principes

134 1737 200 1778 rum
216 1721 413 1778 ordinatorem
442 1723 593 1790 concedit,
610 1724 786 1795 ojus⁸⁸lere
812 1742 863 1796 per
886 1742 957 1797 qua·
1013 1726 1174 1782 eonlluunt.
1189 1723 1251 1779 Huc
1266 1724 1353 1780 etiam
1369 1721 1498 1777 minores
1510 1723 1531 1756 ⁸⁸
1549 1719 1640 1775 multo
1656 1720 1752 1774 lavoro
1768 1734 1837 1772 con-

133 1810 301 1867 driennium
330 1811 451 1868 consilio
475 1818 570 1879 utens,
597 1813 682 1884 eique
706 1814 866 1869 admodum
889 1831 957 1870 con·
1011 1814 1361 1885 veniunt⁷⁸,lnterquos
1388 1828 1455 1866 cum
1481 1811 1647 1875 Botbertus,
1671 1807 1701 1862 in
1728 1807 1839 1876 majore

133 1915 282 1956 suescens.
294 1902 317 1955 Α
331 1919 389 1974 quo
400 1918 451 1975 per
461 1902 627 1958 Neustriam
636 1902 779 1959 deductus
790 1903 823 1974 ⁸⁸,
834 1903 957 1960 urbibus
1012 1903 1106 1977 gratia
1116 1904 1194 1976 apud
1205 1919 1302 1975 regem
1313 1918 1376 1957 sese
1389 1899 1488 1956 haberi
1500 1901 1626 1973 putaret,
1638 1900 1738 1969 utpote
1749 1910 1836 1966 quem

133 1991 221 2060 atque
236 1990 352 2063 oppidis
367 1991 402 2046 ah
427 2007 460 2046 eo
474 1995 672 2063 receptusest.
685 1991 850 2064 Urbemqne
865 1995 957 2050 Turo-
1012 1993 1117 2049 ducem
1133 1993 1162 2047 in
1178 1991 1285 2047 Celtica
1302 1989 1441 2046 omnibus
1457 1988 1633 2061 praefecerat,
1657 2001 1725 2040 cum
1741 2000 1791 2039 rex
1807 1982 1837 2035 in

132 2077 228 2134 nicam
246 2082 357 2151 petens,
374 2079 583 2152 plurimaauri
608 2081 820 2154 atqueargenti
837 2081 955 2149 talenta,
1012 2079 1119 2153 palatio
1139 2080 1272 2150 sedisset,
1289 2080 1353 2151 ejus
1376 2080 1463 2151 jussu
1492 2078 1551 2132 dux
1578 2077 1687 2140 dexter,
1717 2077 1837 2144 Hagano

134 2171 236 2223 sancto
252 2167 378 2224 Martino
389 2167 547 2224 liberaliter
557 2169 696 2242 impertit.
709 2172 732 2224 Α
744 2171 828 2241 cujus
841 2170 958 2226 servito·
1012 2186 1129 2242 quoquo
1145 2169 1170 2224 ei
1185 2169 1266 2224 levus
1282 2168 1390 2241 pariter
1405 2166 1521 2222 resedit.
1535 2164 1691 2221 lietbertus
1701 2177 1767 2217 vero
1779 2161 1839 2215 dux

133 2253 215 2311 ribus
231 2273 282 2329 pro
297 2273 361 2313 sese
376 2257 437 2313 steri
460 2257 678 2329 deprecationes
700 2258 864 2329 postulans,
890 2276 957 2332 per·
1011 2259 1098 2315 tacite
1108 2258 1262 2330 indignum
1276 2257 1549 2329 lereBatpersonam
1561 2253 1737 2309 mediocrem
1747 2251 1769 2284 '⁸⁸
1780 2248 1836 2304 sibi

132 2344 222 2416 patim
245 2344 407 2402 cotidianas
432 2345 568 2401 obtinuit.
586 2347 656 2402 lnde
680 2363 796 2418 quoque
820 2348 958 2404 omnibus
1012 2347 1132 2420 aquari,
1145 2345 1389 2419 magnatibusque
1402 2342 1677 2417 praeponieltiram
1687 2338 1837 2412 mitigans,

134 2431 260 2489 obtentis
276 2433 403 2502 rediens,
421 2433 566 2508 Belgicam
583 2435 697 2507 repetit,
714 2452 746 2491 ac
757 2441 892 2491 sanctum
909 2437 960 2492 Re·
1011 2437 1145 2494 animum
1162 2434 1378 2503 dissimulabat,
1395 2435 1442 2489 vix
1453 2434 1511 2507 regi
1522 2450 1613 2506 pauca
1625 2430 1749 2487 locutus.
1763 2427 1839 2484 Cele-

133 2519 257 2593 migium
282 2522 367 2578 donis
388 2523 513 2597 egregiis
536 2523 670 2580 honorat.
696 2526 730 2580 ut
753 2524 795 2580 sic
820 2523 958 2581 Rotberto
1013 2527 1075 2583 rius
1091 2543 1159 2599 ergo
1174 2525 1277 2599 surgit,
1291 2541 1399 2581 aecum
1409 2520 1636 2579 suisconsilium
1646 2520 1767 2576 confert.
1777 2520 1838 2583 Quo

133 2608 227 2667 Gallia
238 2611 260 2645 ⁸⁸
272 2609 378 2667 Celtica
391 2612 505 2680 collata,
519 2612 548 2668 in
560 2613 717 2669 saxoniam
728 2614 750 2648 ⁸⁸
762 2614 818 2686 (67)
828 2614 956 2682 secedit3
1012 2614 1126 2682 collato,
1144 2615 1205 2688 regi
1217 2631 1268 2687 per
1283 2613 1393 2687 legatos
1408 2612 1548 2685 suggerit,
1565 2626 1628 2667 sese
1643 2607 1769 2682 perterre
1781 2624 1838 2662 non

133 2700 218 2770 eujus
235 2700 322 2756 urbes
337 2702 479 2774 sedesque
492 2701 586 2775 regias
601 2700 732 2758 lustrans
747 2719 814 2759 cum
830 2702 956 2776 oppidis,
1012 2721 1100 2778 posse
1115 2704 1171 2759 sibi
1184 2704 1371 2777 Haganonem
1382 2701 1502 2775 aquari,
1516 2697 1749 2773 primatibusque
1760 2699 1840 2751 ante-

134 2787 215 2845 nullo
238 2790 380 2846 renitente
404 2790 540 2846 obtinuit.
566 2791 619 2847 Ubi
641 2792 663 2826 ⁸⁸
678 2791 765 2847 etiam
790 2791 956 2847 Heinricum
1014 2793 1093 2849 ferri.
1109 2793 1266 2866 Indignum
1284 2793 1372 2848 etiam
1387 2791 1477 2847 videri
1501 2786 1671 2860 hujusmodi
1688 2784 1838 2841 hominem

133 2877 213 2951 regio
228 2894 332 2951 genere
355 2878 500 2947 inclitum,
517 2896 550 2936 ac
574 2879 642 2936 inde
669 2880 837 2948 oriundum,
854 2882 958 2936 ducem
1013 2881 1073 2954 regi
1085 2880 1203 2947 herere,
1216 2878 1399 2936 etGallornm
1412 2873 1839 2948 nobilissimoslongeabsiste-

134 2967 272 3023 omnibus
288 2967 418 3039 praellcit.
435 2969 618 3024 Sarmatas⁸⁰
629 2969 740 3041 absque
750 2967 850 3040 proelio
862 2969 959 3026 subdi·
1014 2985 1063 3038 re;
1080 2986 1167 3042 quem
1181 2968 1237 3025 nisi
1253 2969 1282 3022 in
1307 2967 1538 3023 mediocritatem
1554 2964 1675 3036 redigat,
1692 2978 1756 3018 sese
1771 2977 1838 3016 oum

133 3058 179 3112 tos
194 3055 306 3111 babuit.
322 3054 431 3130 Anglos
446 3059 467 3092 ⁸¹
484 3074 601 3130 quoque
616 3074 649 3113 ac
664 3057 792 3130 reliquos
812 3061 959 3114 transma-
1014 3058 1123 3114 crudeli
1133 3057 1292 3131 suspendio
1304 3057 1525 3112 suffocaturum.
1538 3055 1597 3109 Rex
1608 3052 1704 3108 dilecti
1715 3049 1842 3123 ignomi-

134 3142 264 3200 rinorum
290 3145 424 3218 populos,
443 3147 518 3203 mira
533 3146 728 3202 benivolentia
740 3147 764 3182 ⁸⁸
779 3145 834 3202 sibi
850 3147 958 3220 adegit.
1015 3148 1095 3202 niam
1116 3164 1173 3203 non
1200 3164 1317 3220 passos,
1340 3144 1455 3201 facilius
1477 3160 1508 3199 se
1531 3143 1664 3199 omnium
1684 3138 1841 3212 colloquio,

133 3231 187 3288 Vix
202 3235 302 3289 tamen
316 3234 338 3269 ⁸⁸
354 3251 405 3305 per
414 3235 589 3291 decennium
600 3236 632 3289 ⁸⁸.
645 3236 679 3291 Bt
690 3235 763 3291 forte
773 3233 959 3291 felicissimus
975 3217 996 3283 C
1016 3252 1106 3308 quam
1121 3234 1211 3307 huJus
1228 3233 1428 3290 familiaritate
1448 3247 1533 3305 posse
1559 3245 1656 3286 carere
1681 3225 1841 3299 respondit.

134 3337 187 3394 per
201 3320 300 3379 omnia
314 3321 429 3390 luisset,
446 3322 470 3378 si
485 3323 515 3378 in
530 3341 588 3379 uno
604 3323 729 3378 nimium
746 3340 803 3379 non
823 3327 959 3380 errasset.
1015 3323 1096 3391 Quod
1111 3323 1236 3379 nimium
1263 3323 1419 3379 liethertus
1435 3320 1615 3393 indignatus
1632 3333 1700 3373 cum
1715 3315 1844 3388 optima-

169 3408 214 3466 t5.
229 3411 323 3466 Nimia
338 3411 434 3468 llereli
448 3413 471 3447 ⁸⁸
485 3411 594 3468 dilectio
621 3412 644 3448 ⁸⁸
658 3428 725 3480 erpa
739 3413 913 3483 llepoeouem
926 3413 959 3466 ⁸⁸.
1015 3412 1096 3468 libus
1105 3410 1253 3484 plerisque
1263 3411 1395 3483 injussus
1406 3408 1571 3467 Neustriam
1583 3407 1667 3481 petit,
1677 3422 1710 3460 ac
1719 3402 1844 3460 Turonis

133 3528 169 3540 -
191 3498 348 3554 Nemeum
365 3500 458 3556 multa
472 3499 650 3572 benignitate
676 3498 822 3571 principes
844 3498 960 3566 coleret,
1016 3517 1080 3556 sese
1096 3500 1206 3572 recipit.
1223 3498 1346 3555 Multam
1358 3499 1444 3554 ibide
1455 3496 1531 3569 regis
1544 3491 1844 3565 levitateindignatio-

133 3586 281 3660 precipua
295 3592 394 3644 tamen
409 3587 588 3644 beatitudine
617 3588 807 3660 Haganonem
823 3587 959 3655 babebat,
1017 3590 1244 3646 uem⁸⁸habens
1255 3587 1481 3644 Plurimaetiam
1494 3585 1564 3641 utin
1576 3601 1608 3640 se
1618 3580 1843 3639 transfundatur

134 3675 962 3749 quemexmediocribuspotentemellecerat;adeoutma-
1017 3694 1115 3734 rerum
1128 3695 1255 3744 summa,
1268 3678 1345 3750 apud
1357 3694 1427 3733 suos
1438 3679 1521 3732 caute
1534 3676 1725 3748 pertractans.
1737 3669 1843 3732 Quam·

133 3764 272 3838 gnatibus
288 3764 455 3838 quibusque
469 3764 554 3838 longe
569 3763 792 3830 absistentibus,
803 3762 867 3836 ipse
883 3764 961 3838 regio
1016 3768 1061 3822 vis
1084 3768 1107 3802 ⁸⁸
1122 3767 1230 3823 etenim
1256 3766 1315 3839 regi
1336 3766 1359 3800 ⁸⁸
1384 3765 1500 3829 faveret,
1531 3779 1588 3819 non
1611 3761 1634 3796 '⁸⁸
1658 3756 1844 3814 mediocriter

810 3871 931 3927 VARIAE
951 3873 1160 3932 LBCTIONBS.

170 3959 334 4025 ⁸⁸tu,cum
369 3977 409 4028 m,
439 3949 470 4019 se
501 3960 617 4016 absciso.
661 3961 684 3995 ⁸⁸
711 3978 735 4016 s.
766 3960 813 4016 cui
842 3961 929 4017 etiam
960 3962 989 4017 in
1020 3963 1124 4036 primis
1154 3962 1355 4020 adolescentia
1381 3960 1476 4016 annis.
1494 3976 1549 4032 pax
1575 3961 1664 4030 atque
1692 3952 1839 4024 tranquil-

134 4027 257 4085 litasrei
280 4030 403 4101 publica
428 4030 585 4089 concordia
609 4047 741 4086 suorum.
771 4032 965 4088 commoditas
992 4033 1173 4106 privatorum
1202 4038 1286 4114 pata
1314 4034 1404 4087 luere.
1435 4032 1465 4087 ld
1493 4047 1560 4086 vero
1586 4029 1615 4084 in
1639 4025 1717 4084 brevi
1744 4026 1841 4080 deleta.

134 4100 159 4137 ¹⁸
186 4118 213 4156 a.
236 4101 295 4157 Rex
318 4117 386 4174 ergo
402 4101 584 4177 principibus
613 4100 750 4173 stipatus,
781 4118 814 4157 ac
837 4101 929 4158 multo
954 4120 1075 4160 suorum
1099 4105 1240 4176 obsequio
1267 4102 1395 4159 inclitus.
1422 4119 1502 4158 more
1526 4100 1605 4174 regio
1627 4098 1707 4170 leges
1733 4095 1841 4151 condit.

135 4187 169 4227 ac
199 4171 315 4228 decreta
343 4173 440 4230 edicit.
471 4173 643 4231 Rotbertum
669 4189 785 4245 quoque
813 4171 909 4228 deleta.
939 4173 961 4207 ⁸⁸
984 4175 1015 4232 B.
1046 4175 1207 4247 plurimum
1236 4176 1363 4231 deletam.
1388 4175 1454 4228 ⁸⁸d.
1472 4191 1536 4245 quac
1563 4176 1607 4227 est
1636 4168 1744 4225 celtica
1773 4183 1843 4249 pars

134 4241 232 4298 delete.
271 4245 292 4278 ⁸⁸
322 4245 385 4302 lloec
420 4264 505 4320 espec
531 4243 651 4318 prollcit
680 4243 855 4300 Blsleltordes
899 4245 1000 4315 llraup.
1031 4249 1060 4302 in
1103 4247 1167 4303 hist.
1198 4248 1322 4303 Heinrici
1349 4245 1394 4302 sect
1422 4245 1496 4300 tend
1524 4249 1650 4298 accurate
1687 4240 1841 4310 exscripsit.

134 4315 157 4350 ⁸⁸
173 4312 314 4388 belgicam
330 4333 400 4372 corr.
418 4317 579 4374 saxoniam.
596 4316 619 4350 ⁸⁸
631 4315 679 4370 ubi
693 4331 779 4387 usque
808 4314 927 4386 pransu
941 4319 1104 4388 corriperetis
1117 4334 1203 4373 mane
1218 4318 1331 4383 adiecto.
1358 4318 1380 4352 ⁸⁸
1396 4317 1425 4371 S.
1442 4330 1558 4388 quoque
1582 4314 1709 4369 deletam.
1739 4311 1760 4345 ⁸¹
1783 4315 1842 4363 An·

135 4384 251 4460 glorum
280 4387 409 4445 deletam.
438 4391 461 4426 ⁸⁸
476 4391 504 4445 b.
522 4386 648 4443 militare
676 4387 805 4444 deletum.
834 4387 918 4447 ⁸⁸eo,
946 4387 1029 4444 nium
1054 4390 1170 4446 discisa.
1197 4391 1220 4424 ⁸⁸
1249 4389 1276 4444 ia
1305 4387 1409 4457 llaroli,
1441 4387 1478 4452 ic,
1505 4389 1693 4459 Haganonem
1724 4382 1842 4435 absciso.

170 4458 193 4493 ⁸⁸
210 4457 406 4517 calamitatem
421 4478 493 4518 corr.
511 4459 617 4516 labem.
648 4457 671 4492 ⁸⁸
686 4475 710 4513 s.
728 4457 795 4513 inde
818 4457 946 4513 deletam.
972 4461 994 4494 ⁸⁸
1018 4460 1107 4528 natio,
1134 4461 1232 4527 tberti,
1261 4475 1385 4516 aconem
1400 4459 1514 4514 discisa.
1539 4457 1561 4492 ⁸⁸
1577 4458 1605 4511 in
1633 4456 1688 4510 loce
1712 4467 1775 4507 raso
1798 4450 1844 4506 sea

135 4535 287 4586 atramento
301 4539 327 4587 et
341 4533 551 4590 multaciam.
569 4527 729 4586 Galliarum
746 4528 923 4585 Ellebordas
947 4546 994 4601 put
1020 4533 1076 4587 lec
1090 4535 1246 4605 exscripsit.
1275 4532 1298 4566 ⁸⁸
1312 4530 1423 4587 finibus
1447 4545 1519 4584 cerr.
1534 4527 1667 4583 urbibus.
1698 4524 1721 4559 ⁸⁰
1735 4539 1761 4578 o.
1776 4538 1844 4577 cum

135 4598 283 4670 paschalis
298 4601 480 4660 sollemnitas
496 4599 673 4665 immineret,
691 4600 865 4681 Aquisgrani
880 4599 988 4672 palatio
1003 4619 1067 4659 sese
1082 4603 1199 4676 recepit.
1217 4605 1278 4660 lluc
1292 4601 1398 4659 Eitea
1414 4601 1435 4637 ⁷¹
1452 4598 1614 4656 mediocres
1630 4595 1728 4652 Blitea.
1742 4595 1842 4674 ⁷⁸con-

135 4668 273 4738 veniunt3
292 4676 397 4728 assunt
411 4679 440 4730 et
455 4676 555 4740 duces,
572 4689 606 4728 ex
621 4671 748 4727 Saxonis
763 4670 882 4742 quidem
898 4671 1063 4741 Heinricus,
1080 4692 1112 4731 ex
1129 4673 1221 4730 Gallia
1237 4674 1424 4747 Bootpertus.
1440 4671 1564 4728 cottidie
1579 4685 1664 4725 secus
1678 4667 1754 4721 loros
1773 4663 1843 4736 regri

136 4740 264 4797 cubiculi
281 4747 412 4809 manent,
428 4745 547 4802 cottidie
562 4758 715 4815 egressum
730 4758 760 4798 re
782 4741 836 4797 isa
851 4743 1050 4814 penetralibus
1065 4745 1136 4802 aula
1152 4745 1360 4818 prestolantur.
1377 4744 1448 4799 Cum
1461 4759 1529 4798 vero
1539 4740 1654 4797 nullum
1666 4737 1709 4793 eis
1724 4736 1761 4791 ab
1777 4752 1845 4807 rege

137 4828 312 4884 responsum
328 4830 380 4888 per
395 4815 457 4873 dies
472 4820 599 4889 quatuor
613 4813 742 4878 daretur,
754 4759 907 4883 lleinricus
918 4814 1124 4874 molestissime
1136 4817 1241 4885 terens,
1255 4817 1364 4872 dixisse
1375 4815 1476 4881 lertur,
1488 4818 1540 4868 aut
1550 4813 1738 4885 Haganonem
1753 4822 1845 4878 quan-

135 4884 232 4955 doque
245 4901 312 4940 cum
329 4886 435 4943 Karolo
451 4889 653 4959 regnaturum,
669 4887 720 4940 aut
733 4883 871 4940 Karolum
888 4902 955 4941 cum
975 4887 1132 4961 Haganone
1143 4889 1178 4944 ad
1190 4904 1288 4944 rerum
1300 4885 1530 4942 mediocritatem
1542 4885 1755 4943 deventurum
1771 4876 1845 4932 indi-

136 4969 291 5029 gnansque
306 4974 372 5030 rege
388 4957 554 5014 inconsulto
568 4955 715 5011 discessit.
731 4955 906 5012 Ellebordas
923 4960 1024 5029 llroep.
1039 4963 1088 5031 qui
1101 4960 1197 5015 deinde
1211 4960 1299 5015 tribes
1309 4958 1389 5013 lineis
1400 4956 1651 5012 reconciliationem
1661 4949 1784 5006 Heinrici
1796 4964 1846 5019 per

136 5028 297 5095 Heriueam,
314 5031 391 5100 infra
404 5045 482 5102 copp.
498 5030 543 5096 23,
560 5029 605 5083 2l.
621 5035 792 5093 caenatum,
806 5029 913 5084 scribit.
930 5031 1086 5102 Superioris
1099 5031 1211 5103 sabate,
1226 5030 1288 5085 licet
1297 5029 1378 5098 penio
1389 5028 1498 5084 Bicleri
1512 5022 1771 5102 optimececceniot,
1784 5020 1846 5101 eset

136 5097 195 5153 lum
210 5099 239 5154 in
255 5099 510 5170 codiceoestipicm,
521 5115 571 5156 nec
583 5115 669 5154 ccmo
684 5099 798 5154 Biclterc
810 5100 961 5171 profectam
972 5117 1038 5171 esse,
1054 5104 1180 5158 narratio
1194 5103 1270 5181 infru
1284 5116 1361 5172 capp.
1372 5101 1408 5154 20
1417 5099 1540 5154 decemo
1550 5095 1708 5153 inimicitie
1717 5092 1845 5148 Hetaerice

136 5168 259 5296 roffi}
276 5170 317 5243 Cf.
333 5187 418 5245 sepro
430 5188 495 5244 pap.
511 5172 574 5228 566.
604 5170 626 5204 ⁸³
640 5167 799 5242 ignobilem
813 5186 836 5226 c.
854 5171 1043 5230 mediocrem.
1070 5173 1093 5208 ⁸⁸
1108 5170 1322 5244 querimoniam
1337 5187 1360 5226 c.
1378 5170 1619 5244 indignationem.
1649 5161 1671 5199 ⁸⁸
1687 5164 1719 5232 t),
1736 5178 1760 5232 r,
1786 5177 1844 5217 non

931 5333 1048 5390 NOTAE.

173 5419 229 5491 (67)
245 5419 296 5476 Ηίο
311 5424 340 5476 et
354 5420 384 5476 in
399 5420 590 5494 sequentibus
604 5419 689 5476 lectio
711 5419 792 5544 prior
806 5436 872 5474 cum
887 5437 961 5492 prae-
1016 5420 1191 5494 Uraugiensi
1215 5419 1367 5494 exscriptis
1393 5416 1513 5474 omnino
1537 5412 1681 5487 neganda,
1697 5415 1725 5466 et
1750 5409 1844 5464 histo·

137 5489 213 5546 senti
229 5489 345 5556 collata,
361 5497 519 5556 auctorem,
537 5492 708 5563 insanoque
731 5507 777 5545 am
789 5491 885 5563 gentis
900 5496 962 5547 stu·
1017 5492 1085 5549 rieis
1095 5494 1130 5548 ad
1140 5480 1844 5567 antiquamlectioneminlraadnotatamredeun·

136 5558 186 5616 dio
201 5561 371 5629 abductum,
389 5563 484 5637 Belgis
509 5564 648 5629 Saxones,
665 5559 836 5642 ‘Gisleberto
851 5561 963 5618 Heinri-
1017 5564 1156 5620 domest.

137 5647 205 5689 eum
219 5632 409 5692 substituisse
419 5635 512 5693 docet.
526 5635 610 5692 Fides
621 5630 731 5690 turnus
741 5631 779 5688 ad
789 5631 962 5692 Blskehardo
