3878 6098
139 278 197 337 741
472 273 642 335 APPENll.
665 276 716 335 All
739 274 832 334 SAEC.
857 274 894 335 X.
912 307 950 316 -
966 274 1217 336 ilthUltlENl'A
1242 275 1516 338 ultitottttt‘lclt.
1789 278 1846 339 748

140 409 275 464 nimmia
288 405 697 479 hospitiosuscepisset,sicut
709 405 770 479 ipse
782 405 967 462 forbannitus
981 407 1009 474 Α
1025 405 1085 462 tulo
1107 408 1152 471 56,
1169 424 1227 479 quo
1251 407 1359 463 dicitur
1387 408 1423 464 do
1450 407 1614 465 latronibus
1629 408 1680 480 qui
1709 425 1847 479 mannam

140 501 169 554 et
183 501 217 552 ut
231 495 358 552 infidelis
369 496 527 565 judicetur.
1020 494 1129 553 hahent
1152 496 1377 569 blasphemiam.
1395 498 1577 570 Quicumque
1602 497 1731 570 aliquem
1750 517 1784 554 ex
1800 498 1845 556 his

176 589 204 641 2.
216 585 253 642 Ut
267 585 389 642 comites
408 591 436 640 et
456 586 539 641 missi
562 586 653 642 nostri
680 586 839 640 maximam
864 602 964 641 curam
1020 584 1283 656 comprehenderit,
1299 585 1414 641 nullum
1430 587 1572 642 damnum
1587 586 1691 642 exinde
1707 587 1843 660 patiatur.

142 674 455 748 adhibeant‚quatinus
466 674 495 728 in
506 674 818 730 illorumcomitetibus
827 674 965 730 etnrissu-
1019 673 1256 746 Cnrnprehensus
1266 680 1376 741 autem,
1388 675 1412 731 si
1426 675 1614 746 fidejussores
1624 675 1732 732 habero
1748 683 1846 748 potue·

141 761 209 819 ticis
225 763 351 836 populus
360 763 507 834 justitiam
518 767 546 817 et
556 779 656 834 pacem
668 762 783 830 babeat,
794 764 867 818 etde
880 762 966 818 latro·
1019 761 1121 834 rit,per
1136 763 1324 834 fidejussores
1340 764 1376 818 ad
1392 762 1515 819 mellum
1537 764 1714 832 adducatur3
1731 765 1755 821 si
1771 765 1844 822 side·

142 851 230 908 nibus
242 848 431 908 exturbandis
446 850 607 905 maximum
623 854 769 907 certamen
783 851 918 907 habeant.
931 853 966 907 Et
1015 851 1149 920 jussores
1164 851 1270 907 babere
1295 869 1353 907 non
1379 853 1515 924 potuerit,
1531 870 1548 908 a
1563 852 1707 910 ministris
1729 854 1845 911 comitis

141 941 168 996 si
182 939 250 997 talis
261 939 431 996 malefactor
440 938 628 996 antinlrdelis
645 946 743 996 noster
758 940 918 1007 ernerserit,
933 943 965 995 ut
1019 939 1211 1006 custodiatur,
1223 946 1252 996 et
1267 941 1304 996 ad
1315 939 1437 997 mallum
1451 943 1636 1014 perducatur.
1648 942 1721 998 Etsi
1737 942 1845 1016 aliquis

141 1047 193 1103 per
207 1045 238 1085 se
253 1027 337 1083 illum
349 1027 594 1099 comprehendere
605 1044 703 1085 coines
716 1029 747 1083 in
758 1045 811 1085 suo
822 1029 964 1085 cnraitata
1018 1044 1085 1083 eum
1106 1028 1294 1097 accusaverit,
1311 1029 1362 1085 fiat
1382 1030 1418 1086 de
1433 1029 1483 1085 illo
1499 1031 1661 1087 secundum
1689 1032 1844 1103 praelatum

140 1134 197 1172 non
209 1115 312 1189 possit,
321 1114 445 1189 accipiat
455 1117 588 1172 homines
599 1121 658 1172 tam
671 1122 797 1181 nestros,
806 1135 893 1190 qnam
905 1116 965 1190 epi·
1018 1116 1180 1188 capitulum
1194 1116 1259 1173 libri
1271 1118 1450 1190 capitularis.
1461 1118 1489 1174 Si
1501 1123 1599 1174 autem
1611 1135 1677 1174 enm
1689 1120 1790 1175 nullus
1801 1138 1846 1177 ac-

139 1221 294 1278 scoporum
304 1204 495 1260 velnbbatum
508 1212 536 1260 et
546 1206 762 1261 abbatissarum
772 1207 800 1261 in
813 1224 866 1262 sao
877 1209 965 1263 comi·

138 1297 201 1350 tatu
217 1299 447 1362 commanentes,
463 1299 491 1350 et
507 1295 548 1350 sic
565 1293 648 1350 illum
664 1300 859 1367 persequatur
873 1298 964 1353 donec

138 1382 375 1456 comprehendat.
388 1384 421 1438 Et
437 1383 487 1455 qui
503 1384 539 1438 ad
554 1383 642 1439 talem
659 1384 875 1439 malefactorem
891 1387 964 1442 acei-

138 1473 278 1546 piendum
292 1477 413 1529 vocatus
429 1472 525 1540 luerit,
540 1477 568 1527 et
583 1489 614 1528 se
631 1473 697 1528 inde
712 1475 864 1529 retraxerit
880 1481 911 1530 ut
926 1476 961 1532 ad

138 1560 194 1618 hoc
208 1561 386 1633 adjutorium
405 1578 461 1616 non
484 1566 612 1633 praestet,
629 1562 652 1616 si
673 1562 746 1617 liber
762 1562 849 1618 homo
864 1563 961 1632 fucrit,

138 1650 270 1707 bannum
285 1650 466 1705 dominicum
480 1655 650 1721 componat;
667 1657 695 1705 et
705 1651 729 1706 si
741 1650 861 1708 colonus
877 1653 964 1710 t'uerit

138 1740 290 1813 sexaginta
312 1739 388 1795 ictus
412 1738 544 1812 accipiat.
562 1740 596 1794 tlt
611 1739 635 1794 si
658 1739 724 1796 talis
748 1741 917 1797 analetactor
932 1743 959 1797 in

137 1827 188 1884 ilta
202 1829 405 1902 persecutione
427 1827 542 1884 accisus
556 1829 653 1894 l'norit,
665 1828 716 1900 qui
740 1847 807 1885 eum
823 1831 962 1888 occiderit

137 1915 254 1973 leudem
269 1917 337 1973 inde
359 1935 417 1973 non
433 1916 534 1982 salvat,
546 1919 574 1971 et
596 1915 695 1972 nullus
709 1916 751 1972 illi
767 1918 835 1974 indo
852 1919 960 1977 saidam

136 2009 252 2079 portare
267 2011 434 2079 praesumat.
447 2007 563 2072 Quodsi
578 2007 644 2078 quis
661 2007 753 2062 lacere
769 2024 961 2080 presumpse-

136 2095 184 2160 rit,
198 2112 249 2168 per
262 2102 355 2151 certos
371 2094 557 2166 tid'ejussorcs
573 2097 609 2151 ad
631 2100 760 2151 nostram
776 2099 960 2169 presentiam

134 2184 324 2257 perducatur.

170 2274 197 2328 3.
215 2278 253 2329 De
269 2271 328 2329 illis
342 2273 441 2330 liberis
456 2274 625 2330 hominibus
641 2275 690 2346 [μή
707 2275 831 2330 infames
846 2275 888 2332 vel
905 2276 961 2333 cla·

135 2362 242 2418 modici
258 2367 328 2418 sunt
342 2363 378 2418 de
393 2363 503 2432 testejis
520 2364 560 2418 rel
578 2363 738 2419 latrociniis
755 2371 783 2420 et
797 2366 961 2437 rapacitati-

136 2451 192 2506 bus
207 2456 235 2507 et
250 2449 403 2507 assalturis
418 2451 461 2507 vel
483 2451 519 2506 de
539 2452 710 2508 inlidelitate
726 2458 836 2519 nostra,
848 2460 876 2510 et
890 2450 974 2512 enm

136 2538 213 2594 turta
229 2555 286 2595 uon
303 2539 599 2612 comprehenduntur,
614 2540 638 2596 si
653 2541 696 2597 ets
707 2542 771 2612 jam
786 2542 844 2597 vita
859 2545 959 2615 perdo-

135 2630 204 2683 nata
219 2632 263 2682 est
285 2634 404 2700 propter
417 2627 543 2705 'aliquod
560 2630 758 2695 nraletirctum,
775 2632 826 2687 liat
840 2633 876 2687 de
900 2633 958 2689 iltis

134 2715 211 2770 sicut
227 2715 256 2770 in
268 2715 420 2788 capitulari
436 2718 479 2772 avi
497 2723 525 2772 et
540 2718 630 2790 patris
646 2719 737 2773 nostri
751 2720 957 2777 contineturia

133 2801 207 2858 libro
222 2804 248 2858 3.
261 2804 388 2876 capitulo
400 2807 444 2860 li.
457 2810 485 2860 et
500 2805 524 2861 si
535 2807 598 2878 jam
620 2807 656 2861 (le
682 2806 835 2864 latrocinio
858 2810 957 2866 revicti

133 2897 213 2959 sunt,
231 2895 281 2947 tlat
303 2894 338 2948 de
355 2892 412 2949 illis
428 2895 505 2950 sicut
529 2897 564 2950 de
589 2896 713 2951 revictis.
731 2898 759 2952 Si
784 2898 957 2955 autemillis

131 2979 228 3036 adhuc
242 2981 301 3036 vita
313 2983 472 3054 perdonata
494 3000 550 3037 non
568 2984 631 3045 fuit.
644 2989 673 3039 et
688 2985 785 3040 revicti
802 3003 859 3041 aon
876 2993 955 3056 sunt,

1018 1207 1172 1272 cusaverit,
1189 1207 1358 1261 excondicat
1381 1224 1412 1262 se
1437 1208 1574 1279 praedicto
1599 1211 1697 1273 niardo,
1713 1214 1741 1264 et
1752 1210 1845 1280 juret,

1019 1294 1096 1365 qnod
1112 1294 1250 1366 deinceps
1264 1297 1397 1366 testejam
1412 1295 1456 1351 rel
1472 1295 1657 1353 latrocinium
1673 1314 1731 1352 non
1747 1300 1844 1369 laniet,

1018 1400 1112 1454 noque
1124 1383 1240 1438 lactenti
1251 1384 1422 1449 consentiet,
1434 1389 1462 1440 et
1475 1385 1497 1439 si
1510 1383 1609 1441 scierit
1619 1387 1669 1458 qui
1682 1385 1737 1442 boc
1748 1387 1844 1455 saciet,

1018 1487 1076 1526 non
1088 1470 1160 1527 calet
1170 1472 1315 1529 ministris
1326 1473 1407 1546 regni
1424 1489 1475 1545 per
1485 1490 1558 1546 quos
1569 1473 1636 1530 talis
1646 1492 1736 1531 causa
1745 1493 1846 1534 enien-

1018 1559 1079 1614 dari
1091 1558 1185 1616 debet.
1198 1561 1227 1618 si
1244 1578 1310 1617 vero
1322 1562 1405 1630 tales,
1419 1567 1449 1616 ut
1460 1562 1659 1634 praediximus,
1671 1563 1708 1618 ad
1719 1565 1845 1622 mallum

1017 1648 1123 1703 adduci
1139 1666 1196 1706 non
1217 1650 1375 1721 potuerint,
1393 1650 1422 1705 in
1439 1649 1615 1707 forbannum
1631 1652 1800 1723 mittantur,
1816 1662 1846 1712 et

1017 1736 1053 1791 de
1068 1736 1114 1793 his
1130 1737 1213 1792 missi
1228 1738 1271 1792 vel
1287 1739 1420 1804 comites,
1432 1737 1509 1795 sicut
1534 1757 1624 1812 supra
1643 1740 1784 1811 diximus,
1801 1746 1843 1798 la-

1016 1824 1154 1894 ciant;et
1167 1827 1202 1882 de
1218 1826 1276 1882 illis
1298 1824 1349 1898 qui
1377 1827 1450 1882 talea
1480 1829 1651 1899 receperint,
1662 1829 1739 1885 sicut
1770 1847 1841 1903 pran-

1015 1915 1198 1986 scripsimus,
1207 1915 1265 1970 tint.
1281 1915 1309 1971 Si
1321 1920 1419 1971 autem
1436 1915 1587 1972 fiscalinus
1601 1922 1702 1974 nester
1716 1919 1756 1974 ita
1772 1920 1843 1976 inla-

1015 2003 1072 2058 mis
1088 2003 1116 2057 in
1134 2005 1237 2059 fiscum
1260 2009 1394 2059 nostrum
1420 2005 1593 2078 contugerit,
1605 2005 1649 2062 val
1670 2007 1793 2064 colonus
1807 2011 1843 2066 de

1014 2091 1200 2147 immunitate
1212 2093 1241 2146 in
1253 2093 1468 2148 immunitatem
1480 2094 1653 2167 contugerit,
1667 2097 1788 2153 mandet
1797 2115 1842 2154 co

1015 2197 1078 2236 mes
1088 2181 1182 2251 judici
1204 2188 1302 2237 nostro
1318 2181 1360 2236 vel
1384 2182 1522 2238 advocato
1537 2185 1755 2257 cujuscumque
1769 2202 1839 2242 case

1014 2269 1075 2335 Dei,
1084 2274 1116 2325 ut
1125 2268 1214 2325 talem
1226 2269 1365 2324 infamem
1377 2269 1407 2324 in
1423 2269 1512 2326 mallo
1523 2288 1576 2327 suo
1590 2278 1758 2342 presentet.
1769 2274 1803 2330 lit
1816 2274 1839 2331 si

1013 2359 1101 2412 talem
1114 2358 1340 2429 praesentaverit,
1352 2359 1376 2412 si
1388 2358 1495 2429 aliquis
1507 2376 1574 2414 eum
1586 2361 1780 2433 comprobare
1794 2380 1836 2421 ve

1014 2446 1110 2511 luerit,
1121 2446 1222 2502 iaciat:
1234 2452 1262 2501 et
1272 2446 1297 2503 si
1314 2445 1414 2502 nullus
1424 2464 1492 2503 eum
1504 2449 1696 2521 comprobare
1707 2451 1836 2522 voluerit,

1012 2542 1110 2592 tamen
1120 2553 1204 2591 snam
1214 2536 1366 2592 int'amiam
1375 2537 1468 2592 adlici
1476 2537 1622 2608 judicium
1632 2546 1783 2611 purgabat
1793 2558 1836 2615 per

1012 2625 1084 2680 illud
1101 2625 1150 2680 Dei
1162 2624 1310 2694 judicium
1326 2628 1378 2680 aut
1393 2625 1533 2682 liberetur
1548 2631 1599 2682 aut
1616 2629 1832 2688 condemnetur.

1012 2715 1042 2769 Si
1063 2719 1160 2768 autem
1181 2713 1272 2784 judex
1297 2719 1396 2769 noster
1411 2715 1454 2769 vel
1480 2715 1639 2771 advocatus
1654 2717 1691 2772 de
1706 2735 1777 2775 casa
1791 2719 1832 2775 liei

1011 2802 1209 2858 commonitus
1220 2801 1307 2857 talem
1320 2801 1525 2874 blasphemum
1534 2805 1633 2881 comiti
1648 2805 1677 2861 in
1689 2794 1831 2865 mallosuo

1012 2909 1069 2946 non
1086 2891 1311 2963 presentare-it,
1329 2893 1379 2946 liat
1403 2891 1470 2946 inde
1494 2894 1657 2951 secundum
1680 2895 1830 2968 capitolare

1010 2981 1075 3036 libri
1090 2980 1175 3046 tertii,
1187 2979 1315 3052 capitulo
1325 2981 1413 3035 aaut
1427 2980 1452 3036 si
1467 2998 1568 3037 servus
1583 2981 1713 3054 alicujus
1723 2985 1766 3040 ita
1779 2984 1828 3041 cle-

131 3071 159 3123 et
175 3085 221 3123 res
244 3074 273 3125 et
298 3070 444 3142 mancipia
459 3071 502 3126 vel
518 3071 626 3126 mobile
641 3072 761 3140 habant,
773 3075 823 3128 frat
838 3075 873 3130 de
896 3076 955 3132 illis
1010 3087 1112 3125 mosas
1126 3075 1180 3134 est,
1197 3086 1294 3125 cantes
1311 3069 1463 3124 d⁰¹1¹5ffl¹111
1489 3071 1562 3126 servi
1591 3082 1789 3141 ⁰⁰¹11111⁰neut
1801 3078 1826 3130 ut

130 3156 207 3214 sient
222 3158 250 3213 in
267 3165 372 3230 quarto
389 3158 462 3215 libro
473 3158 672 3231 capitulorum
689 3161 817 3232 capitulo
832 3163 868 3216 29
882 3163 954 3220 dici·
970 3145 991 3212 (ἶ
1010 3176 1078 3214 eum
1093 3158 1123 3214 in
1140 3157 1226 3214 mallo
1240 3164 1403 3230 presentet,
1416 3165 1444 3213 et
1456 3164 1676 3231 praesentatum,
1689 3162 1715 3217 si
1731 3162 1825 3235 uliquis

130 3251 188 3313 tur,
201 3264 269 3302 cum
286 3247 321 3302 ad
338 3248 460 3303 mallum
475 3248 590 3304 corrritis
605 3248 745 3305 venerint.
759 3250 788 3306 Si
804 3257 901 3308 autem
918 3254 952 3309 ad

131 3335 253 3391 mallum
265 3337 473 3403 convenerint,
484 3337 708 3405 banniantur‚et
719 3356 770 3411 per
779 3357 824 3396 res
836 3346 864 3396 et
874 3359 954 3397 man·

129 3424 259 3497 cipiavel
276 3426 383 3482 mobile
395 3428 438 3461 ¹²⁰³
448 3426 662 3500 distringantur
679 3435 708 3483 ut
723 3429 883 3485 veniantb'i
901 3449 953 3487 au·

129 3518 187 3570 tem
204 3532 263 3570 ncn
273 3515 467 3583 venerint‚tiat
479 3517 515 3572 de
524 3515 582 3572 illis
593 3518 669 3572 sicut
681 3518 711 3572 in
721 3519 876 3590 capitulari
888 3537 953 3576 ron·

127 3602 246 3660 tinetur.
260 3605 294 3660 Et
306 3605 331 3661 si
343 3611 408 3677 post
422 3607 581 3661 secundam
593 3605 708 3662 comitis
721 3607 951 3665 admonitionem

127 3693 162 3746 ad
174 3691 398 3750 mallumvcnire
408 3693 563 3761 noluerint,
572 3696 768 3750 rebuseorum
781 3696 808 3750 in
819 3697 950 3755 bannum

126 3781 227 3837 missis
237 3783 527 3855 venireetjostitiam
542 3784 661 3838 reddere
675 3783 899 3855 conrpellantur.
918 3788 951 3844 tt

125 3868 149 3923 si
165 3868 233 3925 talis
247 3876 292 3926 est
307 3888 394 3942 quem
414 3877 465 3926 aut
483 3878 619 3943 parentes
638 3877 689 3927 aut
708 3877 826 3944 propter
840 3875 948 3932 laidem

124 3956 259 4013 homines
273 3975 411 4015 accusare
424 3957 571 4015 noluerint
581 3965 632 4015 aut
646 3960 709 4015 ausi
721 3978 777 4017 non
794 3964 949 4031 suerint,et

123 4061 190 4100 cum
205 4045 358 4102 malefacto
371 4048 602 4119 comprehensas
616 4064 672 4103 non
687 4050 773 4105 t'nerit
786 4057 812 4106 et
829 4069 947 4125 aregava-

1009 3248 1199 3320 comprobare
1214 3246 1347 3312 uoluerit,
1363 3247 1458 3303 t'aciat.
1471 3249 1505 3303 st
1519 3249 1543 3304 si
1558 3247 1660 3305 nullas
1675 3267 1744 3307 eum
1760 3268 1825 3307 cona·

1008 3338 1131 3410 probare
1143 3335 1273 3404 voluerit,
1286 3337 1321 3392 ad
1334 3336 1383 3392 bai
1396 3337 1542 3407 judicium
1557 3339 1697 3409 predicto
1709 3342 1823 3396 modos

1007 3426 1198 3491 exanimabat
1208 3443 1259 3498 per
1274 3425 1346 3480 illud
1358 3425 1561 3496 Deijudioium
1572 3432 1623 3483 ant
1635 3427 1822 3485 libereturaut

1007 3516 1241 3593 condemnetur..
1252 3513 1282 3570 Si
1293 3518 1391 3569 autem
1402 3514 1541 3571 dominus
1551 3516 1627 3571 serni
1639 3518 1767 3574 cundem
1776 3533 1821 3574 ser

1006 3620 1074 3659 unm
1091 3621 1177 3659 saum
1189 3602 1288 3658 conriti
1302 3603 1331 3657 in
1343 3602 1431 3658 mallo
1446 3609 1623 3675 presentare
1639 3604 1821 3676 noluerit,tnt

1005 3692 1073 3748 inde
1087 3693 1249 3748 secundum
1265 3692 1425 3763 capitulare
1439 3691 1506 3747 libri
1521 3694 1597 3748 tertii
1609 3694 1741 3768 capitulo
1753 3696 1790 3751 te.

1040 3783 1066 3837 i.
1079 3781 1119 3837 De
1133 3780 1191 3836 iltis
1205 3780 1375 3836 hominibus
1386 3780 1436 3853 qni
1448 3797 1516 3837 cum
1527 3781 1725 3840 Carlomanno
1735 3788 1818 3856 prete·

1004 3870 1068 3927 ritis
1084 3871 1169 3926 aunis
1184 3875 1266 3926 tanta
1279 3869 1355 3925 mela
1370 3875 1399 3925 et
1412 3874 1494 3926 tanta
1508 3869 1620 3926 scelera
1634 3871 1665 3928 in
1681 3888 1816 3946 regnans

1002 3965 1063 4015 stro
1079 3957 1304 4024 fecerunt,sicut
1322 3963 1393 4015 tunc
1408 3964 1437 4015 et
1450 3959 1546 4015 verbis
1569 3966 1599 4016 et
1614 3960 1735 4035 scriptis
1755 3978 1814 4035 pre·

1002 4049 1144 4121 cepimus,
1161 4047 1200 4103 ita
1215 4048 1337 4104 cornites
1351 4053 1380 4103 et
1395 4047 1479 4104 missi
1492 4049 1584 4104 nostri
1601 4055 1779 4123 exequantur
1789 4050 1813 4105 in

123 4133 171 4201 rit,
184 4135 265 4205 juret
279 4151 346 4190 cum
362 4135 515 4189 duodecim
540 4135 649 4192 talibus
673 4138 802 4207 mannis,
819 4157 945 4213 quornm
1001 4155 1050 4194 eos
1067 4138 1217 4210 inquibus
1233 4136 1444 4207 nostrajussio,
1457 4153 1546 4209 quam
1557 4138 1681 4194 consilio
1695 4139 1813 4197 fidelium

120 4222 323 4280 testimonium
339 4224 417 4297 leges
432 4223 556 4296 publicar
567 4241 623 4281 non
639 4225 784 4296 rejiciunt,
798 4231 875 4301 quad
892 4244 946 4288 res-
1000 4231 1166 4283 nostrorum
1179 4225 1337 4296 ju⁸⁸iffl⁰⁸r
1349 4229 1471 4282 executa
1489 4242 1547 4282 ⁰011
1563 4231 1619 4283 8⁹2·
1633 4227 1665 4285 ld
1679 4233 1735 4295 θθῐ.
1745 4233 1775 4284 ul
1785 4226 1814 4282 fl·

118 4313 208 4385 tejam
225 4312 268 4369 vel
284 4306 478 4369 latrocinium'
491 4316 543 4367 aut
561 4313 694 4385 rapinam
711 4332 768 4371 nou
785 4319 899 4389 t'ecerit;
916 4325 945 4378 et
998 4315 1148 4372 delitatem
1164 4315 1248 4371 nobis
1273 4314 1454 4386 promittant,
1466 4315 1545 4372 sicut
1566 4319 1636 4372 tunc
1651 4317 1814 4373 mandatus

118 4406 185 4474 post
196 4400 258 4457 hec
268 4402 349 4472 Juret
361 4401 424 4474 ipse
435 4403 646 4473 tuntum,quod
659 4402 796 4478 deinceps
808 4411 941 4480 testejam
998 4407 1052 4473 ¹²⁶⁴,
1065 4409 1093 4461 et
1107 4405 1247 4475 scriptam
1264 4403 1421 4459 comitibus
1442 4404 1552 4460 nostris
1566 4405 1715 4462 dedimus.
1728 4406 1761 4462 m
1773 4405 1815 4460 cui

116 4489 159 4545 vel
176 4489 361 4546 latrocinium
379 4507 437 4545 non
459 4489 554 4556 saciet,
571 4506 666 4562 neque
686 4492 800 4549 facienti
817 4511 939 4554 consen·
956 4515 979 4579 p
997 4494 1107 4567 aliquid
1122 4490 1316 4557 abstulerunt,
1326 4496 1376 4547 aut
1388 4492 1545 4548 emendent
1557 4500 1608 4549 aut
1620 4493 1817 4567 deprecentur,

115 4579 214 4646 tirtel
228 4580 252 4635 si
270 4580 367 4635 scierit
377 4579 427 4651 qui
442 4579 502 4635 haec
518 4579 626 4647 lecerit,
639 4578 697 4637 illis
713 4582 857 4642 ministris
872 4604 939 4643 nns-
995 4589 1024 4639 et
1036 4582 1237 4656 paonitentiam
1249 4580 1365 4650 iaciant,
1377 4580 1454 4638 sicut
1467 4585 1538 4637 tunc
1548 4582 1743 4639 constitutum
1755 4582 1814 4639 luit.

115 4669 179 4735 tris,
190 4685 325 4741 perquos
341 4667 409 4724 tatis
419 4685 509 4724 causa
523 4669 671 4725 emendari
684 4671 845 4737 debet,non
855 4676 937 4734 calet.
993 4674 1028 4729 lit
1043 4672 1092 4745 qni
1119 4671 1259 4738 seniores,
1272 4670 1349 4725 sieut
1377 4673 1448 4725 tunc
1472 4670 1678 4743 precepimus,
1690 4675 1816 4744 acceptos

5 4814 7 4819 ,
115 4757 147 4812 tet
163 4757 213 4829 qui
230 4774 275 4812 res
289 4760 317 4812 et
332 4756 478 4829 mancipia
493 4758 535 4813 vel
552 4757 659 4815 mobile
683 4777 741 4816 non
765 4763 873 4819 habeut
888 4782 940 4837 per
993 4779 1051 4817 non
1063 4761 1181 4828 habent,
1189 4776 1240 4831 pcr
1251 4758 1439 4829 fidejussores
1448 4759 1484 4814 ad
1496 4765 1626 4816 nostram
1635 4758 1815 4833 presentiam

114 4863 177 4919 quai
194 4845 329 4917 distringi
347 4847 460 4917 possint
476 4850 508 4901 ut
522 4847 559 4902 ad
576 4846 698 4902 mallum
715 4850 842 4916 ueniant,
855 4861 884 4908 et
898 4853 938 4910 ibi
992 4851 1199 4924 perducantur,
1211 4852 1240 4904 ct
1251 4847 1350 4904 alodes
1360 4864 1433 4920 quos
1445 4847 1699 4923 habantcnmites,
1711 4850 1816 4923 inque

112 4934 394 5007 autselegaliter·,nt
409 4935 617 5007 promisimus,
625 4937 815 4995 excondicant
825 4942 938 5008 ¹¹⁶³,aut
992 4957 1058 4996 rum
1073 4937 1261 4996 comitatibus
1277 4940 1356 5004 sunt,
1370 4936 1399 4991 in
1415 4938 1519 4993 fiscum
1536 4937 1690 5011 recipiant.

110 5024 135 5080 si
151 5041 183 5080 se
193 5024 380 5080 excondicere
394 5041 450 5079 non
468 5025 624 5096 potuerint,
634 5027 712 5096 quud
729 5028 805 5084 male
817 5031 938 5087 iecerint
1025 5032 1052 5085 5.
1070 5028 1106 5084 Ut
1121 5026 1327 5098 uuusquisque
1342 5042 1439 5082 comes
1454 5026 1485 5081 in
1499 5042 1553 5082 suo
1568 5027 1714 5086 comitatu
1729 5028 1815 5102 provi·

108 5112 241 5186 legaliter
264 5114 431 5168 emendant.
459 5114 526 5168 Post
550 5104 708 5169 secundam
735 5117 935 5177 bannitionem
990 5120 1066 5184 dent,
1080 5122 1111 5172 ut
1122 5114 1171 5188 qui
1187 5114 1357 5170 fidelitatem
1368 5114 1453 5170 nabis
1464 5112 1559 5170 adhue
1570 5116 1749 5188 promissam
1761 5132 1813 5173 nen

107 5202 223 5259 comitis
234 5202 256 5258 si
272 5204 308 5257 ad
326 5200 448 5257 mallum
463 5219 521 5256 non
533 5203 673 5268 renarint,
685 5206 935 5276 eorrrprchendau-
989 5208 1108 5272 habent,
1123 5203 1291 5260 fidelitatem
1306 5203 1391 5260 nobis
1405 5203 1588 5275 promittant,
1601 5206 1682 5262 sieut
1696 5206 1726 5263 in
1741 5205 1812 5280 capi·

107 5301 156 5350 tur
170 5291 333 5348 secundam
348 5290 501 5363 prelatum
515 5289 676 5363 capitulare
691 5291 758 5349 libri
771 5297 847 5351 tertii
859 5299 933 5371 capi·
989 5297 1059 5354 tulis
1075 5295 1120 5351 ari
1136 5297 1164 5350 et
1179 5293 1272 5366 patris
1287 5292 1379 5348 nostri
1395 5293 1569 5350 continetur.

780 5438 897 5498 VltlllAE
927 5440 1132 5500 teotarius.

139 5555 185 5597 ¹¹⁶²
200 5573 225 5613 r.
242 5575 281 5616 m.
299 5549 396 5617 des-run
409 5562 492 5618 Sirio.
534 5559 577 5599 ¹¹⁰³
593 5560 612 5619 i.
629 5578 654 5618 c.
672 5570 820 5625 excusent.
860 5569 901 5607 ¹³³³
919 5569 1136 5635 distribuimus,
1154 5561 1348 5623 instituimus.
