3878 6096
149 299 209 371 287

548 355 551 362 .
583 295 749 363 APPEND.
773 295 823 355 AD
847 292 941 355 SAEG.
965 294 1002 353 X.
1020 327 1056 336 -
1073 293 1202 354 OPERA
1227 303 1424 351 amaremur.

1795 293 1859 355 288

149 431 281 506 scopales
295 429 429 505 ejusdem
453 429 510 488 luci
533 430 665 488 redditus
689 446 824 503 perversa
851 426 975 482 audacia
988 427 1015 499 Α
1031 425 1169 493 accolaci,
1181 443 1248 482 cnm
1269 425 1391 484 decimis
1406 443 1495 500 quam
1510 442 1527 483 a
1542 423 1681 484 Guiberto
1701 424 1793 483 milite
1808 443 1857 484 ca-

150 526 351 596 usurpaverat,
367 525 396 577 et
410 521 440 576 in
461 523 610 595 posterum
635 520 690 577 sibi
708 519 831 574 retinere
848 516 972 572 sitiebat.

148 614 338 671 Tociacenses
354 610 490 668 similiter
511 609 707 666 ecclesiastica
722 606 876 679 disciplina
898 621 974 660 coer-

150 704 260 772 cuit,et
273 719 339 775 quaa
364 701 400 756 ab
420 700 578 773 episcopali
598 701 666 771 jure
690 697 907 769 subripuerant,
924 711 974 750 eos

149 793 271 849 reddere
286 789 388 863 coegit.

185 881 236 937 llic
252 880 342 954 igitur
358 895 446 950 quam
460 877 505 948 pic
529 892 598 947 erga
621 874 776 931 Ecclesiam
793 873 849 928 sihi
874 891 972 930 susec-

148 972 239 1041 ptam,
255 983 344 1040 quam
369 966 493 1036 henigne
508 981 541 1019 ac
565 964 722 1035 prudenter
746 979 814 1033 erga
838 963 972 1019 subditos

148 1075 211 1115 sese
227 1055 338 1123 habuit,
356 1053 493 1125 praeclara
508 1054 572 1123 ejus
593 1054 668 1107 factu
684 1052 889 1107 demonstrant
906 1069 912 1106 :
929 1057 972 1106 et-

1029 515 1081 570 stri
1093 515 1225 572 Censorii
1241 516 1464 589 acquisierat,et
1479 519 1616 590 paredam
1632 515 1726 573 cidem
1737 517 1857 573 canoni-

1029 603 1072 659 eis
1087 605 1270 660 condonavit.
1284 606 1442 662 Ecclesiam
1458 605 1597 662 Crevenni
1619 603 1756 662 similiter
1774 606 1857 663 dedit

1028 693 1168 749 iratribus
1180 711 1247 750 cum
1258 695 1380 752 decimis
1391 699 1419 750 et
1433 696 1572 768 paredam
1585 694 1774 763 condonavit;
1786 713 1858 768 prar-

1028 782 1139 838 bendas
1155 787 1252 840 tamen
1269 786 1343 840 duas
1363 802 1396 841 en
1417 790 1501 858 pacto
1521 784 1634 840 clericis
1649 784 1764 840 dnobus
1780 786 1858 858 capi-

1028 870 1082 926 tuli
1097 874 1233 944 precibus
1259 873 1402 929 attribuit.
1418 875 1491 930 ltam
1516 873 1597 929 dedit
1619 873 1772 929 ecclesiam
1789 874 1856 929 Col·

1026 959 1120 1015 lumni
1137 978 1204 1016 cnm
1221 962 1344 1018 decimis
1360 962 1506 1035 predictis
1519 962 1784 1035 canonicis,qniaa
1797 963 1856 1020 bln-

1026 1051 1120 1105 rundo
1133 1050 1223 1106 milite
1234 1051 1420 1124 conquisivit,
1432 1069 1465 1107 no
1481 1055 1565 1124 pacto
1578 1055 1611 1106 ut
1620 1051 1752 1106 canonici
1763 1052 1856 1108 ecclo-

1027 1138 1100 1193 siam
1113 1140 1292 1195 destructam
1304 1139 1465 1209 reiiccrcnt,
1479 1144 1507 1195 ot
1518 1140 1654 1213 paredam
1667 1140 1854 1196 condonavit.

1026 1226 1185 1283 Ecclesiam
1197 1246 1313 1301 quoque
1322 1229 1436 1285 ausiaci
1447 1227 1758 1302 abllugoncllansello
1770 1229 1854 1302 quasi

147 1147 225 1202 enim
242 1143 395 1199 ecclesium
412 1141 512 1196 multis
536 1140 685 1196 beneficiis
709 1141 790 1196 intus
803 1144 831 1195 et
845 1141 972 1196 exterius

146 1233 301 1300 decoravit,
314 1230 444 1286 aediflciis
459 1229 674 1302 multiplicavit,
690 1229 850 1285 honoribus
864 1229 971 1284 nobili·

145 1323 229 1391 tavit;
242 1320 342 1377 multis
353 1320 441 1376 etiam
453 1320 548 1382 bonis,
559 1318 777 1391 pluraecclesia
787 1318 970 1386 contulisset,
1021 1315 1088 1388 jure
1104 1316 1286 1374 hereditario
1303 1336 1470 1392 possessam
1485 1336 1551 1374 cum
1572 1318 1751 1391 presbyterio
1766 1327 1795 1375 et
1808 1319 1857 1374 de·

51 1400 55 1404 ⁴
145 1411 202 1468 nisi
219 1412 268 1483 qui
285 1409 370 1464 uanis
386 1425 501 1480 seraper
523 1407 631 1462 invidet
651 1405 785 1462 diabolus
802 1425 852 1478 per
867 1407 970 1478 pradi—
1025 1404 1110 1461 cimis
1135 1408 1303 1464 eorumdem
1329 1409 1452 1463 fratrum
1478 1407 1631 1480 stipendiis
1658 1425 1690 1464 se
1713 1408 1854 1464 daturum

146 1505 218 1572 etos,
230 1503 259 1555 ct
275 1499 419 1570 quosdam
441 1494 514 1551 alios
539 1499 679 1568 tyrannos
694 1495 718 1549 ei
735 1512 831 1550 rerum
849 1512 970 1550 suarum
1025 1495 1245 1564 promiserat,et
1261 1496 1285 1552 si
1297 1497 1428 1552 canonici
1443 1496 1558 1552 interim
1571 1498 1608 1553 ab
1622 1495 1670 1551 illo
1682 1500 1857 1570 extorquere

146 1593 233 1662 atquc
247 1586 367 1644 honoris
387 1586 496 1640 damna
520 1583 677 1640 intulisset.
690 1581 823 1639 Ecclesiae
844 1602 970 1656 namque
1025 1580 1226 1655 aliquomodo
1247 1591 1376 1656 possent,
1390 1585 1547 1659 episcopali
1564 1585 1721 1643 donatione
1735 1603 1858 1643 eonces-

145 1682 222 1735 tecta
232 1679 375 1733 vetustate
386 1677 562 1745 consumpta
573 1677 660 1745 atque
671 1673 793 1745 dilapsa,
807 1674 889 1729 novis
899 1673 970 1730 assi·
1025 1675 1112 1737 serat,
1127 1690 1215 1744 quam
1233 1674 1261 1728 in
1278 1679 1452 1747 perpetuum
1465 1674 1631 1731 habendam
1647 1675 1732 1731 nobis
1747 1674 1859 1732 delibe-

145 1767 220 1824 culis
232 1765 389 1830 renovavit,
401 1767 510 1820 turrem
525 1762 652 1819 ecclesis
668 1779 757 1834 super
771 1762 861 1818 alt-are
877 1762 969 1819 sancti
1025 1764 1128 1829 russel,
1144 1761 1201 1817 nisi
1219 1767 1312 1818 morte
1328 1764 1473 1820 uraturius
1495 1763 1692 1825 intercedente
1705 1781 1855 1837 preoccu-

143 1855 298 1912 Alexaudri
313 1852 439 1925 positam
456 1851 592 1917 mirabili,
606 1855 635 1907 et
650 1851 708 1906 alta
732 1850 828 1922 lignea
850 1867 968 1922 cooper-
1025 1853 1112 1921 patus
1127 1850 1241 1907 fuisset.

144 1948 208 2000 tnta
223 1941 400 1998 sublimavit.
419 1940 510 1995 Aliam
536 1956 653 2011 quoque
672 1939 777 1994 turrim
802 1956 890 2011 snper
904 1940 970 1995 cho·
1060 1939 1117 1995 Neo
1130 1942 1348 2011 pratorundum
1365 1941 1479 1998 silentio
1490 1943 1612 2015 dignum
1626 1942 1765 1999 duximus
1776 1945 1859 2016 quod

66 2066 70 2075 ·
144 2050 209 2089 rum
226 2030 350 2103 positam
362 2029 513 2100 quadratis
530 2027 828 2100 lapidibuscoopariri
843 2028 919 2095 fecit,
933 2047 968 2085 ne
1023 2025 1203 2100 villamque
1217 2030 1328 2086 Laurea
1347 2035 1476 2102 vocatur,
1489 2031 1565 2086 inter
1579 2030 1778 2088 Concedonum
1794 2035 1858 2089 An·

143 2123 208 2193 ejus
224 2120 309 2192 signa
323 2118 429 2174 festina
442 2116 519 2191 ignis
528 2118 688 2183 exustione,
699 2117 724 2173 si
736 2117 809 2173 forto
822 2117 969 2192 continge·
1025 2115 1196 2190 draiamque
1208 2118 1306 2187 sitam,
1315 2119 1459 2193 episcopis
1468 2120 1551 2177 valde
1560 2124 1856 2193 congruentem,cum

143 2214 187 2267 ret
202 2210 455 2274 consumerentur,
466 2222 536 2261 nove
552 2204 658 2277 pluviis
678 2205 861 2278 glacialibus,
875 2224 968 2279 quan·
1005 2254 1006 2258 ,
1024 2203 1116 2276 silvis,
1129 2206 1215 2263 terris
1231 2207 1318 2264 cultis
1333 2213 1362 2264 ct
1382 2208 1511 2276 incultis,
1526 2226 1544 2264 n
1559 2210 1698 2267 Gnufrido
1723 2210 1856 2268 Balearic

142 2300 237 2372 doque
261 2299 437 2368 consumpta
462 2294 674 2367 frangerentur.
701 2296 854 2351 Fenestras
880 2296 967 2352 ctiam
1024 2296 1053 2349 ct
1067 2295 1103 2350 ab
1118 2295 1285 2352 heredibus
1307 2297 1379 2366 suis,
1396 2297 1488 2371 pretio
1512 2317 1568 2354 xxx
1591 2297 1732 2355 librarum
1750 2304 1778 2356 et
1794 2317 1857 2358 am·

142 2391 279 2461 quatuor,
292 2383 399 2440 seniori
415 2383 499 2439 altari
523 2383 623 2440 lumen
640 2388 823 2456 praestantes,
840 2385 968 2442 mirabili
1023 2381 1103 2454 plius
1114 2383 1157 2440 eis
1168 2385 1246 2454 dato,
1255 2385 1407 2442 dimidiam
1419 2386 1607 2460 conquisivit,
1618 2386 1733 2461 sibique
1745 2405 1778 2445 ac
1789 2407 1856 2446 sue

142 2491 229 2550 opere
243 2473 358 2529 vitreari
381 2472 457 2538 fecit,
470 2477 558 2544 atque
574 2473 603 2527 in
619 2472 756 2528 anteriori
778 2479 860 2545 parto
874 2473 968 2530 eecle—
1023 2471 1191 2530 sessoribus
1207 2474 1270 2530 suis
1284 2475 1314 2529 in
1337 2480 1511 2548 perpetuum
1535 2476 1701 2533 hahendam
1726 2479 1855 2536 censuit.

143 2563 194 2622 sias
204 2561 474 2635 22„1uxtaonnrum
486 2578 603 2633 quoque
617 2562 691 2617 duas
701 2562 849 2631 vitreavit;
861 2564 968 2619 caude·
1024 2561 1108 2633 Apud
1119 2562 1355 2619 autissiodorum
1367 2563 1485 2636 quidem
1499 2564 1616 2621 clausos
1627 2564 1780 2622 vinearum
1791 2569 1855 2641 epi-

141 2653 225 2710 labra
239 2651 386 2725 siquidem
400 2652 419 2705 5
432 2650 514 2706 mira}
528 2649 692 2706 altitudinis
704 2655 770 2707 ante
780 2651 871 2708 altare
881 2669 969 2725 appo-
1024 2649 1156 2722 scopales
1172 2655 1316 2709 vetustata
1336 2658 1538 2726 consumptos,
1550 2659 1580 2710 et
1597 2670 1671 2726 pene
1690 2658 1854 2724 emortuos,

142 2742 210 2812 snit,
222 2741 330 2814 quibus
339 2739 413 2797 cerei
424 2739 547 2812 appositi
560 2738 713 2796 ecclesiam
725 2740 876 2797 nocturnis
888 2741 968 2797 horis
1023 2740 1053 2795 in
1068 2739 1248 2796 viriditatem
1262 2741 1417 2814 pristinam
1429 2748 1457 2799 et
1471 2742 1679 2801 fecunditatem
1691 2744 1799 2801 bonam
1812 2763 1854 2803 re·

142 2831 345 2898 clarificarent,
365 2845 399 2884 ac
423 2829 640 2885 introeuntibus
664 2828 779 2885 clericis
803 2829 862 2886 sive
886 2829 968 2886 laicis
1024 2827 1374 2897 duxit300usuetudiuem
1390 2848 1507 2904 quoque
1520 2833 1854 2904 pravam,omniavidc·

139 2920 235 2978 lucem
250 2919 378 2975 lucidius
389 2916 600 2974 ministrarent.
613 2918 684 2973 ltem
696 2918 775 2974 dedit
786 2918 895 2975 lineam
906 2935 968 2975 cnr·
1023 2916 1091 2973 licct
1101 2918 1277 2991 episcopalis
1289 2921 1396 2975 domus
1414 2919 1562 2989 utensilia,
1575 2937 1638 2993 qua
1652 2921 1776 2978 comites
1789 2940 1853 2980 mo·

138 3008 243 3081 tinam,
253 3006 378 3063 alterum
389 3007 529 3079 parietem
543 3005 672 3063 ccclesias
683 3006 793 3063 festivis
806 3006 910 3064 diebus
920 3009 968 3063 ds·
1024 3005 1116 3062 riente
1131 3007 1268 3080 episcopo
1283 3024 1384 3080 rapere
1399 3008 1462 3064 suis
1481 3008 1585 3064 usibus
1605 3012 1693 3082 atque
1706 3027 1857 3084 usurpare

140 3102 299 3164 curantem,
311 3112 415 3169 regum
433 3099 462 3152 et
485 3096 697 3168 imperatorum
720 3096 899 3170 imaginibus
914 3097 963 3153 de·
1024 3094 1166 3167 solebant,
1181 3114 1197 3151 a
1206 3096 1482 3168 junioreWillefmo
1498 3098 1604 3154 comite
1615 3098 1672 3155 sibi
1686 3116 1720 3156 ae
1735 3116 1855 3159 succes

141 3187 259 3260 pictam,
270 3202 359 3258 supra
369 3201 458 3256 quam
472 3184 570 3257 posuit
582 3186 639 3241 tria
655 3184 866 3257 pretiosissima
880 3184 970 3257 pallia
984 3175 1006 3242 C
1026 3183 1141 3241 sonibus
1150 3187 1212 3241 suis
1223 3185 1252 3240 in
1265 3190 1437 3259 perpetuum
1448 3186 1619 3243 habendum
1629 3187 1766 3257 obtinuit,
1779 3194 1811 3246 et
1822 3195 1856 3247 ut

142 3273 222 3332 mille
236 3273 397 3330 solidorum
418 3273 504 3346 pretii
527 3273 708 3342 constantia;
724 3290 850 3346 quorum
874 3292 968 3330 unum
1024 3274 1170 3330 memoria
1190 3276 1447 3331 commendaretur
1470 3276 1579 3348 scripto
1603 3277 1659 3334 hon
1683 3278 1863 3336 confirmari-

139 3362 354 3421 viridiscoloris
364 3362 499 3419 leonibus
511 3361 968 3420 multicoloribuscircumrotatis
1023 3362 1160 3435 praecepit
1171 3380 1196 3418 2«
1208 3365 1239 3418 ln
1255 3363 1373 3420 nomine
1389 3368 1496 3421 sancta
1509 3369 1539 3420 ct
1554 3364 1710 3423 individue
1726 3366 1855 3424 Trinita-

141 3453 247 3527 fulget;
264 3453 425 3510 secuudum
443 3451 622 3524 imaginibus
644 3468 745 3524 regum
762 3452 897 3508 similiter
912 3453 967 3509 cir·
1022 3452 1072 3527 tis.
1087 3452 1193 3507 Notum
1210 3453 1249 3508 sit
1264 3453 1402 3509 omnibus
1417 3458 1476 3509 tam
1494 3454 1602 3510 futuris
1617 3471 1706 3527 quam
1722 3472 1854 3528 praesen-

140 3542 314 3600 cumrotatis
324 3540 415 3614 regali
428 3542 513 3596 modo
524 3539 720 3611 equitantium
731 3540 836 3612 pollet;
849 3542 967 3597 tortium

140 3648 256 3705 qunque
275 3631 409 3687 leonibus
430 3628 642 3685 auricoloribus
659 3628 874 3686 circumrotatis
889 3631 967 3703 aspi-

139 3721 284 3778 cientibus
300 3721 418 3776 arridet.
431 3719 502 3775 ltem
516 3719 551 3775 ad
566 3718 700 3775 decorem
711 3718 841 3775 ecclesiae
856 3736 968 3776 memor

139 3810 302 3868 Psalmistae
317 3808 460 3866 dicentis:
477 3808 706 3875 buccinabunt
729 3808 850 3864 decorem
873 3809 968 3866 domus

139 3907 206 3966 tuce,
222 3906 247 3954 et
261 3901 351 3956 beura
366 3899 543 3955 habitationis
557 3899 657 3968 ptortoe
671 3905 727 3954 tuac
743 3899 827 3969 (Paul.
844 3916 909 3966 xxv,
927 3900 965 3970 8),

139 3987 197 4042 duo
214 4003 321 4058 magna
336 3987 416 4042 dedit
430 3986 557 4042 dorsalia
572 3985 667 4057 lanea,
686 3985 820 4044 leonibus
830 3986 967 4043 multico-

138 4074 250 4132 loribus
265 4091 386 4146 operose
401 4073 650 4146 insignitumque
665 4092 753 4146 super
767 4063 847 4130 chori
863 4075 967 4132 sedilia

139 4164 197 4221 duo
213 4164 324 4236 optima
344 4163 442 4234 posuit
465 4162 583 4235 tapetia.
602 4162 672 4219 ltem
698 4165 733 4220 ad
759 4169 965 4220 ornamentum

139 4252 278 4319 ecclcsiae,
295 4251 471 4308 insinuando
496 4250 584 4306 otiam
601 4251 687 4307 nobis
703 4252 772 4323 quia
796 4253 967 4325 postpositis

1022 3540 1113 3607 tibus,
1124 3540 1276 3610 veritatem
1286 3540 1478 3614 diligentibus
1489 3544 1716 3615 animarumque
1728 3561 1854 3601 suarum

1023 3628 1146 3706 qplutem
1158 3631 1441 3704 quaerentibusquia
1452 3648 1504 3704 ego
1512 3631 1687 3702 vuillelmus,
1695 3632 1856 3691 Nivernen·

1023 3718 1065 3774 sis
1075 3717 1187 3786 consul,
1199 3719 1235 3774 ad
1247 3719 1451 3777 remissionem
1467 3726 1654 3793 peccatorum
1665 3738 1811 3792 meorum,
1824 3729 1858 3780 et

1022 3807 1114 3880 patris
1130 3808 1197 3874 mei,
1210 3812 1237 3864 et
1247 3807 1351 3864 matris
1363 3826 1433 3865 meaa
1444 3814 1473 3865 ut
1488 3814 1705 3867 antecessorum
1715 3828 1858 3882 suorum,

1022 3895 1159 3954 laudante
1172 3914 1260 3954 uxore
1276 3914 1342 3953 men
1356 3897 1483 3970 adelaya
1498 3899 1658 3968 comitissa,
1671 3899 1789 3956 dimitto
1802 3917 1858 3959 eo·

1022 3984 1116 4043 clesian
1133 3986 1222 4041 beatae
1244 3986 1342 4043 Marias
1364 3986 1514 4060 genitricis
1530 3987 1645 4045 Domini
1670 3990 1765 4045 nostri
1779 3989 1853 4048 Jesu

1022 4073 1176 4142 Christi,et
1191 4076 1269 4131 beati
1294 4076 1434 4148 Stephani
1459 4077 1694 4150 protomartyris,
1704 4081 1733 4134 et
1758 4078 1853 4136 lium·

1022 4162 1855 4239 baldoepiscopoautissiodorensi,etcanoniciseJ'nsdem

1022 4251 1149 4309 ecclesiae
1161 4257 1189 4309 et
1204 4252 1425 4310 successoribus
1435 4256 1714 4326 aornnr,quarudam
1731 4273 1854 4329 pravam

138 4342 217 4399 vitiis
233 4340 488 4398 intusatexterius
505 4338 620 4412 palleati
633 4340 864 4397 virtutibusesse
880 4342 965 4398 dobe—
1022 4342 1275 4409 consuetudinem,
1298 4360 1387 4414 quam
1409 4348 1611 4401 antecessores
1637 4344 1693 4400 moi
1718 4344 1856 4401 solebant

139 4449 216 4498 mus,
228 4432 310 4489 dedit
325 4446 432 4504 cappas
448 4431 484 4486 de
501 4428 589 4501 pallio
605 4429 698 4485 bonas
711 4431 737 4496 l,
750 4429 923 4487 dalmaticas
937 4434 964 4499 3,
1022 4430 1256 4502 eapere,scilicet
1266 4432 1301 4488 de
1317 4432 1403 4488 domo
1421 4431 1581 4506 episcopali
1595 4437 1624 4489 et
1639 4434 1675 4490 de
1689 4434 1777 4490 rebus
1791 4435 1856 4506 epi·

138 4521 220 4578 albas
247 4525 276 4588 7,
293 4521 420 4595 optimas
449 4518 576 4583 casulas,
600 4518 701 4585 stolas,
727 4523 755 4574 et
783 4520 1856 4611 manutergiaDscopi,quaspostmortemepiseoporumquasiprnpriae

138 4609 224 4682 plura
239 4609 397 4682 pluresque
412 4609 503 4664 libros
519 4606 676 4680 episcopali
687 4607 784 4664 officio
799 4609 968 4666 convenien-
1023 4610 1387 4683 possidebant,vastabant
1403 4616 1431 4667 et
1446 4611 1641 4684 diripiebant:
1660 4611 1736 4667 hanc
1751 4615 1856 4669 autem

138 4703 194 4754 tes.
206 4698 300 4771 Caput
315 4715 433 4772 quoque
449 4697 576 4754 eeclesiae
593 4714 682 4769 super
696 4696 788 4754 altare
801 4699 895 4755 sancti
911 4699 972 4775 Ste·
1027 4698 1231 4757 dimissionem
1246 4698 1313 4757 talis
1328 4700 1551 4757 consuetudinis
1567 4701 1650 4769 facio,
1662 4716 1698 4756 ne
1713 4699 1857 4773 deinceps

137 4787 228 4861 phani
245 4786 372 4843 mirabili
384 4791 413 4843 et
424 4787 550 4860 pretiosa
564 4786 678 4859 pictura
688 4787 850 4857 decoravit;
868 4789 898 4843 in
911 4805 973 4862 cry.
1027 4787 1134 4861 aliquis
1155 4788 1247 4844 hares
1263 4804 1347 4844 meus
1362 4789 1429 4844 inde
1446 4789 1609 4862 quidquam
1625 4804 1728 4861 capere
1741 4805 1856 4861 praesu·

138 4881 188 4950 pta
203 4875 340 4932 similiter
366 4876 430 4932 alta
455 4876 609 4932 Trinitatis
631 4876 767 4948 superius
796 4881 824 4933 et
850 4877 971 4936 inferius
1026 4877 1199 4946 mat,autsi
1216 4877 1377 4949 quidquam
1400 4878 1469 4934 inde
1493 4895 1596 4952 capere
1620 4877 1856 4951 presumpserit,

137 4964 262 5040 picturis
278 4965 441 5036 adornavit,
453 4968 482 5020 ct
507 4965 539 5019 in
562 4964 618 5021 alia
634 4969 736 5038 crypta
758 4965 850 5023 altaro
876 4969 970 5025 sancti
1025 4971 1119 5023 totum
1134 4965 1275 5022 honorem
1285 4983 1384 5022 meum
1395 4968 1507 5040 perdat.
1522 4969 1610 5024 Facta
1619 4971 1718 5023 autem
1735 4970 1782 5023 est
1792 4966 1857 5026 baso

138 5054 249 5112 Nicolai
279 5056 408 5128 imagine
434 5053 603 5122 SalvatoriS,
630 5057 797 5126 sanctaeque
822 5056 918 5113 Maria
943 5063 971 5114 et
1025 5056 1160 5112 dimissio
1176 5054 1258 5126 prins
1273 5071 1362 5127 super
1377 5056 1468 5112 altare
1488 5055 1582 5112 sancti
1600 5054 1754 5128 Stephani3
1770 5060 1859 5129 poet·

139 5142 572 5217 sanctiloaunisevangelistce
592 5141 707 5213 depicta
729 5142 969 5203 honestavit:ec·
1024 5147 1144 5202 modum
1168 5143 1198 5200 in
1227 5144 1328 5199 eadem
1358 5144 1481 5203 ecclesia
1508 5143 1795 5218 publicabominiea
1806 5146 1857 5201 die

138 5231 259 5290 alasiam
271 5237 381 5290 sancta
404 5232 506 5289 Matris
521 5229 637 5286 Domini
654 5229 751 5285 Maria
768 5231 844 5288 infra
868 5252 968 5293 muros
1024 5234 1118 5308 pridie
1133 5232 1255 5289 Kalend.
1274 5234 1447 5305 Septemb.»
1849 5280 1852 5285 .

139 5322 266 5394 positam
281 5327 414 5378 ruentem
439 5337 472 5377 ao
497 5336 570 5393 pene
593 5317 738 5391 dilapsam
760 5324 919 5391 renovavit,
934 5343 968 5382 ac
1058 5321 1858 5398 Apngniaoietiamclausumepiscopalemdestrnctnm

138 5415 307 5466 renovatam
327 5413 390 5484 ipsa
412 5409 571 5478 dedicavit;
596 5412 685 5480 caput
708 5407 836 5465 ecclesie
860 5419 968 5470 sancta
1023 5419 1051 5471 et
1067 5412 1143 5469 male
1158 5412 1336 5484 dissipatum
1349 5411 1379 5466 in
1395 5412 1575 5468 fertilitatem
1591 5428 1676 5467 suam
1691 5409 1859 5479 redamet

140 5497 237 5553 Maria
253 5490 334 5556 e'xtra
347 5516 448 5557 muros
474 5499 557 5556 novis
573 5496 709 5555 assiculis
732 5499 873 5571 cooperiri
889 5503 966 5560 fecit.
1022 5506 1141 5560 furnum
1154 5502 1190 5557 nb
1199 5500 1356 5574 episcopali
1362 5502 1430 5572 jure
1439 5502 1590 5560 sublatum
1601 5502 1636 5557 ad
1649 5499 1857 5557 molendinum

139 5585 182 5649 ad
198 5585 345 5659 stipendia
359 5589 486 5666 denique
497 5587 705 5648 canonicorum
718 5586 797 5645 dedit
812 5590 965 5651 ecclesiam
1022 5595 1051 5649 in
1066 5593 1174 5649 laauna
1190 5590 1313 5647 flumine
1334 5591 1475 5663 positum,
1490 5595 1520 5648 et
1543 5607 1676 5663 eampse,
1691 5589 1741 5661 qui
1765 5588 1858 5662 vulgo
