3878 6098
109 302 187 365 isar
461 300 465 306 ·
501 289 674 352 nirano.
698 294 750 354 tn
774 289 869 352 aaa.
895 289 931 349 x.
950 320 987 332 -
1002 288 1255 352 aoauuaarn
1279 287 1439 354 airuns.
1754 292 1827 353 isse

144 433 321 493 dicitriarma.
334 432 393 498 Ipso
407 427 451 482 die
467 428 532 480 aiiii
547 426 704 480 tradat-ar
719 443 815 480 aniliter.
960 427 983 489 Α
999 422 1059 477 i'li'
1075 423 1219 479 Kalendas
1243 423 1336 488 iunii,
1363 425 1459 479 Ronioe
1485 422 1578 480 itatale
1599 424 1633 480 S.
1656 423 1828 480 Potentiaue

108 502 145 584 lV
160 524 230 581 idus
246 518 321 575 lilaii.
342 518 438 573 Itonia
456 517 481 571 in
499 513 645 569 cimiterio
662 515 826 570 Praetextati
849 513 944 570 itatale
1032 513 1153 585 virginis
1178 521 1205 569 ct
1233 512 1372 586 nrartyris
1388 519 1417 568 et
1430 518 1460 568 S.
1481 514 1621 570 Pudentis
1640 512 1736 586 patris
1755 515 1824 585 ejas.

144 614 313 671 sanctoruni
329 611 489 678 martyrum
506 600 590 656 Nerei
618 608 649 657 et
670 602 790 658 Achillei
807 602 941 657 fratrum.
1033 606 1104 658 item
1115 602 1212 659 Roaia
1223 602 1322 658 natale
1331 606 1500 659 sanctorum
1516 607 1683 677 martyrum
1696 603 1828 660 Calorcrii

144 706 228 765 item,
245 697 342 752 Roma
356 694 402 751 via
415 690 531 748 Aurelia
547 689 649 746 natale
663 693 691 747 S.
709 691 850 746 Pancratii
864 708 944 746 mar·
1037 696 1065 746 et
1079 691 1213 747 Partheni
1231 690 1436 746 cunuchorum
1453 692 1552 748 uxoris
1570 691 1653 748 Decii
1683 692 1829 765 imperato

146 790 228 864 tyris.
245 784 352 840 Eodem
377 782 423 837 die
445 778 521 838 beati
550 778 684 854 Dionysii
701 781 795 852 patrui
810 781 944 851 ejusdcm
1034 779 1086 836 ris.
1109 784 1138 835 in
1155 779 1250 834 Africa
1267 779 1368 836 natale
1383 784 1433 835 SS.
1453 780 1562 850 Quinti,
1575 779 1828 850 Primuii,Salusti,

149 876 225 934 beati
240 872 392 927 Pancralii.
411 870 493 943 Apud
516 869 648 942 Cyprum
672 870 765 925 sancti
791 868 944 942 ilpiphauii
1033 868 1396 937 Fortunati,[)ournionis.
1507 898 1525 922 ›.

1001 958 1061 1014 lllll
1078 956 1220 1014 Kalendas
1232 958 1306 1014 iun.
1328 957 1427 1013 Roma
1442 959 1488 1013 via
1502 958 1620 1016 Salaria
1635 959 1828 1017 nataleS.Ba·

1035 1046 1105 1103 silla
1120 1046 1242 1120 virginis
1259 1050 1288 1102 et
1304 1047 1451 1120 martyris.
1470 1053 1500 1104 ln
1517 1047 1624 1105 Galliis
1649 1049 1768 1105 civitate
1781 1051 1828 1107 No·

149 1141 196 1213 pai
220 1138 293 1195 dedit
307 1141 442 1212 tratribus
463 1157 503 1194 sn
527 1155 637 1193 nianma
658 1139 685 1206 in
712 1138 883 1193 Ciiicliiriaeo
895 1155 946 1209 per
1036 1153 1136 1192 niauso
1153 1135 1249 1192 natale
1265 1140 1293 1191 S.
1312 1136 1444 1192 Baudelii
1461 1137 1771 1210 martyris.Bituricas
1783 1157 1829 1196 na·

147 1233 315 1302 praereptam
347 1231 429 1299 reple.
463 1229 532 1283 ilem
565 1227 776 1298 dertarenpardis
808 1229 946 1282 comitissa
1034 1224 1136 1280 tales.
1157 1223 1351 1297 Austregesili
1373 1225 1502 1298 episcopi
1518 1230 1548 1281 et
1563 1227 1758 1284 contessoris.
1777 1234 1828 1284 ttu-

149 1318 226 1374 olriit.
1035 1314 1188 1370 tissiodero
1203 1314 1231 1368 in
1249 1312 1374 1368 basilica
1385 1313 1559 1370 S.Germani
1573 1316 1724 1372 dedicatio
1739 1318 1829 1375 subte-

114 1410 152 1465 lll
170 1408 239 1463 idus
255 1407 436 1464 lilaiillornce
452 1411 559 1462 sancia
577 1405 676 1461 diaria
692 1405 727 1460 orl
745 1405 886 1477 Martyres
896 1406 945 1461 de·
1037 1403 1369 1475 riaramcryptorurnei
1381 1403 1409 1457 in
1420 1403 1596 1460 occidentali
1608 1412 1694 1477 parte
1705 1408 1827 1478 ejusdem

150 1497 309 1552 dicationis
325 1498 388 1552 dies
399 1497 496 1569 agitur
507 1513 524 1551 a
535 1494 683 1551 iloniiaeio
695 1512 770 1566 papa
781 1494 945 1550 institutus.
1035 1490 1162 1546 eeclesia
1177 1490 1360 1545 consecratio
1376 1490 1492 1546 oratorii
1508 1491 1676 1547 sasernis
1692 1493 1828 1567 Baptista.

150 1586 332 1659 Tungrcusis
357 1584 487 1640 ccclesiae
511 1584 654 1656 depositio
677 1582 706 1659 S
732 1584 852 1639 Scrratii
869 1585 945 1656 epis·
1000 1585 1047 1636 itii
1066 1579 1181 1634 lialend.
1197 1578 1268 1634 lun.
1295 1578 1327 1634 ln
1354 1578 1529 1634 Mauritania
1552 1579 1654 1635 natam
1669 1588 1827 1639 sanctoruni

154 1675 218 1747 copi
235 1680 263 1730 et
278 1675 498 1740 contessoris‚et
512 1673 581 1728 alilii
596 1673 670 1727 beati
684 1672 770 1727 Mitrii
786 1673 945 1745 presbytcri
1038 1672 1198 1741 niariyrurn
1214 1666 1436 1735 Tiriiothei,Poli
1452 1672 1482 1724 et
1497 1668 1626 1724 iluticliii
1644 1669 1827 1729 diaconatu·

149 1768 178 1823 et
194 1763 383 1819 contessoris.
399 1761 599 1818 autissiodero
615 1761 757 1833 depositio
779 1768 807 1816 S.
826 1759 945 1816 Mareel-
961 1800 985 1867 B
1037 1755 1181 1813 tissioderi
1199 1755 1296 1812 natale
1312 1756 1404 1812 saneti
1422 1755 1501 1812 Velis
1516 1758 1715 1816 contessoris.

151 1851 221 1908 liani
232 1852 362 1924 episcopi
377 1856 405 1907 et
420 1852 606 1907 confessoris.
1074 1846 1145 1902 Obiit
1173 1846 1252 1900 liicco
1280 1844 1414 1912 sacerdos
1430 1847 1478 1919 qui
1505 1863 1589 1903 amne
1611 1848 1727 1905 alodum
1746 1867 1826 1917 seam,

115 1942 212 1998 Pridie
228 1941 297 1996 idus
310 1941 425 1996 Maiiln
442 1937 556 1995 civitate
572 1937 689 2012 Cyrnela
704 1938 799 1995 notaio
813 1940 841 1996 S.
853 1938 947 1996 Pontii
1038 1935 1107 2008 quod
1131 1936 1163 1995 ia
1184 1933 1350 1989 ilontiaiaco
1373 1935 1539 2007 possederat,
1570 1954 1638 1992 cum
1662 1941 1734 1994 arcis
1760 1942 1825 2014 infra

152 2030 337 2102 martyrisln
353 2030 435 2102 Syria
448 2029 544 2084 natale
559 2029 651 2084 sancti
667 2028 791 2084 Victoris
806 2033 835 2084 et
846 2033 874 2082 S.
893 2029 946 2086 Co·
1035 2025 1172 2080 civilatem
1188 2025 1260 2094 sitia,
1275 2023 1350 2079 dedit
1364 2025 1503 2079 canonicis
1516 2023 1547 2080 S.
1561 2027 1755 2099 Stephanipra
1763 2031 1824 2085 otti·

152 2137 240 2186 rona,
259 2118 306 2190 qui
322 2117 412 2173 simul
427 2118 505 2190 passi
520 2122 599 2174 sunt.
618 2122 682 2189 ipso
697 2117 742 2172 die
757 2117 853 2173 natale
864 2119 946 2174 S.Pe-
1038 2113 1126 2168 nenda
1139 2117 1312 2184 peccatorum
1326 2129 1438 2168 suoram
1452 2114 1628 2184 remissione,
1645 2120 1673 2171 et
1685 2121 1715 2171 at
1737 2119 1764 2172 in
1784 2119 1823 2174 ai·

152 2207 260 2263 chonrii
277 2207 369 2278 patris
384 2206 488 2262 nostri.
506 2207 612 2261 ldodcrn
638 2207 684 2260 dic
709 2207 806 2278 passio
821 2212 849 2261 S.
867 2207 948 2263 Bani-
1038 2205 1092 2258 iias
1106 2204 1150 2257 sai
1163 2201 1208 2257 die
1222 2204 1325 2273 optima
1342 2203 1505 2258 exhibeatur
1519 2204 1636 2274 resectio
1656 2205 1755 2262 medam
1771 2210 1823 2279 tra·

152 2296 218 2351 larii
236 2295 382 2366 martyris,
402 2295 450 2366 qui
468 2295 563 2349 Nonas
580 2294 685 2349 lunias
702 2295 798 2349 lionae
812 2295 946 2366 sepultus
1039 2291 1136 2348 iricius.

152 2390 206 2450 est,
224 2383 342 2454 quando
357 2387 384 2437 et
400 2383 541 2438 celidrior
554 2384 618 2455 rjus
631 2384 694 2439 dics
710 2384 815 2455 agitur.
1001 2380 1036 2436 itt
1054 2380 1196 2436 liniendas
1210 2379 1338 2435 luniidn
1354 2380 1452 2437 Africa
1467 2381 1747 2442 natalesanctorunr
1758 2402 1823 2443 mse

189 2472 263 2526 Obiit
277 2471 409 2527 tetardus
418 2473 622 2544 pr·eslrpler‚pai
636 2472 711 2527 {tellit
725 2475 859 2544 fratrias
869 2491 946 2547 qrrae-
1037 2474 1134 2543 tyrum
1149 2468 1226 2524 Casii
1242 2473 1270 2524 Gi
1285 2468 1382 2525 Esstiii·
1396 2470 1602 2528 AuiiSSiOdeffl
1616 2474 1649 2530 S·
1658 2475 1766 2531 Helena
1779 2477 1823 2531 vir·

153 2576 269 2632 eamque
284 2559 382 2616 trabere
398 2563 469 2615 ia'rirs
484 2566 523 2617 esi
540 2564 567 2615 in
583 2579 652 2633 papo
675 2562 816 2630 Serrarrico,
834 2566 862 2619 in
880 2567 946 2621 ailla
1037 2558 1124 2632 ginis,
1140 2557 1225 2628 cnjus
1241 2561 1324 2614 acius
1340 2557 1469 2630 preclari
1488 2559 1518 2614 in
1535 2561 1634 2633 gestis
1648 2566 1676 2618 S.
1693 2566 1823 2620 Amatrnis

153 2664 217 2721 (μαι)
230 2648 336 2703 dicitnr
349 2650 522 2718 Bapnenir'ir,
540 2656 565 2705 el
581 2651 608 2705 iri
625 2669 694 2722 papa
719 2653 947 2709 drrlr'asiodorcnri
1002 2648 1099 2704 contin
1119 2650 1189 2702 ntur
1222 2647 1305 2718 Apud
1331 2649 1476 2704 Corsicam
1499 2650 1603 2721 passio
1619 2655 1647 2707 8.
1663 2651 1757 2720 Juliic,
1769 2670 1821 2726 que

153 2739 182 2793 ia
200 2737 268 2793 villa
283 2753 346 2809 aas
359 2738 462 2794 dieitur
477 2739 647 2809 iiaiernlinis,
663 2740 698 2795 ad
720 2743 765 2796 rai
785 2746 946 2800 memoriam
1036 2739 1131 2795 crucis
1146 2737 1292 2811 supplicio
1305 2743 1443 2795 coronata
1457 2746 1513 2796 est.
1531 2745 1619 2809 item,
1634 2745 1821 2801 Autissiodero

148 960 272 1037 episcopi
291 964 318 1015 et
334 960 518 1018 contessoris.

186 1051 317 1104 Olrierani
345 1050 421 1119 liupo
448 1050 530 1104 atlas
554 1053 582 1104 el
612 1049 771 1117 Wiplraldas
796 1051 944 1121 episcopas,

153 2825 334 2882 recolendam.

118 2917 187 2974 idus
204 2914 386 2972 MaiiNatalc
401 2924 569 2974 sanctoruni
581 2919 780 2975 confessorura
792 2922 943 2994 Torquati,

152 3004 320 3073 Tisclontis,
336 3007 471 3073 Secundi,
490 3008 631 3075 indaletii,
647 3008 753 3078 Ceeilii,
770 3009 868 3077 Esicii,
888 3011 943 3066 ilu-

154 3092 299 3165 irasii,qai
315 3093 412 3149 Ronioe
428 3112 445 3149 a
461 3097 570 3151 sanctia
586 3096 726 3168 apostolis
736 3098 862 3170 episcopi
874 3104 944 3156 sunt

1036 2827 1178 2901 depositio
1193 2827 1355 2883 S.Rornani
1372 2828 1508 2884 monachi
1524 2835 1554 2886 et
1569 2832 1820 2900 contessorissan·

1035 2917 1132 2989 otique
1148 2916 1294 2972 Benedicti
1308 2916 1459 2989 discipuli.

1070 3005 1173 3060 Eodem
1187 3005 1233 3060 die
1248 3003 1417 3061 illudovicas
1426 3006 1540 3078 juvenis
1567 2998 1621 3066 rar
1635 3011 1714 3079 odiit,
1729 3015 1755 3066 et
1767 3011 1816 3068 ilel-

1033 3093 1134 3150 dradas
1147 3093 1226 3149 mites
1239 3093 1267 3148 S.
1282 3093 1428 3166 Stephani.

64 3192 69 3204 ’
152 3181 375 3253 ordinati.rtpud
392 3182 518 3237 insulam
534 3184 637 3239 Cliiurn
654 3186 749 3241 natale
764 3190 792 3241 S.
807 3172 977 3260 llysidoriC
996 3187 1019 3239 Χ
1035 3182 1155 3238 Kalend.
1171 3181 1239 3238 Jun.
1255 3183 1338 3254 apud
1354 3182 1500 3257 Lingonas
1514 3187 1619 3258 passio
1639 3190 1733 3246 saneti
1750 3190 1816 3246 Desi-

152 3270 460 3344 martprisdornosaco
478 3271 573 3328 riatale
589 3278 756 3329 sanctoruni
772 3275 944 3343 Petri,l’auli

150 3361 271 3416 Andreae
286 3361 314 3414 et
330 3358 482 3431 Dionysiae,
500 3378 623 3432 quorun]
642 3362 721 3419 iniria
736 3365 888 3436 passiones
903 3364 943 3421 lc-

150 3452 269 3522 guntur.
286 3447 491 3519 augustiduno
508 3450 603 3506 natale
618 3456 645 3505 S.
663 3452 768 3507 'l'etriei
783 3452 921 3526 episcopi.

115 3537 189 3594 xt'tt
206 3536 351 3592 Kalendas
374 3536 465 3593 iunii.
492 3541 687 3596 autissiodero
711 3541 773 3597 vico
800 3543 943 3616 [langiaco

151 3625 249 3698 passio
263 3624 441 3698 §.Peregrini
458 3629 585 3700 episcopi
603 3630 688 3701 prinii
702 3631 826 3687 civitatis
838 3631 941 3704 ipsius.

101 3715 108 3726 '
152 3720 182 3770 in
199 3731 273 3788 pago
287 3715 453 3772 Tricassino
468 3718 559 3773 sancti
579 3717 669 3773 Fidoli
686 3719 812 3793 episcopi
833 3725 943 3778 eicon·

151 3804 279 3860 iessoris.
306 3805 341 3859 Et
365 3803 432 3860 alibi
458 3804 554 3862 natale
581 3812 748 3863 sanctoruni
764 3809 892 3881 dqufilini
915 3816 944 3866 et

150 3893 449 3966 victoriani,quoruni
467 3901 549 3968 gesta
564 3895 752 3952 habentur.ln
765 3915 838 3971 pago
855 3901 942 3956 Foro-

150 3972 264 4037 Julensi
279 3982 341 4038 vico
357 3984 406 4055 qui
423 3990 543 4040 vocatur
558 3985 835 4054 Calidianuanatale
849 3992 941 4045 atta-

1036 3270 1107 3327 derii
1127 3270 1269 3345 episcopi.
1290 3270 1421 3344 Vigenna
1443 3275 1545 3345 passio
1571 3277 1669 3332 saneti
1695 3277 1816 3335 Desiderii

1034 3359 1173 3433 episcopi,
1201 3360 1251 3432 qui
1282 3377 1387 3433 passus
1411 3365 1456 3417 est
1481 3361 1513 3418 in
1538 3365 1693 3424 territurio
1717 3368 1816 3442 Lugdu·

1035 3466 1128 3506 nensr.

1070 3540 1149 3597 Oliiit
1172 3539 1293 3596 Alienae
1308 3540 1400 3605 levita
1416 3541 1465 3612 pai
1475 3540 1553 3597 dedit
1567 3544 1598 3598 ia
1610 3562 1687 3617 papo
1700 3547 1816 3603 Senoniae

1033 3630 1064 3683 ia
1085 3629 1153 3684 ailla
1176 3629 1283 3685 laliaro
1306 3631 1447 3685 raamaicis
1470 3629 1610 3702 Stephani
1631 3638 1814 3706 patrosonin

1031 3734 1113 3773 saara
1125 3734 1175 3790 pra
1184 3717 1333 3774 obtinenda
1341 3723 1515 3790 peecatorum
1524 3737 1644 3778 suoram
1660 3728 1813 3789 renatare,

1032 3811 1058 3861 el
1073 3814 1102 3861 at
1116 3808 1147 3861 ira
1160 3806 1205 3862 die
1219 3808 1309 3861 atritas
1318 3808 1363 3862 mi
1376 3805 1476 3862 eisdem
1486 3809 1630 3880 tratribus
1639 3815 1741 3885 optima
1750 3813 1814 3869 esti·

1033 3894 1130 3950 leatar
1145 3896 1265 3967 resectio.
1283 3896 1341 3967 ipso
1355 3894 1400 3951 die
1423 3897 1493 3952 adiit
1510 3900 1593 3955 Waio
1609 3903 1734 3958 sacerdes
1745 3906 1814 3974 alpe

1030 3984 1148 4040 iteranda
1157 3984 1185 4041 S.
1200 3988 1285 4040 Petra.

150 4069 234 4125 xima
249 4069 380 4141 virginis.
395 4072 426 4126 ln
442 4073 593 4130 Provincia
608 4074 721 4131 civitate
737 4079 828 4148 Aquis
847 4079 940 4135 sancti
996 4077 1030 4127 iii
1047 4073 1189 4130 Kalendas
1203 4074 1216 4129 J
1222 4073 1291 4128 unii·
1309 4077 1341 4128 in
1356 4073 1445 4130 Portu
1462 4075 1599 4133 Romano
1615 4077 1712 4135 natale
1723 4077 1811 4135 S.i'ia·

153 4157 277 4214 lilitrasii
295 4160 441 4232 martyris.

183 4248 282 4304 Eodem
309 4248 354 4303 die
385 4248 499 4305 damnas
530 4249 663 4306 ditaretur
696 4255 834 4326 episeopus
866 4258 939 4312 eiam

152 4339 291 4393 rrairerae
304 4338 397 4391 carnis
408 4343 446 4393 est
458 4339 703 4408 enarres-radantia
719 4341 763 4397 die
778 4344 845 4398 abiit
860 4346 940 4401 Falco

148 4427 239 4481 naneti
252 4425 389 4480 Anactorie
403 4428 551 4483 eanoaicus
566 4435 592 4483 et
604 4430 737 4497 sacerdos,
762 4434 810 4503 qai
827 4450 878 4503 pro
892 4451 940 4490 aa·

1031 4162 1117 4218 centii
1140 4161 1287 4235 ntartyris.
1312 4163 1345 4218 et
1368 4161 1438 4218 alibi
1460 4164 1560 4222 natale
1584 4166 1619 4223 S.
1640 4167 1812 4225 Mauaheuei

1031 4251 1207 4307 bardissime
1221 4251 1374 4308 iohanne.
1388 4256 1419 4307 ln
1435 4252 1540 4310 Galliis
1554 4254 1675 4312 civitate
1687 4255 1813 4313 Nanaetis

1031 4340 1127 4397 natale
1142 4344 1311 4397 sanctorum
1328 4346 1489 4414 martirum
1515 4345 1675 4401 Donatiani
1690 4351 1718 4401 et
1732 4346 1812 4419 laag·-

1030 4429 1100 4484 tiani
1118 4430 1253 4486 fratrum.

150 4514 207 4569 late
221 4515 323 4569 atrimae
335 4531 394 4574 aaa
409 4516 518 4572 alonium
541 4534 620 4572 raram
646 4523 787 4575 l‘elrrnam
804 4524 939 4592 fratribus
954 4545 978 4611 D
1066 4520 1140 4574 iiiiii
1155 4521 1281 4588 cherr'as
1297 4520 1379 4576 reaia
1393 4525 1418 4576 et
1434 4524 1586 4579 canonicas
1602 4526 1653 4596 qai
1666 4543 1682 4579 a
1695 4523 1813 4597 ierosoly-

48 4611 56 4620 ’
149 4599 232 4655 dedit.
1027 4610 1081 4663 aare
1094 4608 1251 4665 revertendo
1266 4610 1296 4664 ira
1308 4610 1382 4665 mari
1396 4610 1568 4681 sepulturam
1583 4613 1692 4670 antaei.

112 4686 171 4744 xvi
189 4689 440 4765 lial.iunii.dpud
458 4695 635 4768 llierapolirn
652 4698 728 4753 beati
746 4699 839 4771 Papia
862 4703 936 4757 anti·
991 4695 1052 4752 Vili
1070 4697 1211 4754 Kalendas
1226 4697 1297 4754 Jttn·
1318 4697 1416 4754 Rome
1431 4698 1529 4756 natale
1545 4700 1811 4776 &Urbaniptptti

145 4777 268 4832 stitis.ln
284 4779 389 4835 Tuscia
402 4783 544 4855 depositio
561 4787 691 4858 corporis
705 4788 839 4860 Tarpeiis
858 4809 936 4847 niar-
1027 4786 1173 4859 martiris·
1198 4785 1360 4843 MediOItmO
1384 4787 1479 4843 nillil&
1495 4788 1528 4845 S·
1548 4789 1684 4864 Diont'ffli
1697 4790 1809 4865 epiflwlii

145 4867 226 4938 tyris,
241 4867 289 4939 qui
306 4886 324 4923 v
340 4870 482 4927 lialendns
498 4873 565 4928 Maii
583 4877 755 4949 niartyriunr
771 4879 935 4951 complevit,
1027 4880 1055 4931 et
1068 4875 1256 4932 contessoris.
1280 4880 1309 4930 lu
1326 4876 1473 4933 territurio
1488 4878 1665 4936 'tricassino
1679 4883 1710 4936 S.
1722 4878 1809 4936 Leonis

144 4955 194 5011 sed
211 4955 353 5013 testivitas
377 4959 442 5028 ejas
467 4960 521 5017 hoc
544 4963 589 5019 dio
613 4965 754 5020 celebrior
779 4968 885 5039 agitur.
903 4975 935 5026 tn
1028 4964 1163 5021 monaehi
1178 4969 1207 5020 et
1220 4965 1405 5023 contessoris.
1423 4966 1458 5021 lit
1472 4965 1543 5024 alibi
1560 4974 1735 5026 sanctorum
1754 4983 1808 5042 qut·

142 5043 318 5101 Alexandria
331 5046 467 5104 Victoris.
1027 5059 1092 5109 tuor
1108 5057 1280 5127 martyrum.

179 5132 253 5190 Obiit
282 5136 446 5192 Gaaaelrnas
473 5143 578 5195 sarreia
605 5142 782 5210 Lr'apoaorrsis
815 5148 937 5207 ecclesiae
990 5142 1039 5199 Vll
1057 5140 1199 5199 Kalendas
1217 5142 1285 5198 Juil·
1303 5145 1386 5216 Apud
1413 5145 1543 5202 Athenas
1559 5153 1591 5204 B·
1609 5148 1748 5216 Quadrati
1760 5144 1804 5219 cpi·

141 5222 289 5294 episcopas.
1027 5233 1105 5307 scapi
1122 5233 1258 5306 discipuli
1275 5233 1486 5306 apostolorum.
1505 5242 1537 5293 tn
1550 5237 1708 5297 Britannia
1729 5233 1803 5296 naida

108 5309 155 5366 av
171 5311 289 5368 lialend.
305 5313 384 5369 Junii
409 5316 491 5388 Apud
517 5321 669 5389 AEgyptunr
693 5322 783 5374 sancti
809 5324 935 5381 ltioseori
1027 5320 1801 5399 S.Augustiniepiscopieteonlcssoris.ltem,0uadnii

140 5398 257 5456 lectoris
271 5407 300 5457 et
315 5404 460 5473 martyris.
473 5410 539 5477 ipso
555 5405 601 5460 die
617 5406 712 5462 natale
728 5412 819 5466 sancti
833 5413 935 5472 Felicis

143 5488 271 5562 episcopi
297 5497 325 5546 et
349 5495 497 5568 martyris.
513 5494 712 5551 autissiodero
727 5502 856 5572 exceptio
872 5504 935 5559 reli-

141 5575 277 5655 quiarum
297 5586 404 5640 sancta
418 5583 554 5658 Eugenia
568 5584 690 5659 virginis
705 5591 734 5645 at
750 5591 897 5669 martyris.

1026 5412 1800 5486 martyrislnterriturioAutissiodorensiloeoQualia·

1025 5519 1057 5558 oo
1074 5499 1170 5574 passio
1184 5499 1307 5557 S.Prisci
1324 5502 1461 5576 martyris
1477 5519 1547 5560 cum
1564 5505 1681 5582 ingenti
1692 5505 1797 5579 mollito·

1024 5593 1102 5650 dine.
1119 5590 1216 5648 Roma
1232 5589 1281 5650 SS.
1292 5595 1454 5669 martyrum
1464 5610 1548 5657 xxiii.
