3878 6098
60 281 122 341 329
512 283 562 343 ιιι]
585 282 721 344 GESTIS
745 280 863 341 alasa.
889 279 1107 342 :l‘N'l'lSSlOR
1124 317 1163 325 -
1179 282 1277 345 ratas
1301 285 1324 343 1.
1705 292 1765 351 330

59 430 112 486 per
126 411 381 468 confirmationem
398 411 607 486 archiepiscopi
624 412 826 486 approbatam
838 427 889 483 per
902 413 929 478 Α
944 411 1040 466 nimia
1050 411 1266 481 deliberationis
1277 414 1411 470 inducias
1422 414 1614 488 aliquamore
1627 420 1766 485 longioris

60 496 888 573 consecrationemipsiasadultimumconsumarata,ipsa
944 500 1769 575 sentiebantdispendium,qamcommodiust'uerautnli·

63 589 297 646 consecrationis
307 589 354 646 die
366 591 400 646 ad
415 589 567 646 dominum
579 607 675 663 regern
689 588 888 662 properat,qui
944 590 1028 660 cujus
1045 590 1240 647 festinationis
1251 591 1423 664 compendio
1440 595 1624 648 maturanda.
1637 597 1707 650 Erat
1718 597 1769 650 ita·

60 697 110 753 per
124 679 276 735 solemnes
291 678 426 735 Ecclesia
443 696 502 735 sua
523 679 642 735 nuntios
657 697 674 733 a
688 684 820 751 tempore
836 676 889 735 ele
944 695 1000 750 que
1016 679 1138 734 concilio
1153 678 1381 754 circonspectus,
1405 680 1519 754 eloquio
1536 687 1697 751 masuetus,
1713 683 1768 739 ho·

60 765 162 822 cilonis
181 766 263 820 lacta
279 765 448 838 requisitus,
465 783 528 838 quse
544 766 692 822 decedenti
708 770 829 838 lingone
844 782 890 820 oc·
943 765 1103 839 spitalitate
1118 767 1293 839 precipuus,
1311 786 1472 842 pauperum
1482 769 1604 826 sedulus
1616 772 1768 844 dispensa·

60 860 214 929 cupaverat
231 853 349 927 regalia,
366 855 392 911 ei
408 855 560 911 restituere
577 855 769 921 detrectabat,
785 853 844 909 imo
861 859 889 910 et
942 855 1196 923 tor‚nrodestusiu
1208 856 1586 932 prosperis‚longanimisiu
1598 861 1728 917 adversis
1739 867 1768 918 et

60 944 220 1000 servientes
235 943 330 1015 ipsius
345 943 381 999 ab
397 960 429 998 eo
445 942 588 1017 regalium
601 944 740 998 custodia
756 940 887 1013 deputati
942 942 1768 1021 patientiesingularis,jurissuiintatigabilisprosecator

60 1032 134 1088 circa
149 1030 331 1105 episcopalia
344 1030 427 1087 valde
442 1047 594 1105 perperam
607 1047 637 1086 se
647 1029 886 1086 habebantNam
938 1033 1023 1101 juxta
1035 1030 1165 1104 regulam
1177 1032 1305 1105 Apostoli
1319 1050 1325 1086 ι
1337 1035 1435 1089 Domui
1445 1049 1505 1091 aaa
1515 1037 1580 1092 tenc
1591 1040 1764 1108 prepositos,

60 1127 139 1177 tanto
153 1120 316 1177 vocationis
331 1124 472 1193 tempore,
483 1125 614 1192 eiusque
625 1125 694 1174 tunc
706 1120 783 1174 lacta
793 1119 888 1174 luerat
942 1119 983 1174 ita
998 1124 1030 1174 ut
1044 1120 1215 1176 domesticis
1230 1120 1292 1176 suis
1305 1123 1401 1177 sobrie
1416 1128 1445 1177 ct
1455 1124 1535 1193 juste
1549 1129 1576 1179 et
1590 1124 1636 1196 pie
1651 1125 1765 1182 vivendi

60 1229 109 1284 per
125 1208 589 1283 ipsosepiscopaliamdissipatio
602 1209 779 1272 miseranda,
794 1207 888 1263 homi·
942 1209 1036 1263 forma
1063 1210 1198 1263 existeret
1213 1215 1241 1264 et
1255 1210 1439 1282 exemplum;
1465 1211 1619 1269 timoratus
1648 1214 1718 1270 adeo
1734 1221 1765 1270 ut

60 1316 129 1355 num
145 1298 298 1355 emunctio
312 1296 448 1365 violenta,
466 1297 605 1352 silvarum
621 1315 637 1352 a
652 1296 749 1370 longis
764 1296 886 1351 intacta·
941 1297 1019 1352 sicut
1030 1297 1058 1352 hi
1071 1296 1187 1369 plenius
1200 1299 1400 1370 noverant,qui
1414 1299 1443 1353 in
1456 1299 1515 1355 loro
1526 1301 1717 1372 paenitentiali
1729 1305 1764 1358 do

59 1407 122 1444 rum
135 1387 321 1459 temporibus
336 1387 479 1443 damnosa
492 1386 575 1442 valde
590 1387 751 1456 distracti0‚
773 1386 885 1441 daban·
941 1402 995 1441 saa
1007 1385 1185 1441 conscientia
1196 1385 1433 1456 judicabantur.
1448 1385 1521 1441 levia
1532 1387 1681 1461 plangeret
1695 1391 1764 1445 acsi

57 1484 165 1550 turqae
179 1475 281 1532 hostili
297 1492 378 1531 mare
392 1475 492 1531 omnia
515 1474 544 1529 in
561 1474 753 1546 direptionem
770 1479 799 1531 et
814 1491 885 1547 prra-
940 1475 1040 1546 gravia
1050 1473 1248 1530 commisisset
1259 1493 1266 1543 ;
1276 1473 1451 1546 pastoralem
1464 1475 1601 1531 omnibus
1612 1477 1766 1534 exhibebat

57 1568 135 1631 dam,
151 1565 196 1620 ita
208 1565 288 1637 qaod
304 1563 383 1621 brevi
398 1564 427 1619 in
452 1570 583 1635 tempore
603 1563 771 1618 fuissentin
791 1569 885 1618 exter·
941 1562 1090 1630 allectum,
1101 1563 1131 1617 in
1142 1567 1255 1618 tantum
1267 1567 1300 1618 ut
1311 1579 1376 1618 curn
1390 1579 1532 1634 persuam
1548 1564 1765 1637 equitarctdioe·

58 1656 185 1711 minium
201 1653 258 1709 nisi
268 1653 368 1708 divina
376 1653 555 1725 dispensatio
567 1652 601 1706 de
612 1658 729 1724 pastore
740 1652 885 1708 maturius
940 1651 1030 1707 resim
1040 1652 1074 1706 ad
1088 1650 1164 1706 viros
1175 1659 1202 1706 et
1212 1651 1350 1707 mulieres
1363 1652 1567 1724 undecumque
1577 1670 1630 1725 pro
1641 1655 1766 1711 necessi·

57 1743 234 1816 providisset
249 1739 391 1795 Ecclesia.
409 1739 569 1811 Susceptus
580 1738 801 1811 igiturbenigne
812 1739 885 1794 satis
941 1740 1050 1795 tatibus
1064 1740 1125 1796 suis
1134 1757 1190 1794 non
1202 1739 1298 1796 solum
1310 1739 1523 1812 spiritualibus
1535 1758 1635 1798 verum
1647 1749 1675 1799 et
1690 1749 1765 1799 tem·

57 1821 216 1889 serenitate
233 1829 334 1900 regali,
346 1829 383 1883 ab
393 1844 428 1883 ea
438 1827 541 1899 recipit
552 1826 614 1882 sine
625 1825 798 1901 diltleultate
808 1843 886 1899 rega·
941 1828 1090 1901 pacalibus
1105 1830 1285 1884 coulluentcs
1301 1830 1336 1883 ad
1355 1828 1463 1900 ipsura,
1487 1831 1611 1903 gradum
1637 1832 1763 1902 sisteret,

56 1920 104 1989 lia,
116 1917 461 1989 etdeinterceptionibus
472 1920 625 1987 atempore
635 1915 794 1971 vacationis
803 1915 887 1971 lactis
940 1923 1054 1990 gratam
1071 1923 1214 1989 prestans
1227 1918 1269 1972 eis
1286 1917 1399 1989 copiam
1416 1917 1600 1990 colloquendi
1612 1937 1678 1975 curn
1689 1922 1764 1994 ipso,

57 2010 135 2084 apud
145 2007 258 2081 ηςιιιιιι
270 2005 521 2079 magnificentiam
538 2003 714 2076 interpellat,
726 2005 884 2060 octoadem
941 2007 983 2062 ita
999 2008 1074 2079 quod
1087 2007 1263 2079 quandoque
1280 2007 1342 2062 suis
1358 2006 1500 2062 molestus
1524 2007 1659 2064 existeret
1678 2027 1765 2082 prop·

58 2095 299 2172 quorumdamde
309 2093 488 2167 primoribus
500 2092 711 2166 regalispalatii
722 2093 886 2149 interventu
940 2100 1112 2152 termonem
1128 2111 1216 2168 quarn
1233 2094 1357 2150 iaciebat
1371 2110 1437 2149 cum
1459 2094 1568 2151 talibus
1591 2095 1762 2170 longiorem.

59 2185 258 2244 controversia
272 2181 420 2240 amicabili
436 2180 646 2254 compositione
661 2180 756 2254 sopita
763 2201 785 2247 r,
802 2182 886 2238 data-

58 2294 115 2348 que
130 2292 190 2331 ιιοιι
204 2272 322 2329 modica
335 2270 464 2344 pecunie
494 2271 659 2341 quantitate
687 2270 723 2327 ab
749 2271 886 2342 episcopo

59 2381 148 2437 super
163 2359 354 2418 concessione
370 2358 460 2433 regali
476 2359 552 2414 lacta
567 2357 700 2414 Ecclesia
729 2360 764 2413 de
783 2358 886 2431 regali·

60 2455 116 2509 bas
130 2452 200 2510 sede
209 2453 333 2506 vacante
344 2446 528 2522 privilegium
540 2449 697 2512 obtinetur,
709 2448 794 2517 cnjus
806 2454 886 2503 teno-

60 2560 121 2598 rem
137 2539 275 2615 presenti
289 2538 429 2594 duximus
442 2536 548 2593 inferre
563 2536 689 2593 lectioni.

1154 2211 1237 2283 Cujus
1252 2211 1404 2282 affectionis
1420 2211 1450 2265 in
1464 2212 1544 2268 ciacc.

976 2319 1055 2375 Mira
1070 2318 1232 2375 allectionis
1247 2317 1276 2373 iu
1292 2317 1369 2374 cives
1384 2333 1435 2390 pro
1446 2335 1573 2390 quorum
1589 2322 1766 2392 protectione

940 2425 1043 2481 graves
1060 2409 1226 2480 frequenter
1239 2407 1339 2464 Hervei
1357 2407 1472 2462 comitis
1484 2407 1670 2466 Niverneusis
1681 2411 1767 2466 susti·
1848 2392 1852 2399 ”

941 2498 1006 2554 nuit
1022 2497 1275 2568 simutates,du1n
1299 2495 1394 2551 eidem
1420 2495 1577 2566 resisteret,
1603 2515 1638 2554 ne
1653 2498 1765 2556 vivente

940 2587 1047 2644 comite
1064 2586 1145 2642 Petro
1156 2590 1239 2658 patre
1251 2585 1349 2641 uxoris
1359 2602 1429 2653 sua,
1443 2584 1572 2643 atatildis
1581 2586 1767 2657 videlicet,ci·

940 2675 1469 2746 vitatisdorniniamusurparetzquod
1482 2676 1763 2748 tantoampliasam·

95 2799 109 2824 a
122 2776 154 2830 ln
166 2771 287 2829 nomine
297 2773 404 2827 sancte
415 2774 443 2825 ct
454 2768 610 2824 individuae
617 2769 885 2827 Trinitatisllmen.
941 2765 1044 2832 hiemi,
1061 2768 1171 2836 quanto
1188 2763 1212 2819 Si
1227 2763 1397 2836 fungeretur
1411 2780 1509 2820 comcs
1531 2765 1699 2838 predictae,
1714 2766 1764 2839 qul

63 2864 215 2936 Philippus
231 2860 282 2918 Dei
298 2859 394 2933 gratia
408 2860 585 2914 Francorum
602 2875 659 2914 rex
676 2859 814 2916 Noverint
825 2861 888 2916 uni·
940 2852 1224 2925 Constantinopolim
1242 2853 1279 2908 ad
1299 2852 1498 2925 recipiendum
1513 2852 1669 2926 imperium
1685 2855 1764 2928 quod

62 2953 132 3008 versi
154 2954 315 3025 presentes
330 2949 440 3022 pariter
454 2953 484 3004 et
501 2948 591 3004 lutari
611 2948 689 3020 qaod
710 2965 763 3003 nos
779 2949 886 3005 intuitu
940 2944 1108 3009 vocabatur,
1130 2941 1276 3015 Pfflstwlus
1304 2942 1399 2997 suerat
1427 2942 1545 2998 nomine
1575 2945 1676 3000 limfis
1704 2962 1767 3001 ⁵⁰1⁸

65 3043 163 3097 divinae
180 3038 309 3113 pictatis,
326 3043 355 3095 et
369 3038 406 3093 ob
421 3038 584 3094 remedium
614 3038 717 3093 anima
739 3044 844 3094 nostra
859 3046 888 3096 et
940 3031 1083 3105 predicte
1100 3031 1128 3086 in
1144 3030 1351 3102 proprietatem
1361 3048 1446 3086 suam
1456 3029 1522 3103 ipsa
1530 3031 1654 3088 debebat
1665 3034 1763 3089 Antis-

65 3136 215 3204 parentum
230 3133 408 3195 nostrorum,
418 3127 524 3183 dumus
539 3130 566 3182 ct
578 3127 766 3183 concedimus
780 3127 809 3182 in
821 3145 885 3199 par.
901 3149 922 3215 C
941 3120 1049 3179 siodor.
1067 3120 1169 3175 civitas
1180 3118 1324 3188 devenire,
1339 3119 1390 3175 sed
1404 3120 1463 3174 voti
1484 3119 1530 3175 sai
1560 3138 1679 3194 compos
1699 3139 1764 3180 esse

65 3225 181 3292 petuam
197 3215 886 3288 Ecclesiaautissiodorensiquidquidjurisha·
942 3227 998 3266 [10¹1
1014 3209 1108 3282 poluit
1123 3209 1200 3264 idem
1223 3225 1321 3264 ⁰011¹08
1336 3210 1429 3264 d⁰¹¹0⁰
1458 3208 1521 3282 lpse
1542 3211 1763 3283 episcwusur·

66 3304 738 3379 bebamusinregallbussedcvacaute.ltaque
757 3307 885 3363 decanus
939 3303 1025 3371 geute
1042 3299 1177 3354 Romane
1201 3297 1279 3353 sodis
1305 3298 1476 3354 auctoritate
1500 3299 1536 3354 ad
1561 3301 1762 3372 episcopatum

65 3404 89 3452 et
101 3395 266 3470 capitulum
282 3394 414 3466 eiusdem
429 3391 562 3449 Ecclesiae
587 3394 752 3449 custodient
776 3395 886 3468 regalia
940 3388 994 3445 luit
1009 3387 1201 3444 Parisiensem
1217 3385 1388 3444 translatus.

240 2666 324 2720 Tener
336 2663 480 2736 privilegii
498 2661 531 2718 de
545 2662 694 2734 repetitas.

64 3487 124 3541 sede
137 3489 273 3552 vacante,
288 3488 318 3538 et
332 3498 435 3538 omnes
450 3486 608 3555 proventus
627 3482 677 3554 qui
700 3483 804 3539 exinde
818 3501 885 3557 pro-

65 3576 162 3631 cedent
176 3579 206 3630 et
221 3572 403 3647 prebendas,
420 3571 444 3627 si
461 3588 534 3643 quas
548 3569 666 3626 interim
680 3588 783 3628 vacare
797 3573 886 3630 conti-

65 3665 141 3734 gerit,
158 3663 197 3719 ad
208 3679 285 3735 epus
295 3660 424 3734 episcopi
436 3659 516 3716 salvo
527 3659 643 3715 servitio
654 3667 764 3729 nostra,
775 3663 887 3734 equita·

64 3752 147 3809 bonis
162 3756 283 3817 nostra,
294 3750 437 3806 exercitus
453 3754 482 3805 et
492 3747 730 3818 submonitionis,
743 3751 819 3807 sicut
829 3753 886 3824 epi·

63 3843 137 3914 scopi
151 3839 427 3898 autissiodorenses
439 3839 524 3895 nobis
538 3838 677 3894 lecerunt.
690 3841 769 3905 Quod
783 3844 814 3895 at
825 3858 885 3912 pcr-

60 3936 180 4002 petuam
195 3928 288 3984 robur
302 3927 444 3994 obtineat,
460 3926 549 3999 sigilli
563 3928 653 3983 nostri
670 3928 841 3985 auctoritate
858 3934 887 3985 et

60 4020 130 4094 regii
144 4018 278 4075 nominis
288 4018 453 4074 charactere
465 4017 585 4073 interius
596 4017 754 4074 adnnotata
764 4036 888 4091 presen-

58 4115 118 4164 tem
134 4108 276 4182 paginam
291 4107 511 4163 confirmamus.
535 4107 639 4162 Actum
665 4106 783 4162 Parisiis
810 4125 885 4164 anno

57 4196 178 4252 Domini
189 4196 269 4264 12⁰6,
280 4193 360 4268 regni
374 4211 440 4251 vera
454 4194 547 4250 nostri
561 4211 637 4249 anno
648 4193 785 4250 vicesimo
794 4200 884 4264 sexto,

54 4285 230 4342 astantibus
243 4301 368 4357 quoram
381 4284 502 4339 nomina
512 4282 663 4355 supposita
673 4288 743 4338 suut
753 4287 781 4340 et
791 4284 884 4358 signa.

53 4372 425 4448 Depit'eroaallo.Signum
433 4370 886 4446 (luidonisbaticularii.Signun1

54 4462 192 4520 Matthaei
204 4460 498 4536 camerarii.Signum
510 4459 650 4517 Draconis
666 4461 885 4517 constabularii.

51 4553 171 4609 Datum
185 4557 305 4608 vacante
327 4550 501 4608 concellaria
514 4567 568 4622 per
586 4566 707 4605 manum
724 4549 854 4607 Guariui.
869 4573 884 4603 a

1181 3502 1374 3559 attrectationi
1387 3502 1516 3558 detraxit.

976 3613 1007 3667 ln
1019 3611 1132 3682 judicis
1146 3609 1265 3682 proutei
1276 3609 1423 3665 revelabat
1433 3609 1576 3666 [lominus
1587 3628 1702 3686 semper
1716 3613 1764 3670 via

940 3701 1020 3775 regia
1034 3699 1195 3766 incedebat,
1213 3714 1265 3753 nec
1280 3697 1340 3752 allo
1352 3699 1526 3753 modoextra
1536 3699 1662 3756 scienter
1676 3701 1764 3757 decli·

940 3790 1028 3844 nabat
1043 3788 1078 3842 ad
1095 3788 1242 3842 dexteram
1256 3785 1301 3840 vel
1312 3786 1483 3854 sinistram;
1500 3785 1583 3844 facile
1593 3791 1690 3845 tamea
1702 3794 1765 3846 erat

940 3878 966 3934 ei
981 3877 1157 3950 persuadere
1171 3875 1345 3939 rationibus
1369 3874 1393 3930 si
1411 3892 1473 3947 qua
1493 3876 1669 3934 obumbrare
1685 3878 1763 3935 vide·

941 3973 1051 4031 rentur,
1068 3965 1144 4038 quod
1161 3964 1284 4037 proprie
1299 3964 1379 4019 lavor
1389 3963 1526 4021 utilitatis
1537 3965 1676 4035 dictabat,
1687 3970 1764 4025 unde

940 4061 968 4113 et
983 4056 1156 4112 decanatum
1172 4051 1298 4107 multam
1314 4052 1470 4125 oppressit.
1481 4054 1632 4110 Nemeam
1646 4055 1765 4128 publica

940 4146 1061 4202 haberet
1081 4141 1203 4198 assertio
1225 4157 1329 4197 causas
1351 4141 1476 4198 civitatis
1501 4144 1764 4202 Autissiodorensis

941 4232 1086 4290 ordinarie
1099 4235 1127 4287 et
1142 4230 1236 4303 primo
1252 4229 1314 4287 loco
1331 4231 1367 4285 ad
1373 4231 1608 4302 jurisdictionem
1621 4233 1765 4305 pertinere

942 4322 1043 4380 decani
1059 4321 1088 4377 in
1105 4326 1232 4386 tantum,
1247 4321 1324 4392 quod
1354 4321 1379 4376 si
1395 4320 1485 4393 aliqui
1505 4322 1541 4376 de
1558 4322 1765 4392 jurisdictione

940 4412 1035 4485 ipsius
1051 4412 1080 4466 in
1095 4411 1187 4474 curia,
1203 4408 1247 4464 vel
1262 4409 1291 4463 in
1307 4409 1462 4481 presentia
1477 4408 1606 4480 episcopi
1620 4409 1707 4479 injus
1718 4424 1766 4463 vo·

902 4517 925 4581 Β
942 4505 1078 4557 curentur
1087 4499 1262 4571 quandoque
1273 4497 1329 4552 uisi
1339 4513 1390 4569 per
1401 4495 1635 4568 appellationem,
1643 4496 1694 4568 qai
1706 4486 1764 4552 nola

941 4590 1066 4646 luissent
1080 4588 1109 4643 in
1124 4587 1206 4642 curia
1218 4585 1331 4651 decani,
1343 4584 1487 4649 conventi,
1500 4583 1673 4656 plerumque
1688 4600 1766 4641 reva-

82 4677 213 4747 cautae
226 4693 255 4732 se
270 4678 300 4734 in
314 4678 470 4750 cpbcopcta
481 4674 588 4741 caton,
605 4683 630 4729 rt
644 4675 763 4747 qualiter
776 4676 869 4746 firterit
943 4679 1086 4735 cabantar
1100 4694 1117 4731 a
1133 4677 1241 4731 decano
1252 4673 1445 4747 cognoscendi
1457 4672 1512 4729 sibi
1522 4674 1574 4744 jus
1589 4673 1764 4744 vindicante,

401 4749 554 4803 amram·
944 4767 1117 4840 plerumque
1127 4763 1294 4835 exceptione
1306 4762 1358 4818 lori
1373 4761 1503 4834 exposita
1520 4779 1577 4818 uon
1589 4763 1768 4836 cogebantur

93 4855 145 4911 Sic
162 4853 422 4927 igiturpontittcali
434 4851 546 4908 locatus
562 4852 590 4906 iu
602 4851 824 4908 cathedraanno
836 4854 890 4909 Do·
943 4855 1066 4911 ulterius
1083 4869 1180 4910 coram
1207 4851 1343 4924 episcopo
1362 4849 1405 4906 vel
1421 4852 1485 4923 ejus
1509 4851 1627 4907 officiali
1644 4851 1767 4908 ulterius

52 4945 134 5001 mini
147 4944 258 4999 teatin
270 4941 524 4999 administratione
534 4955 671 5011 suscepta
686 4944 824 4998 strenuas
835 4943 891 4997 soit
943 4944 1077 5018 experiri,
1093 4947 1122 4998 et
1137 4942 1199 5013 ipse
1214 4942 1283 4996 dum
1301 4946 1378 4996 esset
1401 4941 1540 5010 decanus,
1564 4945 1693 4997 uteretur
1712 4939 1767 4994 hoc

53 5033 146 5088 valde
163 5036 191 5087 et
206 5031 355 5104 providus,
370 5034 471 5104 utpote
483 5031 533 5103 qui
546 5029 620 5085 nihil
631 5030 778 5101 agebatex
793 5031 890 5104 praci—
939 5035 1017 5104 jure,
1030 5034 1182 5103 iactusque
1193 5028 1398 5102 episcopusati
1408 5029 1573 5101 permiserit
1583 5043 1768 5085 successores

55 5120 442 5195 piti,necquidquamqaod
453 5117 890 5193 saissollicitadinibusingere·
944 5139 1013 5179 suos
1025 5122 1151 5177 decanos
1167 5118 1349 5190 aliquandiu,
1365 5120 1485 5174 tandem
1501 5119 1531 5174 in
1545 5117 1590 5172 his
1606 5121 1634 5173 et
1649 5114 1714 5171 aliis
1730 5114 1767 5171 ad

58 5215 104 5265 ret
119 5209 290 5266 laciendum
305 5209 421 5282 prodire
437 5207 552 5263 sinebat
568 5207 597 5261 in
614 5212 721 5275 actum,
739 5207 794 5262 nisi
809 5208 889 5280 prius
941 5210 1178 5283 jurisdictionem
1194 5208 1410 5280 pertinentibus
1426 5222 1514 5280 quam
1530 5206 1585 5261 sibi
1600 5204 1772 5259 vindicabat

60 5299 159 5355 multa
172 5298 279 5354 fuisset
292 5297 511 5354 deliberationis
541 5296 657 5351 lernaea
678 5295 840 5352 decoctum.
857 5297 889 5354 ld
945 5301 1084 5365 decanus,
1097 5299 1270 5354 decanatum
1287 5297 1374 5369 coepit
1388 5295 1542 5368 episcopus
1558 5293 1731 5365 impugnare
1740 5294 1776 5349 et.

61 5389 143 5444 enim
159 5387 196 5444 ab
214 5386 326 5444 ineunti
352 5403 407 5442 sua
421 5389 505 5442 atate
533 5389 717 5441 contraxerat
731 5384 890 5442 deliberare
946 5406 1002 5444 non
1019 5387 1115 5444 solum
1126 5403 1177 5458 per
1187 5402 1228 5452 se,
1241 5385 1292 5441 sed
1303 5389 1331 5441 et
1341 5400 1392 5456 per
1402 5381 1556 5438 officialem
1566 5397 1654 5437 suum
1666 5380 1770 5449 imme,-

64 5475 176 5534 diutius
192 5475 229 5532 de
243 5475 377 5550 agendis,
400 5475 572 5542 intantum,
596 5477 629 5528 at
643 5471 698 5529 hoc
718 5473 744 5529 ei
760 5473 891 5548 plerique
946 5478 1024 5534 dicte
1039 5482 1068 5533 et
1081 5476 1193 5548 absque
1208 5471 1401 5546 appellatione
1417 5472 1453 5528 de
1477 5469 1575 5527 causis
1596 5485 1776 5544 cognoscere

10 5564 12 5569 '
65 5564 245 5626 ascriberent
255 5564 386 5623 tarditati
398 5581 405 5622 :
418 5581 486 5620 nam
500 5563 676 5638 quandoque
687 5560 753 5622 licet
767 5580 832 5622 raro
840 5583 892 5643 per
946 5566 1084 5642 civitatis,
1100 5565 1167 5623 licet
1178 5559 1430 5639 archlpresbyteri,
1443 5558 1493 5637 qui
1504 5559 1771 5638 antiquitaslocuaa

225 5692 359 5759 Peraea.
381 5689 571 5760 CXXXtht.
1577 5684 1609 5755 lt
