<?xml version="1.0" encoding="UTF-8"?>
<!DOCTYPE html PUBLIC "-//W3C//DTD XHTML 1.0 Transitional//EN"
    "http://www.w3.org/TR/xhtml1/DTD/xhtml1-transitional.dtd">
<html xmlns="http://www.w3.org/1999/xhtml" xml:lang="en" lang="en">
 <head>
  <title>
</title>
<meta http-equiv="Content-Type" content="text/html;charset=utf-8" />
  <meta name='ocr-system' content='tesseract 3.04.00' />
  <meta name='ocr-capabilities' content='ocr_page ocr_carea ocr_par ocr_line ocrx_word'/>
</head>
<body>
  <div class='ocr_page' id='page_1' title='image "./patrologiaecurs24unkngoog_0098.png"; bbox 0 0 3878 6098; ppageno 0'>
   <div class='ocr_carea' id='block_1_1' title="bbox 542 646 1418 749">
    <p class='ocr_par' dir='ltr' id='par_1_1' title="bbox 542 646 1418 749">
     <span class='ocr_line' id='line_1_1' title="bbox 542 646 1418 749; baseline 0 -1"><span class='ocrx_word' id='word_1_1' title='bbox 542 646 972 749; x_wconf 73' lang='lat' dir='ltr'><strong>ennomus</strong></span> <span class='ocrx_word' id='word_1_2' title='bbox 1015 649 1418 749; x_wconf 71' lang='lat' dir='ltr'>BREMH&#39;A</span> 
     </span>
    </p>
   </div>
   <div class='ocr_carea' id='block_1_2' title="bbox 119 992 1831 1286">
    <p class='ocr_par' dir='ltr' id='par_1_2' title="bbox 119 992 1831 1286">
     <span class='ocr_line' id='line_1_2' title="bbox 152 992 1829 1071; baseline 0.002 -18"><span class='ocrx_word' id='word_1_3' title='bbox 152 997 239 1069; x_wconf 72' lang='lat' dir='ltr'><strong>Apud</strong></span> <span class='ocrx_word' id='word_1_4' title='bbox 253 997 418 1054; x_wconf 73' lang='lat' dir='ltr'><strong>sanderum</strong></span> <span class='ocrx_word' id='word_1_5' title='bbox 435 997 576 1068; x_wconf 66' lang='lat' dir='ltr'><strong>(astrion.</strong></span> <span class='ocrx_word' id='word_1_6' title='bbox 591 1012 667 1060; x_wconf 73' lang='lat' dir='ltr'><strong>maa,</strong></span> <span class='ocrx_word' id='word_1_7' title='bbox 684 997 759 1067; x_wconf 91' lang='lat' dir='ltr'><strong>part.</strong></span> <span class='ocrx_word' id='word_1_8' title='bbox 776 1011 796 1062; x_wconf 84' lang='lat' dir='ltr'><strong>r,</strong></span> <span class='ocrx_word' id='word_1_9' title='bbox 814 1012 841 1066; x_wconf 95' lang='lat' dir='ltr'><strong>p.</strong></span> <span class='ocrx_word' id='word_1_10' title='bbox 861 994 921 1063; x_wconf 84' lang='lat'>113)</span> <span class='ocrx_word' id='word_1_11' title='bbox 938 992 972 1048; x_wconf 88' lang='lat' dir='ltr'><strong>fit</strong></span> <span class='ocrx_word' id='word_1_12' title='bbox 986 993 1095 1050; x_wconf 89' lang='lat' dir='ltr'><strong>montio</strong></span> <span class='ocrx_word' id='word_1_13' title='bbox 1110 993 1228 1050; x_wconf 81' lang='lat' dir='ltr'><strong>Albuini</strong></span> <span class='ocrx_word' id='word_1_14' title='bbox 1251 996 1405 1067; x_wconf 83' lang='lat' dir='ltr'><strong>eujusdam</strong></span> <span class='ocrx_word' id='word_1_15' title='bbox 1427 995 1541 1062; x_wconf 83' lang='lat' dir='ltr'><strong>reclusi,</strong></span> <span class='ocrx_word' id='word_1_16' title='bbox 1560 998 1609 1071; x_wconf 91' lang='lat' dir='ltr'><strong>qui</strong></span> <span class='ocrx_word' id='word_1_17' title='bbox 1626 998 1734 1056; x_wconf 88' lang='lat' dir='ltr'><strong>librum</strong></span> <span class='ocrx_word' id='word_1_18' title='bbox 1748 1000 1829 1056; x_wconf 88' lang='lat' dir='ltr'><strong>Heri·</strong></span> 
     </span>
     <span class='ocr_line' id='line_1_3' title="bbox 120 1065 1831 1194; baseline 0.002 -70"><span class='ocrx_word' id='word_1_19' title='bbox 120 1071 213 1152; x_wconf 58' lang='lat' dir='ltr'><strong>borto3</strong></span> <span class='ocrx_word' id='word_1_20' title='bbox 224 1069 302 1124; x_wconf 85' lang='lat' dir='ltr'><strong>eirea</strong></span> <span class='ocrx_word' id='word_1_21' title='bbox 315 1085 428 1152; x_wconf 81' lang='lat' dir='ltr'><strong>annum</strong></span> <span class='ocrx_word' id='word_1_22' title='bbox 443 1067 730 1149; x_wconf 21' lang='lat' dir='ltr'><strong>999tarohiepiseopo</strong></span> <span class='ocrx_word' id='word_1_23' title='bbox 746 1065 910 1148; x_wconf 66' lang='lat' dir='ltr'><strong>(totoniousi</strong></span> <span class='ocrx_word' id='word_1_24' title='bbox 927 1065 1103 1129; x_wconf 90' lang='lat' dir='ltr'><strong>renuntiato,</strong></span> <span class='ocrx_word' id='word_1_25' title='bbox 1120 1066 1320 1194; x_wconf 52' lang='grc' dir='ltr'><strong>ἱηερτίἱξονμῑ.</strong></span> <span class='ocrx_word' id='word_1_26' title='bbox 1334 1066 1443 1123; x_wconf 92' lang='lat' dir='ltr'><strong>Prodiit</strong></span> <span class='ocrx_word' id='word_1_27' title='bbox 1458 1072 1573 1149; x_wconf 78' lang='lat' dir='ltr'><strong>tantum</strong></span> <span class='ocrx_word' id='word_1_28' title='bbox 1584 1071 1831 1154; x_wconf 80' lang='lat' dir='ltr'><strong>opistoianunou-</strong></span> 
     </span>
     <span class='ocr_line' id='line_1_4' title="bbox 119 1136 1828 1286; baseline 0.002 -89"><span class='ocrx_word' id='word_1_29' title='bbox 119 1139 564 1286; x_wconf 39' lang='lat' dir='ltr'><strong>ffitggssssspigrlkprafiaadrber</strong></span> <span class='ocrx_word' id='word_1_30' title='bbox 589 1138 808 1195; x_wconf 80' lang='lat' dir='ltr'><strong>nondumvrdrt</strong></span> <span class='ocrx_word' id='word_1_31' title='bbox 837 1136 942 1192; x_wconf 89' lang='lat' dir='ltr'><strong>iuoem.</strong></span> <span class='ocrx_word' id='word_1_32' title='bbox 957 1137 1058 1192; x_wconf 82' lang='lat' dir='ltr'><strong>Exstat</strong></span> <span class='ocrx_word' id='word_1_33' title='bbox 1087 1155 1141 1193; x_wconf 89' lang='lat' dir='ltr'><strong>ms.</strong></span> <span class='ocrx_word' id='word_1_34' title='bbox 1159 1155 1189 1191; x_wconf 82' lang='lat' dir='ltr'><strong>in</strong></span> <span class='ocrx_word' id='word_1_35' title='bbox 1236 1138 1619 1197; x_wconf 75' lang='lat' dir='ltr'><strong>ahirotheoaGanonroorum</strong></span> <span class='ocrx_word' id='word_1_36' title='bbox 1649 1142 1828 1216; x_wconf 83' lang='lat' dir='ltr'><strong>regularium</strong></span> 
     </span>
    </p>
   </div>
   <div class='ocr_carea' id='block_1_3' title="bbox 577 1461 1370 1534">
    <p class='ocr_par' dir='ltr' id='par_1_3' title="bbox 577 1461 1370 1534">
     <span class='ocr_line' id='line_1_5' title="bbox 577 1461 1370 1534; baseline -0.003 -2"><span class='ocrx_word' id='word_1_37' title='bbox 577 1462 750 1534; x_wconf 72' lang='lat' dir='ltr'><strong>utantur</strong></span> <span class='ocrx_word' id='word_1_38' title='bbox 775 1461 983 1533; x_wconf 80' lang='lat' dir='ltr'><strong>EPISTULA</strong></span> <span class='ocrx_word' id='word_1_39' title='bbox 1010 1461 1069 1531; x_wconf 79' lang='lat' dir='ltr'><strong>Ao</strong></span> <span class='ocrx_word' id='word_1_40' title='bbox 1098 1461 1370 1532; x_wconf 76' lang='lat' dir='ltr'><strong>ituatuuuturt</strong></span> 
     </span>
    </p>
   </div>
   <div class='ocr_carea' id='block_1_4' title="bbox 729 1626 1224 1673">
    <p class='ocr_par' dir='ltr' id='par_1_4' title="bbox 729 1626 1224 1673">
     <span class='ocr_line' id='line_1_6' title="bbox 729 1626 1224 1673; baseline -0.002 -1"><span class='ocrx_word' id='word_1_41' title='bbox 729 1627 939 1673; x_wconf 67' lang='lat' dir='ltr'><strong>complerant(</strong></span> <span class='ocrx_word' id='word_1_42' title='bbox 960 1626 1224 1673; x_wconf 70' lang='lat' dir='ltr'><strong>duculorlscoruu</strong></span> 
     </span>
    </p>
   </div>
   <div class='ocr_carea' id='block_1_5' title="bbox 220 1743 1734 1821">
    <p class='ocr_par' dir='ltr' id='par_1_5' title="bbox 220 1743 1734 1821">
     <span class='ocr_line' id='line_1_7' title="bbox 220 1743 1734 1821; baseline 0.001 -19"><span class='ocrx_word' id='word_1_43' title='bbox 220 1746 315 1821; x_wconf 76' lang='lat' dir='ltr'><strong>(Apud</strong></span> <span class='ocrx_word' id='word_1_44' title='bbox 332 1745 466 1812; x_wconf 81' lang='lat' dir='ltr'><strong>Martem,</strong></span> <span class='ocrx_word' id='word_1_45' title='bbox 483 1744 570 1816; x_wconf 75' lang='lat' dir='ltr'><strong>Ampt.</strong></span> <span class='ocrx_word' id='word_1_46' title='bbox 585 1745 694 1802; x_wconf 82' lang='lat' dir='ltr'><strong>Gotteet.</strong></span> <span class='ocrx_word' id='word_1_47' title='bbox 711 1748 782 1800; x_wconf 91' lang='lat' dir='ltr'><strong>tom.</strong></span> <span class='ocrx_word' id='word_1_48' title='bbox 801 1763 819 1816; x_wconf 86' lang='lat' dir='ltr'><strong>r,</strong></span> <span class='ocrx_word' id='word_1_49' title='bbox 835 1762 870 1801; x_wconf 84' lang='lat' dir='ltr'><strong>ex</strong></span> <span class='ocrx_word' id='word_1_50' title='bbox 884 1762 941 1802; x_wconf 88' lang='lat' dir='ltr'><strong>ms.</strong></span> <span class='ocrx_word' id='word_1_51' title='bbox 958 1744 1057 1801; x_wconf 86' lang='lat' dir='ltr'><strong>codiee</strong></span> <span class='ocrx_word' id='word_1_52' title='bbox 1072 1743 1285 1800; x_wconf 87' lang='lat' dir='ltr'><strong>Ganouieorum</strong></span> <span class='ocrx_word' id='word_1_53' title='bbox 1299 1744 1479 1818; x_wconf 78' lang='lat' dir='ltr'><strong>regularium</strong></span> <span class='ocrx_word' id='word_1_54' title='bbox 1495 1746 1734 1819; x_wconf 81' lang='lat' dir='ltr'><strong>Tongrensium.)</strong></span> 
     </span>
    </p>
   </div>
   <div class='ocr_carea' id='block_1_6' title="bbox 95 2026 1867 3873">
    <p class='ocr_par' dir='ltr' id='par_1_6' title="bbox 95 2026 1867 3873">
     <span class='ocr_line' id='line_1_8' title="bbox 150 2026 1824 2102; baseline 0.001 -14"><span class='ocrx_word' id='word_1_55' title='bbox 150 2032 279 2089; x_wconf 88' lang='lat' dir='ltr'><strong>Domino</strong></span> <span class='ocrx_word' id='word_1_56' title='bbox 301 2029 466 2087; x_wconf 79' lang='lat' dir='ltr'><strong>Hnnrarano</strong></span> <span class='ocrx_word' id='word_1_57' title='bbox 490 2026 656 2085; x_wconf 81' lang='lat' dir='ltr'>Coloniensi</span> <span class='ocrx_word' id='word_1_58' title='bbox 680 2028 816 2101; x_wconf 89' lang='lat' dir='ltr'><strong>episeopo</strong></span> <span class='ocrx_word' id='word_1_59' title='bbox 840 2031 946 2085; x_wconf 83' lang='lat' dir='ltr'><strong>Arnur-</strong></span> <span class='ocrx_word' id='word_1_60' title='bbox 961 2029 988 2096; x_wconf 78' lang='grc' dir='ltr'>Α</span> <span class='ocrx_word' id='word_1_61' title='bbox 1004 2033 1114 2097; x_wconf 85' lang='lat' dir='ltr'><strong>sancte,</strong></span> <span class='ocrx_word' id='word_1_62' title='bbox 1126 2032 1155 2084; x_wconf 90' lang='lat' dir='ltr'><strong>et</strong></span> <span class='ocrx_word' id='word_1_63' title='bbox 1167 2028 1191 2084; x_wconf 89' lang='lat' dir='ltr'><strong>si</strong></span> <span class='ocrx_word' id='word_1_64' title='bbox 1206 2029 1317 2084; x_wconf 89' lang='lat' dir='ltr'><strong>bonum</strong></span> <span class='ocrx_word' id='word_1_65' title='bbox 1328 2028 1380 2084; x_wconf 90' lang='lat' dir='ltr'><strong>tibi</strong></span> <span class='ocrx_word' id='word_1_66' title='bbox 1391 2028 1515 2095; x_wconf 86' lang='lat' dir='ltr'><strong>videtur,</strong></span> <span class='ocrx_word' id='word_1_67' title='bbox 1527 2031 1634 2102; x_wconf 83' lang='lat' dir='ltr'><strong>sapius</strong></span> <span class='ocrx_word' id='word_1_68' title='bbox 1646 2031 1689 2087; x_wconf 84' lang='lat' dir='ltr'><strong>see</strong></span> <span class='ocrx_word' id='word_1_69' title='bbox 1701 2033 1824 2090; x_wconf 87' lang='lat' dir='ltr'><strong>reseribi</strong></span> 
     </span>
     <span class='ocr_line' id='line_1_9' title="bbox 111 2115 1832 2192; baseline -0.002 -12"><span class='ocrx_word' id='word_1_70' title='bbox 111 2138 178 2180; x_wconf 72' lang='lat' dir='ltr'><strong>rens</strong></span> <span class='ocrx_word' id='word_1_71' title='bbox 191 2119 314 2176; x_wconf 85' lang='lat' dir='ltr'><strong>eremita</strong></span> <span class='ocrx_word' id='word_1_72' title='bbox 329 2118 469 2191; x_wconf 82' lang='lat' dir='ltr'><strong>indignus</strong></span> <span class='ocrx_word' id='word_1_73' title='bbox 482 2116 605 2190; x_wconf 85' lang='lat' dir='ltr'><strong>gloriam</strong></span> <span class='ocrx_word' id='word_1_74' title='bbox 626 2122 654 2174; x_wconf 90' lang='lat' dir='ltr'><strong>et</strong></span> <span class='ocrx_word' id='word_1_75' title='bbox 674 2134 775 2190; x_wconf 83' lang='lat' dir='ltr'><strong>paoem</strong></span> <span class='ocrx_word' id='word_1_76' title='bbox 794 2117 947 2190; x_wconf 88' lang='lat' dir='ltr'><strong>sempiter-</strong></span> <span class='ocrx_word' id='word_1_77' title='bbox 1000 2117 1058 2189; x_wconf 84' lang='lat' dir='ltr'><strong>[ne]</strong></span> <span class='ocrx_word' id='word_1_78' title='bbox 1075 2133 1121 2172; x_wconf 91' lang='lat' dir='ltr'><strong>me</strong></span> <span class='ocrx_word' id='word_1_79' title='bbox 1136 2115 1274 2189; x_wconf 71' lang='lat' dir='ltr'><strong>poeniteat</strong></span> <span class='ocrx_word' id='word_1_80' title='bbox 1293 2121 1410 2173; x_wconf 88' lang='lat' dir='ltr'><strong>tantum</strong></span> <span class='ocrx_word' id='word_1_81' title='bbox 1430 2117 1589 2183; x_wconf 74' lang='lat' dir='ltr'>laborasse,</span> <span class='ocrx_word' id='word_1_82' title='bbox 1606 2123 1636 2173; x_wconf 88' lang='lat' dir='ltr'><strong>et</strong></span> <span class='ocrx_word' id='word_1_83' title='bbox 1650 2136 1686 2174; x_wconf 91' lang='lat' dir='ltr'><strong>ne</strong></span> <span class='ocrx_word' id='word_1_84' title='bbox 1702 2136 1748 2176; x_wconf 88' lang='lat' dir='ltr'><strong>me</strong></span> <span class='ocrx_word' id='word_1_85' title='bbox 1764 2137 1832 2192; x_wconf 87' lang='lat' dir='ltr'><strong>peo-</strong></span> 
     </span>
     <span class='ocr_line' id='line_1_10' title="bbox 95 2204 1829 2280; baseline 0.002 -19"><span class='ocrx_word' id='word_1_86' title='bbox 95 2227 99 2230; x_wconf 88' lang='lat'><strong>·</strong></span> <span class='ocrx_word' id='word_1_87' title='bbox 110 2227 201 2269; x_wconf 62' lang='lat' dir='ltr'><strong>nam.</strong></span> <span class='ocrx_word' id='word_1_88' title='bbox 1001 2211 1127 2262; x_wconf 81' lang='lat' dir='ltr'><strong>retorem</strong></span> <span class='ocrx_word' id='word_1_89' title='bbox 1137 2205 1283 2277; x_wconf 77' lang='lat' dir='ltr'>spernatis</span> <span class='ocrx_word' id='word_1_90' title='bbox 1293 2204 1322 2260; x_wconf 88' lang='lat' dir='ltr'><strong>in</strong></span> <span class='ocrx_word' id='word_1_91' title='bbox 1334 2205 1614 2272; x_wconf 87' lang='lat' dir='ltr'><strong>orationevestrn‚ut</strong></span> <span class='ocrx_word' id='word_1_92' title='bbox 1622 2224 1672 2262; x_wconf 89' lang='lat' dir='ltr'><strong>vos</strong></span> <span class='ocrx_word' id='word_1_93' title='bbox 1680 2224 1738 2264; x_wconf 88' lang='lat' dir='ltr'><strong>non</strong></span> <span class='ocrx_word' id='word_1_94' title='bbox 1749 2226 1829 2280; x_wconf 85' lang='lat' dir='ltr'><strong>sper-</strong></span> 
     </span>
     <span class='ocr_line' id='line_1_11' title="bbox 154 2293 1826 2370; baseline -0.001 -14"><span class='ocrx_word' id='word_1_95' title='bbox 154 2300 198 2356; x_wconf 77' lang='lat' dir='ltr'><strong>Ex</strong></span> <span class='ocrx_word' id='word_1_96' title='bbox 212 2315 281 2370; x_wconf 89' lang='lat' dir='ltr'><strong>quo,</strong></span> <span class='ocrx_word' id='word_1_97' title='bbox 298 2297 338 2353; x_wconf 93' lang='lat' dir='ltr'><strong>mi</strong></span> <span class='ocrx_word' id='word_1_98' title='bbox 358 2296 451 2364; x_wconf 85' lang='lat' dir='ltr'><strong>Pater,</strong></span> <span class='ocrx_word' id='word_1_99' title='bbox 469 2293 674 2351; x_wconf 82' lang='lat' dir='ltr'><strong>misericordia</strong></span> <span class='ocrx_word' id='word_1_100' title='bbox 695 2299 796 2350; x_wconf 80' lang='lat' dir='ltr'><strong>vestra</strong></span> <span class='ocrx_word' id='word_1_101' title='bbox 822 2294 947 2367; x_wconf 77' lang='lat' dir='ltr'><strong>gratiam</strong></span> <span class='ocrx_word' id='word_1_102' title='bbox 1001 2299 1052 2349; x_wconf 89' lang='lat' dir='ltr'><strong>nat</strong></span> <span class='ocrx_word' id='word_1_103' title='bbox 1073 2294 1122 2366; x_wconf 91' lang='lat' dir='ltr'><strong>qui</strong></span> <span class='ocrx_word' id='word_1_104' title='bbox 1147 2311 1215 2349; x_wconf 92' lang='lat' dir='ltr'><strong>eum</strong></span> <span class='ocrx_word' id='word_1_105' title='bbox 1231 2293 1314 2349; x_wconf 89' lang='lat' dir='ltr'><strong>Patre</strong></span> <span class='ocrx_word' id='word_1_106' title='bbox 1329 2298 1358 2350; x_wconf 89' lang='lat' dir='ltr'><strong>et</strong></span> <span class='ocrx_word' id='word_1_107' title='bbox 1370 2298 1471 2350; x_wconf 86' lang='lat' dir='ltr'><strong>saneto</strong></span> <span class='ocrx_word' id='word_1_108' title='bbox 1487 2295 1597 2367; x_wconf 80' lang='lat' dir='ltr'>Spiritu</span> <span class='ocrx_word' id='word_1_109' title='bbox 1622 2301 1724 2368; x_wconf 81' lang='lat' dir='ltr'><strong>regnet</strong></span> <span class='ocrx_word' id='word_1_110' title='bbox 1739 2297 1768 2351; x_wconf 90' lang='lat' dir='ltr'><strong>in</strong></span> <span class='ocrx_word' id='word_1_111' title='bbox 1784 2315 1826 2354; x_wconf 89' lang='lat' dir='ltr'><strong>se.</strong></span> 
     </span>
     <span class='ocr_line' id='line_1_12' title="bbox 109 2382 1829 2464; baseline -0.003 -17"><span class='ocrx_word' id='word_1_112' title='bbox 109 2386 368 2464; x_wconf 64' lang='lat' dir='ltr'><strong>promeruissem</strong></span> <span class='ocrx_word' id='word_1_113' title='bbox 375 2384 490 2442; x_wconf 84' lang='lat' dir='ltr'><strong>Domini</strong></span> <span class='ocrx_word' id='word_1_114' title='bbox 501 2384 593 2441; x_wconf 78' lang='lat' dir='ltr'><strong>nostri</strong></span> <span class='ocrx_word' id='word_1_115' title='bbox 602 2383 948 2456; x_wconf 84' lang='lat' dir='ltr'><strong>pietatemdienoetuque</strong></span> <span class='ocrx_word' id='word_1_116' title='bbox 1000 2385 1103 2438; x_wconf 74' lang='lat' dir='ltr'><strong>Amen.</strong></span> <span class='ocrx_word' id='word_1_117' title='bbox 1116 2383 1168 2438; x_wconf 88' lang='lat' dir='ltr'><strong>Pro</strong></span> <span class='ocrx_word' id='word_1_118' title='bbox 1179 2387 1257 2439; x_wconf 87' lang='lat' dir='ltr'><strong>corto</strong></span> <span class='ocrx_word' id='word_1_119' title='bbox 1273 2382 1374 2439; x_wconf 79' lang='lat' dir='ltr'><strong>scitote</strong></span> <span class='ocrx_word' id='word_1_120' title='bbox 1385 2400 1487 2439; x_wconf 87' lang='lat' dir='ltr'><strong>omnes</strong></span> <span class='ocrx_word' id='word_1_121' title='bbox 1502 2384 1579 2456; x_wconf 90' lang='lat' dir='ltr'><strong>quod</strong></span> <span class='ocrx_word' id='word_1_122' title='bbox 1597 2383 1696 2440; x_wconf 90' lang='lat' dir='ltr'><strong>nulius</strong></span> <span class='ocrx_word' id='word_1_123' title='bbox 1711 2384 1829 2443; x_wconf 78' lang='lat' dir='ltr'><strong>libellus</strong></span> 
     </span>
     <span class='ocr_line' id='line_1_13' title="bbox 109 2471 1831 2547; baseline -0.003 -12"><span class='ocrx_word' id='word_1_124' title='bbox 109 2484 153 2536; x_wconf 87' lang='lat' dir='ltr'><strong>ut</strong></span> <span class='ocrx_word' id='word_1_125' title='bbox 169 2494 269 2534; x_wconf 84' lang='lat' dir='ltr'><strong>secum</strong></span> <span class='ocrx_word' id='word_1_126' title='bbox 283 2492 334 2531; x_wconf 78' lang='lat' dir='ltr'><strong>vos</strong></span> <span class='ocrx_word' id='word_1_127' title='bbox 352 2479 420 2547; x_wconf 91' lang='lat' dir='ltr'><strong>post</strong></span> <span class='ocrx_word' id='word_1_128' title='bbox 443 2474 517 2530; x_wconf 87' lang='lat' dir='ltr'><strong>haue</strong></span> <span class='ocrx_word' id='word_1_129' title='bbox 532 2473 622 2529; x_wconf 76' lang='lat' dir='ltr'><strong>vitem</strong></span> <span class='ocrx_word' id='word_1_130' title='bbox 639 2489 760 2545; x_wconf 86' lang='lat' dir='ltr'><strong>regnare</strong></span> <span class='ocrx_word' id='word_1_131' title='bbox 784 2473 861 2527; x_wconf 89' lang='lat' dir='ltr'><strong>sinat</strong></span> <span class='ocrx_word' id='word_1_132' title='bbox 884 2471 947 2526; x_wconf 86' lang='lat' dir='ltr'><strong>sine</strong></span> <span class='ocrx_word' id='word_1_133' title='bbox 1001 2471 1089 2528; x_wconf 86' lang='lat' dir='ltr'><strong>eitius</strong></span> <span class='ocrx_word' id='word_1_134' title='bbox 1099 2489 1150 2528; x_wconf 86' lang='lat' dir='ltr'><strong>vos</strong></span> <span class='ocrx_word' id='word_1_135' title='bbox 1162 2471 1285 2528; x_wconf 76' lang='lat' dir='ltr'>deducet</span> <span class='ocrx_word' id='word_1_136' title='bbox 1300 2473 1335 2527; x_wconf 88' lang='lat' dir='ltr'><strong>ad</strong></span> <span class='ocrx_word' id='word_1_137' title='bbox 1353 2472 1486 2529; x_wconf 85' lang='lat' dir='ltr'><strong>eoelestes</strong></span> <span class='ocrx_word' id='word_1_138' title='bbox 1495 2472 1651 2529; x_wconf 88' lang='lat' dir='ltr'><strong>thesauros</strong></span> <span class='ocrx_word' id='word_1_139' title='bbox 1662 2490 1751 2546; x_wconf 88' lang='lat' dir='ltr'><strong>quam</strong></span> <span class='ocrx_word' id='word_1_140' title='bbox 1763 2473 1831 2542; x_wconf 87' lang='lat' dir='ltr'><strong>iste,</strong></span> 
     </span>
     <span class='ocr_line' id='line_1_14' title="bbox 110 2558 1834 2632; baseline -0.002 -9"><span class='ocrx_word' id='word_1_141' title='bbox 110 2569 228 2632; x_wconf 69' lang='lat' dir='ltr'><strong>lineet</strong></span> <span class='ocrx_word' id='word_1_142' title='bbox 238 2566 374 2621; x_wconf 85' lang='lat' dir='ltr'><strong>incensus</strong></span> <span class='ocrx_word' id='word_1_143' title='bbox 383 2561 488 2618; x_wconf 85' lang='lat' dir='ltr'><strong>divinis</strong></span> <span class='ocrx_word' id='word_1_144' title='bbox 499 2561 646 2617; x_wconf 87' lang='lat' dir='ltr'><strong>mandatis</strong></span> <span class='ocrx_word' id='word_1_145' title='bbox 657 2561 776 2632; x_wconf 90' lang='lat' dir='ltr'><strong>possitis</strong></span> <span class='ocrx_word' id='word_1_146' title='bbox 787 2558 947 2631; x_wconf 87' lang='lat' dir='ltr'><strong>adimplere</strong></span> <span class='ocrx_word' id='word_1_147' title='bbox 1002 2560 1028 2617; x_wconf 90' lang='lat' dir='ltr'><strong>si</strong></span> <span class='ocrx_word' id='word_1_148' title='bbox 1039 2560 1146 2632; x_wconf 80' lang='lat' dir='ltr'><strong>sepius</strong></span> <span class='ocrx_word' id='word_1_149' title='bbox 1154 2577 1220 2615; x_wconf 86' lang='lat' dir='ltr'><strong>oum</strong></span> <span class='ocrx_word' id='word_1_150' title='bbox 1232 2559 1341 2616; x_wconf 80' lang='lat' dir='ltr'><strong>curetis</strong></span> <span class='ocrx_word' id='word_1_151' title='bbox 1351 2561 1481 2617; x_wconf 81' lang='lat' dir='ltr'><strong>recitare.</strong></span> <span class='ocrx_word' id='word_1_152' title='bbox 1490 2561 1554 2617; x_wconf 89' lang='lat' dir='ltr'><strong>Soio</strong></span> <span class='ocrx_word' id='word_1_153' title='bbox 1564 2579 1621 2617; x_wconf 91' lang='lat' dir='ltr'><strong>non</strong></span> <span class='ocrx_word' id='word_1_154' title='bbox 1632 2562 1759 2618; x_wconf 91' lang='lat' dir='ltr'><strong>multum</strong></span> <span class='ocrx_word' id='word_1_155' title='bbox 1768 2579 1834 2620; x_wconf 87' lang='lat' dir='ltr'><strong>esso</strong></span> 
     </span>
     <span class='ocr_line' id='line_1_15' title="bbox 108 2647 1832 2727; baseline -0.003 -12"><span class='ocrx_word' id='word_1_156' title='bbox 108 2659 200 2715; x_wconf 78' lang='lat' dir='ltr'><strong>hona</strong></span> <span class='ocrx_word' id='word_1_157' title='bbox 211 2672 274 2727; x_wconf 81' lang='lat' dir='ltr'><strong>que</strong></span> <span class='ocrx_word' id='word_1_158' title='bbox 285 2651 568 2724; x_wconf 77' lang='lat' dir='ltr'><strong>desideratisigitur</strong></span> <span class='ocrx_word' id='word_1_159' title='bbox 578 2650 648 2722; x_wconf 88' lang='lat' dir='ltr'><strong>quia</strong></span> <span class='ocrx_word' id='word_1_160' title='bbox 662 2649 744 2721; x_wconf 91' lang='lat' dir='ltr'><strong>pium</strong></span> <span class='ocrx_word' id='word_1_161' title='bbox 759 2649 889 2704; x_wconf 87' lang='lat' dir='ltr'><strong>studium</strong></span> <span class='ocrx_word' id='word_1_162' title='bbox 904 2665 949 2704; x_wconf 87' lang='lat' dir='ltr'><strong>sa·</strong></span> <span class='ocrx_word' id='word_1_163' title='bbox 1004 2650 1133 2715; x_wconf 86' lang='lat' dir='ltr'><strong>beatum,</strong></span> <span class='ocrx_word' id='word_1_164' title='bbox 1142 2648 1191 2720; x_wconf 92' lang='lat' dir='ltr'><strong>qui</strong></span> <span class='ocrx_word' id='word_1_165' title='bbox 1204 2665 1234 2704; x_wconf 89' lang='lat' dir='ltr'><strong>se</strong></span> <span class='ocrx_word' id='word_1_166' title='bbox 1248 2647 1432 2705; x_wconf 90' lang='lat' dir='ltr'><strong>solummodo</strong></span> <span class='ocrx_word' id='word_1_167' title='bbox 1445 2649 1546 2720; x_wconf 87' lang='lat' dir='ltr'><strong>salvat,</strong></span> <span class='ocrx_word' id='word_1_168' title='bbox 1556 2650 1681 2707; x_wconf 87' lang='lat' dir='ltr'><strong>Domino</strong></span> <span class='ocrx_word' id='word_1_169' title='bbox 1692 2652 1832 2723; x_wconf 82' lang='lat' dir='ltr'><strong>adjuvan·</strong></span> 
     </span>
     <span class='ocr_line' id='line_1_16' title="bbox 108 2735 1832 2814; baseline -0.003 -11"><span class='ocrx_word' id='word_1_170' title='bbox 108 2762 188 2803; x_wconf 81' lang='lat' dir='ltr'><strong>eras</strong></span> <span class='ocrx_word' id='word_1_171' title='bbox 203 2743 368 2814; x_wconf 81' lang='lat' dir='ltr'><strong>Scripturas</strong></span> <span class='ocrx_word' id='word_1_172' title='bbox 387 2739 501 2795; x_wconf 86' lang='lat' dir='ltr'><strong>habetis</strong></span> <span class='ocrx_word' id='word_1_173' title='bbox 524 2737 636 2805; x_wconf 91' lang='lat' dir='ltr'><strong>audire,</strong></span> <span class='ocrx_word' id='word_1_174' title='bbox 649 2737 726 2792; x_wconf 87' lang='lat' dir='ltr'><strong>sirut</strong></span> <span class='ocrx_word' id='word_1_175' title='bbox 741 2737 813 2792; x_wconf 90' lang='lat' dir='ltr'><strong>mihi</strong></span> <span class='ocrx_word' id='word_1_176' title='bbox 829 2735 949 2808; x_wconf 85' lang='lat' dir='ltr'><strong>indigno</strong></span> <span class='ocrx_word' id='word_1_177' title='bbox 1004 2742 1042 2805; x_wconf 89' lang='lat' dir='ltr'><strong>te,</strong></span> <span class='ocrx_word' id='word_1_178' title='bbox 1056 2738 1105 2792; x_wconf 91' lang='lat' dir='ltr'><strong>sed</strong></span> <span class='ocrx_word' id='word_1_179' title='bbox 1119 2737 1228 2792; x_wconf 84' lang='lat' dir='ltr'><strong>ieiioior</strong></span> <span class='ocrx_word' id='word_1_180' title='bbox 1239 2740 1284 2792; x_wconf 90' lang='lat' dir='ltr'><strong>est</strong></span> <span class='ocrx_word' id='word_1_181' title='bbox 1298 2737 1346 2809; x_wconf 91' lang='lat' dir='ltr'><strong>qui</strong></span> <span class='ocrx_word' id='word_1_182' title='bbox 1359 2737 1506 2793; x_wconf 87' lang='lat' dir='ltr'><strong>desiderat</strong></span> <span class='ocrx_word' id='word_1_183' title='bbox 1521 2738 1593 2794; x_wconf 87' lang='lat' dir='ltr'><strong>aiios</strong></span> <span class='ocrx_word' id='word_1_184' title='bbox 1605 2738 1719 2795; x_wconf 87' lang='lat' dir='ltr'><strong>trahere</strong></span> <span class='ocrx_word' id='word_1_185' title='bbox 1732 2757 1832 2797; x_wconf 87' lang='lat' dir='ltr'><strong>seeum</strong></span> 
     </span>
     <span class='ocr_line' id='line_1_17' title="bbox 107 2824 1832 2909; baseline -0.003 -19"><span class='ocrx_word' id='word_1_186' title='bbox 107 2831 311 2909; x_wconf 77' lang='lat' dir='ltr'><strong>precepistis,</strong></span> <span class='ocrx_word' id='word_1_187' title='bbox 319 2828 480 2886; x_wconf 87' lang='lat' dir='ltr'><strong>desideravi</strong></span> <span class='ocrx_word' id='word_1_188' title='bbox 493 2826 619 2882; x_wconf 88' lang='lat' dir='ltr'><strong>scribere</strong></span> <span class='ocrx_word' id='word_1_189' title='bbox 630 2825 730 2898; x_wconf 88' lang='lat' dir='ltr'><strong>pietati</strong></span> <span class='ocrx_word' id='word_1_190' title='bbox 740 2830 841 2883; x_wconf 76' lang='lat' dir='ltr'><strong>vestrae</strong></span> <span class='ocrx_word' id='word_1_191' title='bbox 850 2824 949 2897; x_wconf 88' lang='lat' dir='ltr'><strong>aliqua</strong></span> <span class='ocrx_word' id='word_1_192' title='bbox 1005 2827 1041 2883; x_wconf 91' lang='lat' dir='ltr'><strong>ad</strong></span> <span class='ocrx_word' id='word_1_193' title='bbox 1051 2843 1174 2900; x_wconf 81' lang='lat' dir='ltr'><strong>regnum</strong></span> <span class='ocrx_word' id='word_1_194' title='bbox 1184 2825 1523 2899; x_wconf 83' lang='lat' dir='ltr'><strong>omioste.0uaproptor‚o</strong></span> <span class='ocrx_word' id='word_1_195' title='bbox 1532 2827 1630 2889; x_wconf 81' lang='lat' dir='ltr'><strong>homo,</strong></span> <span class='ocrx_word' id='word_1_196' title='bbox 1639 2846 1741 2884; x_wconf 87' lang='lat' dir='ltr'><strong>moneo</strong></span> <span class='ocrx_word' id='word_1_197' title='bbox 1751 2834 1832 2885; x_wconf 87' lang='lat' dir='ltr'><strong>tuam</strong></span> 
     </span>
     <span class='ocr_line' id='line_1_18' title="bbox 107 2913 1832 2993; baseline -0.005 -13"><span class='ocrx_word' id='word_1_198' title='bbox 107 2920 258 2993; x_wconf 85' lang='lat' dir='ltr'><strong>exempla</strong></span> <span class='ocrx_word' id='word_1_199' title='bbox 272 2935 335 2991; x_wconf 81' lang='lat' dir='ltr'><strong>quae</strong></span> <span class='ocrx_word' id='word_1_200' title='bbox 351 2919 380 2972; x_wconf 90' lang='lat' dir='ltr'><strong>in</strong></span> <span class='ocrx_word' id='word_1_201' title='bbox 396 2917 480 2972; x_wconf 83' lang='lat' dir='ltr'><strong>libris</strong></span> <span class='ocrx_word' id='word_1_202' title='bbox 496 2915 601 2971; x_wconf 85' lang='lat' dir='ltr'><strong>divinis</strong></span> <span class='ocrx_word' id='word_1_203' title='bbox 621 2915 742 2988; x_wconf 85' lang='lat' dir='ltr'><strong>legendo</strong></span> <span class='ocrx_word' id='word_1_204' title='bbox 767 2914 828 2970; x_wconf 81' lang='lat' dir='ltr'><strong>hae</strong></span> <span class='ocrx_word' id='word_1_205' title='bbox 851 2913 951 2969; x_wconf 88' lang='lat' dir='ltr'><strong>omnia</strong></span> <span class='ocrx_word' id='word_1_206' title='bbox 1004 2915 1178 2971; x_wconf 77' lang='lat' dir='ltr'><strong>charitatem</strong></span> <span class='ocrx_word' id='word_1_207' title='bbox 1194 2915 1362 2986; x_wconf 77' lang='lat' dir='ltr'><strong>quicunque</strong></span> <span class='ocrx_word' id='word_1_208' title='bbox 1377 2915 1481 2986; x_wconf 75' lang='lat' dir='ltr'><strong>logor-is</strong></span> <span class='ocrx_word' id='word_1_209' title='bbox 1504 2915 1579 2971; x_wconf 88' lang='lat' dir='ltr'><strong>hane</strong></span> <span class='ocrx_word' id='word_1_210' title='bbox 1596 2917 1783 2988; x_wconf 81' lang='lat' dir='ltr'><strong>scripturam,</strong></span> <span class='ocrx_word' id='word_1_211' title='bbox 1800 2922 1832 2973; x_wconf 88' lang='lat' dir='ltr'><strong>ut</strong></span> 
     </span>
     <span class='ocr_line' id='line_1_19' title="bbox 113 3003 1832 3083; baseline -0.003 -15"><span class='ocrx_word' id='word_1_212' title='bbox 113 3011 235 3083; x_wconf 80' lang='lat' dir='ltr'><strong>scripta</strong></span> <span class='ocrx_word' id='word_1_213' title='bbox 244 3006 406 3065; x_wconf 85' lang='lat' dir='ltr'><strong>invonio.Si</strong></span> <span class='ocrx_word' id='word_1_214' title='bbox 416 3005 591 3072; x_wconf 89' lang='lat' dir='ltr'><strong>tamen,Deo</strong></span> <span class='ocrx_word' id='word_1_215' title='bbox 603 3005 802 3075; x_wconf 87' lang='lat' dir='ltr'><strong>omnipotente</strong></span> <span class='ocrx_word' id='word_1_216' title='bbox 812 3003 951 3074; x_wconf 86' lang='lat' dir='ltr'><strong>adjuvan·</strong></span> <span class='ocrx_word' id='word_1_217' title='bbox 1006 3004 1152 3076; x_wconf 82' lang='lat' dir='ltr'><strong>compleas</strong></span> <span class='ocrx_word' id='word_1_218' title='bbox 1168 3021 1217 3058; x_wconf 92' lang='lat' dir='ltr'><strong>ore</strong></span> <span class='ocrx_word' id='word_1_219' title='bbox 1240 3004 1377 3075; x_wconf 78' lang='lat' dir='ltr'><strong>perfecto,</strong></span> <span class='ocrx_word' id='word_1_220' title='bbox 1391 3008 1420 3058; x_wconf 90' lang='lat' dir='ltr'><strong>et</strong></span> <span class='ocrx_word' id='word_1_221' title='bbox 1445 3003 1511 3058; x_wconf 87' lang='lat' dir='ltr'><strong>aliis</strong></span> <span class='ocrx_word' id='word_1_222' title='bbox 1531 3005 1641 3061; x_wconf 86' lang='lat' dir='ltr'><strong>honum</strong></span> <span class='ocrx_word' id='word_1_223' title='bbox 1665 3006 1832 3079; x_wconf 82' lang='lat' dir='ltr'><strong>exemptum</strong></span> 
     </span>
     <span class='ocr_line' id='line_1_20' title="bbox 110 3089 1833 3171; baseline -0.003 -14"><span class='ocrx_word' id='word_1_224' title='bbox 110 3096 280 3171; x_wconf 84' lang='lat' dir='ltr'><strong>te,aiiquid</strong></span> <span class='ocrx_word' id='word_1_225' title='bbox 292 3096 431 3169; x_wconf 82' lang='lat' dir='ltr'><strong>proficere</strong></span> <span class='ocrx_word' id='word_1_226' title='bbox 442 3099 549 3167; x_wconf 86' lang='lat' dir='ltr'><strong>posset,</strong></span> <span class='ocrx_word' id='word_1_227' title='bbox 561 3092 735 3165; x_wconf 81' lang='lat' dir='ltr'><strong>omniaque</strong></span> <span class='ocrx_word' id='word_1_228' title='bbox 746 3091 775 3145; x_wconf 94' lang='lat' dir='ltr'><strong>in</strong></span> <span class='ocrx_word' id='word_1_229' title='bbox 787 3089 950 3147; x_wconf 88' lang='lat' dir='ltr'><strong>hoolibeilo</strong></span> <span class='ocrx_word' id='word_1_230' title='bbox 1007 3096 1211 3158; x_wconf 86' lang='lat' dir='ltr'><strong>monstres‚ut</strong></span> <span class='ocrx_word' id='word_1_231' title='bbox 1235 3093 1270 3148; x_wconf 89' lang='lat' dir='ltr'><strong>de</strong></span> <span class='ocrx_word' id='word_1_232' title='bbox 1300 3096 1392 3147; x_wconf 89' lang='lat' dir='ltr'><strong>tuoet</strong></span> <span class='ocrx_word' id='word_1_233' title='bbox 1412 3092 1536 3147; x_wconf 89' lang='lat' dir='ltr'><strong>aliorum</strong></span> <span class='ocrx_word' id='word_1_234' title='bbox 1566 3093 1664 3150; x_wconf 84' lang='lat' dir='ltr'><strong>labore</strong></span> <span class='ocrx_word' id='word_1_235' title='bbox 1694 3095 1833 3152; x_wconf 88' lang='lat' dir='ltr'><strong>merearis</strong></span> 
     </span>
     <span class='ocr_line' id='line_1_21' title="bbox 113 3179 1867 3261; baseline -0.003 -14"><span class='ocrx_word' id='word_1_236' title='bbox 113 3189 234 3261; x_wconf 78' lang='lat' dir='ltr'><strong>scripta</strong></span> <span class='ocrx_word' id='word_1_237' title='bbox 244 3186 413 3252; x_wconf 83' lang='lat' dir='ltr'><strong>habeo,non</strong></span> <span class='ocrx_word' id='word_1_238' title='bbox 428 3183 545 3256; x_wconf 90' lang='lat' dir='ltr'><strong>proprio</strong></span> <span class='ocrx_word' id='word_1_239' title='bbox 561 3198 648 3240; x_wconf 85' lang='lat' dir='ltr'><strong>sensu</strong></span> <span class='ocrx_word' id='word_1_240' title='bbox 666 3183 755 3255; x_wconf 82' lang='lat' dir='ltr'><strong>fingo,</strong></span> <span class='ocrx_word' id='word_1_241' title='bbox 766 3179 811 3235; x_wconf 88' lang='lat' dir='ltr'><strong>vei</strong></span> <span class='ocrx_word' id='word_1_242' title='bbox 821 3179 950 3253; x_wconf 81' lang='lat' dir='ltr'><strong>excogito</strong></span> <span class='ocrx_word' id='word_1_243' title='bbox 1007 3182 1155 3255; x_wconf 85' lang='lat' dir='ltr'><strong>percipere</strong></span> <span class='ocrx_word' id='word_1_244' title='bbox 1178 3198 1195 3236; x_wconf 92' lang='lat' dir='ltr'><strong>a</strong></span> <span class='ocrx_word' id='word_1_245' title='bbox 1218 3181 1276 3236; x_wconf 90' lang='lat' dir='ltr'><strong>Doo</strong></span> <span class='ocrx_word' id='word_1_246' title='bbox 1304 3182 1582 3238; x_wconf 85' lang='lat' dir='ltr'><strong>remunerationem.</strong></span> <span class='ocrx_word' id='word_1_247' title='bbox 1595 3183 1690 3239; x_wconf 90' lang='lat' dir='ltr'><strong>Mente</strong></span> <span class='ocrx_word' id='word_1_248' title='bbox 1718 3184 1834 3241; x_wconf 81' lang='lat' dir='ltr'><strong>curiosa</strong></span> <span class='ocrx_word' id='word_1_249' title='bbox 1864 3209 1867 3214; x_wconf 96' lang='lat'>·</span> 
     </span>
     <span class='ocr_line' id='line_1_22' title="bbox 114 3269 1832 3351; baseline -0.002 -18"><span class='ocrx_word' id='word_1_250' title='bbox 114 3277 202 3351; x_wconf 91' lang='lat' dir='ltr'><strong>quod</strong></span> <span class='ocrx_word' id='word_1_251' title='bbox 213 3275 287 3342; x_wconf 87' lang='lat' dir='ltr'><strong>dieo,</strong></span> <span class='ocrx_word' id='word_1_252' title='bbox 295 3274 346 3330; x_wconf 88' lang='lat' dir='ltr'><strong>sed</strong></span> <span class='ocrx_word' id='word_1_253' title='bbox 355 3273 390 3328; x_wconf 89' lang='lat' dir='ltr'><strong>de</strong></span> <span class='ocrx_word' id='word_1_254' title='bbox 399 3271 508 3329; x_wconf 88' lang='lat' dir='ltr'><strong>sanetis</strong></span> <span class='ocrx_word' id='word_1_255' title='bbox 516 3269 949 3327; x_wconf 81' lang='lat' dir='ltr'><strong>Patribuscoadunataretinoo.</strong></span> <span class='ocrx_word' id='word_1_256' title='bbox 1006 3287 1122 3343; x_wconf 83' lang='lat' dir='ltr'>semper</span> <span class='ocrx_word' id='word_1_257' title='bbox 1137 3270 1243 3341; x_wconf 85' lang='lat' dir='ltr'><strong>cogita,</strong></span> <span class='ocrx_word' id='word_1_258' title='bbox 1256 3285 1291 3325; x_wconf 88' lang='lat' dir='ltr'><strong>ne</strong></span> <span class='ocrx_word' id='word_1_259' title='bbox 1303 3269 1362 3325; x_wconf 77' lang='lat' dir='ltr'><strong>bren</strong></span> <span class='ocrx_word' id='word_1_260' title='bbox 1373 3269 1473 3338; x_wconf 80' lang='lat' dir='ltr'><strong>iacias,</strong></span> <span class='ocrx_word' id='word_1_261' title='bbox 1487 3274 1518 3326; x_wconf 92' lang='lat' dir='ltr'><strong>ut</strong></span> <span class='ocrx_word' id='word_1_262' title='bbox 1529 3270 1655 3327; x_wconf 83' lang='lat' dir='ltr'><strong>Creatori</strong></span> <span class='ocrx_word' id='word_1_263' title='bbox 1666 3272 1832 3344; x_wconf 80' lang='lat' dir='ltr'><strong>displiceas,</strong></span> 
     </span>
     <span class='ocr_line' id='line_1_23' title="bbox 115 3357 1832 3436; baseline -0.005 -11"><span class='ocrx_word' id='word_1_264' title='bbox 115 3367 191 3425; x_wconf 83' lang='lat' dir='ltr'><strong>Siue</strong></span> <span class='ocrx_word' id='word_1_265' title='bbox 203 3363 291 3421; x_wconf 91' lang='lat' dir='ltr'><strong>dubio</strong></span> <span class='ocrx_word' id='word_1_266' title='bbox 302 3361 353 3436; x_wconf 90' lang='lat' dir='ltr'><strong>qui</strong></span> <span class='ocrx_word' id='word_1_267' title='bbox 366 3379 400 3418; x_wconf 86' lang='lat' dir='ltr'><strong>ea</strong></span> <span class='ocrx_word' id='word_1_268' title='bbox 415 3361 514 3418; x_wconf 81' lang='lat' dir='ltr'><strong>iecerit</strong></span> <span class='ocrx_word' id='word_1_269' title='bbox 525 3360 636 3416; x_wconf 83' lang='lat' dir='ltr'><strong>ridebit</strong></span> <span class='ocrx_word' id='word_1_270' title='bbox 649 3358 750 3414; x_wconf 90' lang='lat' dir='ltr'><strong>lumen</strong></span> <span class='ocrx_word' id='word_1_271' title='bbox 761 3362 912 3425; x_wconf 79' lang='lat' dir='ltr'><strong>aternum,</strong></span> <span class='ocrx_word' id='word_1_272' title='bbox 924 3362 953 3412; x_wconf 90' lang='lat' dir='ltr'><strong>et</strong></span> <span class='ocrx_word' id='word_1_273' title='bbox 1007 3359 1077 3431; x_wconf 91' lang='lat' dir='ltr'><strong>quia</strong></span> <span class='ocrx_word' id='word_1_274' title='bbox 1090 3357 1114 3414; x_wconf 90' lang='lat' dir='ltr'><strong>si</strong></span> <span class='ocrx_word' id='word_1_275' title='bbox 1134 3357 1163 3413; x_wconf 93' lang='lat' dir='ltr'><strong>iu</strong></span> <span class='ocrx_word' id='word_1_276' title='bbox 1189 3359 1266 3413; x_wconf 91' lang='lat' dir='ltr'><strong>bono</strong></span> <span class='ocrx_word' id='word_1_277' title='bbox 1282 3358 1520 3430; x_wconf 87' lang='lat' dir='ltr'>perseveraveris,</span> <span class='ocrx_word' id='word_1_278' title='bbox 1532 3360 1653 3415; x_wconf 89' lang='lat' dir='ltr'><strong>donabit</strong></span> <span class='ocrx_word' id='word_1_279' title='bbox 1677 3360 1729 3416; x_wconf 94' lang='lat' dir='ltr'><strong>tibi</strong></span> <span class='ocrx_word' id='word_1_280' title='bbox 1754 3361 1832 3433; x_wconf 90' lang='lat' dir='ltr'><strong>quod</strong></span> 
     </span>
     <span class='ocr_line' id='line_1_24' title="bbox 115 3446 1831 3520; baseline -0.005 -9"><span class='ocrx_word' id='word_1_281' title='bbox 115 3456 152 3512; x_wconf 85' lang='lat' dir='ltr'><strong>in</strong></span> <span class='ocrx_word' id='word_1_282' title='bbox 162 3454 216 3510; x_wconf 87' lang='lat' dir='ltr'><strong>tali</strong></span> <span class='ocrx_word' id='word_1_283' title='bbox 227 3450 427 3509; x_wconf 84' lang='lat' dir='ltr'><strong>admonitione</strong></span> <span class='ocrx_word' id='word_1_284' title='bbox 438 3465 523 3504; x_wconf 90' lang='lat' dir='ltr'><strong>nemo</strong></span> <span class='ocrx_word' id='word_1_285' title='bbox 536 3465 581 3504; x_wconf 91' lang='lat' dir='ltr'><strong>me</strong></span> <span class='ocrx_word' id='word_1_286' title='bbox 593 3447 750 3520; x_wconf 79' lang='lat' dir='ltr'><strong>despiciat3</strong></span> <span class='ocrx_word' id='word_1_287' title='bbox 762 3446 832 3519; x_wconf 89' lang='lat' dir='ltr'><strong>quia</strong></span> <span class='ocrx_word' id='word_1_288' title='bbox 841 3446 895 3502; x_wconf 88' lang='lat' dir='ltr'><strong>etsi</strong></span> <span class='ocrx_word' id='word_1_289' title='bbox 907 3446 951 3501; x_wconf 88' lang='lat' dir='ltr'><strong>iu·</strong></span> <span class='ocrx_word' id='word_1_290' title='bbox 1006 3447 1109 3504; x_wconf 80' lang='lat' dir='ltr'><strong>ocutus</strong></span> <span class='ocrx_word' id='word_1_291' title='bbox 1126 3464 1182 3504; x_wconf 90' lang='lat' dir='ltr'><strong>nou</strong></span> <span class='ocrx_word' id='word_1_292' title='bbox 1198 3448 1281 3513; x_wconf 81' lang='lat' dir='ltr'><strong>vidit,</strong></span> <span class='ocrx_word' id='word_1_293' title='bbox 1294 3464 1347 3503; x_wconf 88' lang='lat' dir='ltr'><strong>neo</strong></span> <span class='ocrx_word' id='word_1_294' title='bbox 1367 3447 1448 3504; x_wconf 89' lang='lat' dir='ltr'><strong>auris</strong></span> <span class='ocrx_word' id='word_1_295' title='bbox 1463 3448 1584 3514; x_wconf 88' lang='lat' dir='ltr'><strong>audivit,</strong></span> <span class='ocrx_word' id='word_1_296' title='bbox 1596 3447 1646 3503; x_wconf 91' lang='lat' dir='ltr'><strong>ubi</strong></span> <span class='ocrx_word' id='word_1_297' title='bbox 1661 3447 1748 3504; x_wconf 92' lang='lat' dir='ltr'><strong>multi</strong></span> <span class='ocrx_word' id='word_1_298' title='bbox 1764 3465 1831 3504; x_wconf 88' lang='lat' dir='ltr'><strong>sen-</strong></span> 
     </span>
     <span class='ocr_line' id='line_1_25' title="bbox 119 3536 1333 3617; baseline -0.008 -17"><span class='ocrx_word' id='word_1_299' title='bbox 119 3544 230 3617; x_wconf 81' lang='lat' dir='ltr'><strong>dignus</strong></span> <span class='ocrx_word' id='word_1_300' title='bbox 246 3558 313 3598; x_wconf 89' lang='lat' dir='ltr'><strong>sum</strong></span> <span class='ocrx_word' id='word_1_301' title='bbox 328 3538 399 3595; x_wconf 86' lang='lat' dir='ltr'><strong>talia</strong></span> <span class='ocrx_word' id='word_1_302' title='bbox 412 3536 589 3605; x_wconf 86' lang='lat' dir='ltr'><strong>ministrare,</strong></span> <span class='ocrx_word' id='word_1_303' title='bbox 597 3552 665 3591; x_wconf 90' lang='lat' dir='ltr'><strong>vera</strong></span> <span class='ocrx_word' id='word_1_304' title='bbox 687 3541 785 3590; x_wconf 88' lang='lat' dir='ltr'><strong>tamon</strong></span> <span class='ocrx_word' id='word_1_305' title='bbox 802 3539 951 3606; x_wconf 68' lang='lat' dir='ltr'><strong>suntquis</strong></span> <span class='ocrx_word' id='word_1_306' title='bbox 1007 3541 1120 3592; x_wconf 83' lang='lat' dir='ltr'><strong>ntorum</strong></span> <span class='ocrx_word' id='word_1_307' title='bbox 1135 3536 1333 3608; x_wconf 83' lang='lat' dir='ltr'><strong>requiescunt.</strong></span> 
     </span>
     <span class='ocr_line' id='line_1_26' title="bbox 120 3623 1833 3697; baseline -0.004 -9"><span class='ocrx_word' id='word_1_308' title='bbox 120 3633 199 3697; x_wconf 88' lang='lat' dir='ltr'><strong>dico,</strong></span> <span class='ocrx_word' id='word_1_309' title='bbox 210 3636 237 3687; x_wconf 86' lang='lat' dir='ltr'><strong>et</strong></span> <span class='ocrx_word' id='word_1_310' title='bbox 252 3630 324 3684; x_wconf 92' lang='lat' dir='ltr'><strong>dum</strong></span> <span class='ocrx_word' id='word_1_311' title='bbox 349 3627 460 3684; x_wconf 88' lang='lat' dir='ltr'><strong>otiosus</strong></span> <span class='ocrx_word' id='word_1_312' title='bbox 484 3643 570 3682; x_wconf 87' lang='lat' dir='ltr'><strong>nemo</strong></span> <span class='ocrx_word' id='word_1_313' title='bbox 584 3631 663 3681; x_wconf 82' lang='lat' dir='ltr'><strong>stare</strong></span> <span class='ocrx_word' id='word_1_314' title='bbox 677 3626 832 3697; x_wconf 89' lang='lat' dir='ltr'><strong>debet‚per</strong></span> <span class='ocrx_word' id='word_1_315' title='bbox 846 3624 901 3680; x_wconf 87' lang='lat' dir='ltr'><strong>ista</strong></span> <span class='ocrx_word' id='word_1_316' title='bbox 916 3624 951 3679; x_wconf 93' lang='lat' dir='ltr'><strong>de</strong></span> <span class='ocrx_word' id='word_1_317' title='bbox 1042 3624 1115 3679; x_wconf 87' lang='lat' dir='ltr'><strong>Cum</strong></span> <span class='ocrx_word' id='word_1_318' title='bbox 1130 3624 1221 3697; x_wconf 82' lang='lat' dir='ltr'><strong>igitur</strong></span> <span class='ocrx_word' id='word_1_319' title='bbox 1234 3625 1269 3679; x_wconf 89' lang='lat' dir='ltr'><strong>de</strong></span> <span class='ocrx_word' id='word_1_320' title='bbox 1285 3623 1420 3696; x_wconf 90' lang='lat' dir='ltr'><strong>plurimis</strong></span> <span class='ocrx_word' id='word_1_321' title='bbox 1435 3624 1593 3680; x_wconf 91' lang='lat' dir='ltr'><strong>virtutibus</strong></span> <span class='ocrx_word' id='word_1_322' title='bbox 1619 3629 1647 3681; x_wconf 89' lang='lat' dir='ltr'><strong>te</strong></span> <span class='ocrx_word' id='word_1_323' title='bbox 1671 3625 1833 3681; x_wconf 84' lang='lat' dir='ltr'><strong>desiderem</strong></span> 
     </span>
     <span class='ocr_line' id='line_1_27' title="bbox 120 3712 1833 3784; baseline -0.004 -8"><span class='ocrx_word' id='word_1_324' title='bbox 120 3721 228 3776; x_wconf 81' lang='lat' dir='ltr'><strong>virtute</strong></span> <span class='ocrx_word' id='word_1_325' title='bbox 249 3719 280 3774; x_wconf 92' lang='lat' dir='ltr'><strong>iu</strong></span> <span class='ocrx_word' id='word_1_326' title='bbox 294 3717 432 3773; x_wconf 80' lang='lat' dir='ltr'><strong>virtutem</strong></span> <span class='ocrx_word' id='word_1_327' title='bbox 457 3714 589 3771; x_wconf 87' lang='lat' dir='ltr'><strong>aseendit</strong></span> <span class='ocrx_word' id='word_1_328' title='bbox 603 3714 640 3770; x_wconf 90' lang='lat' dir='ltr'><strong>ad</strong></span> <span class='ocrx_word' id='word_1_329' title='bbox 664 3712 747 3768; x_wconf 90' lang='lat' dir='ltr'><strong>ilium</strong></span> <span class='ocrx_word' id='word_1_330' title='bbox 764 3712 815 3784; x_wconf 91' lang='lat' dir='ltr'><strong>qui</strong></span> <span class='ocrx_word' id='word_1_331' title='bbox 838 3712 907 3767; x_wconf 85' lang='lat' dir='ltr'><strong>vivit</strong></span> <span class='ocrx_word' id='word_1_332' title='bbox 922 3713 952 3766; x_wconf 93' lang='lat' dir='ltr'><strong>in</strong></span> <span class='ocrx_word' id='word_1_333' title='bbox 1006 3713 1173 3778; x_wconf 89' lang='lat' dir='ltr'><strong>admonere,</strong></span> <span class='ocrx_word' id='word_1_334' title='bbox 1187 3712 1216 3767; x_wconf 94' lang='lat' dir='ltr'><strong>in</strong></span> <span class='ocrx_word' id='word_1_335' title='bbox 1243 3712 1346 3784; x_wconf 90' lang='lat' dir='ltr'><strong>primis</strong></span> <span class='ocrx_word' id='word_1_336' title='bbox 1371 3713 1456 3784; x_wconf 89' lang='lat' dir='ltr'><strong>oupio</strong></span> <span class='ocrx_word' id='word_1_337' title='bbox 1473 3717 1505 3767; x_wconf 92' lang='lat' dir='ltr'><strong>ut</strong></span> <span class='ocrx_word' id='word_1_338' title='bbox 1519 3712 1656 3768; x_wconf 89' lang='lat' dir='ltr'><strong>virtutem</strong></span> <span class='ocrx_word' id='word_1_339' title='bbox 1682 3712 1833 3769; x_wconf 86' lang='lat' dir='ltr'><strong>eharitatis</strong></span> 
     </span>
     <span class='ocr_line' id='line_1_28' title="bbox 123 3800 1547 3873; baseline -0.008 -7"><span class='ocrx_word' id='word_1_340' title='bbox 123 3807 230 3866; x_wconf 78' lang='lat' dir='ltr'><strong>secuta</strong></span> <span class='ocrx_word' id='word_1_341' title='bbox 251 3805 438 3864; x_wconf 72' lang='lat' dir='ltr'><strong>saeculorum.</strong></span> <span class='ocrx_word' id='word_1_342' title='bbox 454 3806 556 3859; x_wconf 82' lang='lat' dir='ltr'><strong>Amen.</strong></span> <span class='ocrx_word' id='word_1_343' title='bbox 573 3801 603 3859; x_wconf 87' lang='lat' dir='ltr'><strong>Si</strong></span> <span class='ocrx_word' id='word_1_344' title='bbox 619 3806 717 3858; x_wconf 89' lang='lat' dir='ltr'><strong>tamen</strong></span> <span class='ocrx_word' id='word_1_345' title='bbox 747 3801 851 3873; x_wconf 84' lang='lat' dir='ltr'><strong>placet,</strong></span> <span class='ocrx_word' id='word_1_346' title='bbox 869 3801 953 3856; x_wconf 87' lang='lat' dir='ltr'><strong>Pater</strong></span> <span class='ocrx_word' id='word_1_347' title='bbox 1007 3800 1097 3857; x_wconf 87' lang='lat' dir='ltr'><strong>Canto</strong></span> <span class='ocrx_word' id='word_1_348' title='bbox 1111 3800 1211 3856; x_wconf 87' lang='lat' dir='ltr'><strong>omnin</strong></span> <span class='ocrx_word' id='word_1_349' title='bbox 1226 3800 1345 3856; x_wconf 84' lang='lat' dir='ltr'><strong>studeas</strong></span> <span class='ocrx_word' id='word_1_350' title='bbox 1359 3800 1477 3868; x_wconf 82' lang='lat' dir='ltr'><strong>hahere,</strong></span> <span class='ocrx_word' id='word_1_351' title='bbox 1493 3804 1547 3856; x_wconf 88' lang='lat' dir='ltr'><strong>ete.</strong></span> 
     </span>
    </p>
   </div>
   <div class='ocr_carea' id='block_1_7' title="bbox 754 4157 1202 4261">
    <p class='ocr_par' dir='ltr' id='par_1_7' title="bbox 754 4157 1202 4261">
     <span class='ocr_line' id='line_1_29' title="bbox 754 4157 1202 4261; baseline 0 -1"><span class='ocrx_word' id='word_1_352' title='bbox 754 4157 1202 4261; x_wconf 66' lang='lat' dir='ltr'><strong>numanus</strong></span> 
     </span>
    </p>
   </div>
   <div class='ocr_carea' id='block_1_8' title="bbox 607 4490 1354 4564">
    <p class='ocr_par' dir='ltr' id='par_1_8' title="bbox 607 4490 1354 4564">
     <span class='ocr_line' id='line_1_30' title="bbox 607 4490 1354 4564; baseline -0.007 0"><span class='ocrx_word' id='word_1_353' title='bbox 607 4492 806 4564; x_wconf 70' lang='lat' dir='ltr'><strong>epistota</strong></span> <span class='ocrx_word' id='word_1_354' title='bbox 834 4492 1021 4562; x_wconf 73' lang='lat' dir='ltr'><strong>Tantam</strong></span> <span class='ocrx_word' id='word_1_355' title='bbox 1047 4493 1106 4561; x_wconf 78' lang='lat' dir='ltr'><strong>An</strong></span> <span class='ocrx_word' id='word_1_356' title='bbox 1129 4490 1354 4563; x_wconf 82' lang='lat' dir='ltr'><strong>GUiDONEM</strong></span> 
     </span>
    </p>
   </div>
   <div class='ocr_carea' id='block_1_9' title="bbox 336 4637 1619 4846">
    <p class='ocr_par' dir='ltr' id='par_1_9' title="bbox 336 4637 1619 4846">
     <span class='ocr_line' id='line_1_31' title="bbox 336 4637 1619 4724; baseline -0.005 -16"><span class='ocrx_word' id='word_1_357' title='bbox 336 4644 362 4708; x_wconf 89' lang='lat' dir='ltr'><em>C</em></span> <span class='ocrx_word' id='word_1_358' title='bbox 362 4663 401 4705; x_wconf 81' lang='lat' dir='ltr'><strong>ar</strong></span> <span class='ocrx_word' id='word_1_359' title='bbox 415 4644 446 4704; x_wconf 80' lang='lat' dir='ltr'><strong>in</strong></span> <span class='ocrx_word' id='word_1_360' title='bbox 457 4641 666 4724; x_wconf 70' lang='lat' dir='ltr'><strong>festivitatibus</strong></span> <span class='ocrx_word' id='word_1_361' title='bbox 681 4640 744 4704; x_wconf 89' lang='lat' dir='ltr'><strong>SS.</strong></span> <span class='ocrx_word' id='word_1_362' title='bbox 761 4639 855 4705; x_wconf 78' lang='lat' dir='ltr'><strong>Pauli</strong></span> <span class='ocrx_word' id='word_1_363' title='bbox 867 4649 894 4704; x_wconf 84' lang='lat' dir='ltr'><strong>et</strong></span> <span class='ocrx_word' id='word_1_364' title='bbox 908 4640 1068 4703; x_wconf 82' lang='lat' dir='ltr'><strong>Laurentii</strong></span> <span class='ocrx_word' id='word_1_365' title='bbox 1081 4639 1222 4702; x_wconf 79' lang='lat' dir='ltr'><strong>versr&#39;ruli</strong></span> <span class='ocrx_word' id='word_1_366' title='bbox 1233 4637 1402 4719; x_wconf 79' lang='lat' dir='ltr'><strong>uutr&#39;pkoair</strong></span> <span class='ocrx_word' id='word_1_367' title='bbox 1418 4637 1619 4701; x_wconf 78' lang='lat' dir='ltr'><strong>innectuntur.</strong></span> 
     </span>
     <span class='ocr_line' id='line_1_32' title="bbox 581 4769 1374 4846; baseline -0.005 -18"><span class='ocrx_word' id='word_1_368' title='bbox 581 4772 673 4846; x_wconf 81' lang='lat' dir='ltr'><strong>(Apud</strong></span> <span class='ocrx_word' id='word_1_369' title='bbox 698 4772 820 4828; x_wconf 78' lang='lat' dir='ltr'><strong>Martem</strong></span> <span class='ocrx_word' id='word_1_370' title='bbox 845 4774 896 4827; x_wconf 79' lang='lat' dir='ltr'><strong>oti</strong></span> <span class='ocrx_word' id='word_1_371' title='bbox 916 4788 1011 4844; x_wconf 76' lang='lat' dir='ltr'><strong>repro,</strong></span> <span class='ocrx_word' id='word_1_372' title='bbox 1037 4789 1072 4828; x_wconf 84' lang='lat' dir='ltr'><strong>ex</strong></span> <span class='ocrx_word' id='word_1_373' title='bbox 1093 4788 1149 4826; x_wconf 90' lang='lat' dir='ltr'><strong>ms.</strong></span> <span class='ocrx_word' id='word_1_374' title='bbox 1175 4769 1374 4842; x_wconf 74' lang='lat' dir='ltr'><strong>Floriaoensi.)</strong></span> 
     </span>
    </p>
   </div>
   <div class='ocr_carea' id='block_1_10' title="bbox 144 5046 1865 5388">
    <p class='ocr_par' dir='ltr' id='par_1_10' title="bbox 144 5046 1865 5388">
     <span class='ocr_line' id='line_1_33' title="bbox 170 5046 1828 5121; baseline -0.001 -17"><span class='ocrx_word' id='word_1_375' title='bbox 170 5049 203 5118; x_wconf 88' lang='lat' dir='ltr'><strong>(i)</strong></span> <span class='ocrx_word' id='word_1_376' title='bbox 216 5052 367 5107; x_wconf 74' lang='lat' dir='ltr'><strong>&#39;tensanus</strong></span> <span class='ocrx_word' id='word_1_377' title='bbox 382 5050 508 5106; x_wconf 84' lang='lat' dir='ltr'><strong>Gnrooru</strong></span> <span class='ocrx_word' id='word_1_378' title='bbox 524 5047 605 5104; x_wconf 81' lang='lat' dir='ltr'><strong>fratri</strong></span> <span class='ocrx_word' id='word_1_379' title='bbox 622 5046 759 5103; x_wconf 87' lang='lat' dir='ltr'><strong>salutem.</strong></span> <span class='ocrx_word' id='word_1_380' title='bbox 1001 5053 1068 5105; x_wconf 90' lang='lat' dir='ltr'><strong>ante</strong></span> <span class='ocrx_word' id='word_1_381' title='bbox 1083 5064 1194 5104; x_wconf 89' lang='lat' dir='ltr'><strong>annum</strong></span> <span class='ocrx_word' id='word_1_382' title='bbox 1219 5046 1410 5120; x_wconf 87' lang='lat' dir='ltr'><strong>propositam,</strong></span> <span class='ocrx_word' id='word_1_383' title='bbox 1423 5048 1486 5119; x_wconf 87' lang='lat' dir='ltr'><strong>jam</strong></span> <span class='ocrx_word' id='word_1_384' title='bbox 1512 5065 1600 5115; x_wconf 84' lang='lat' dir='ltr'><strong>nune,</strong></span> <span class='ocrx_word' id='word_1_385' title='bbox 1618 5051 1704 5121; x_wconf 89' lang='lat' dir='ltr'><strong>prout</strong></span> <span class='ocrx_word' id='word_1_386' title='bbox 1726 5050 1828 5103; x_wconf 90' lang='lat' dir='ltr'><strong>auotor</strong></span> 
     </span>
     <span class='ocr_line' id='line_1_34' title="bbox 171 5132 1827 5209; baseline -0.002 -16"><span class='ocrx_word' id='word_1_387' title='bbox 171 5139 355 5203; x_wconf 75' lang='lat' dir='ltr'><strong>Quaestionem</strong></span> <span class='ocrx_word' id='word_1_388' title='bbox 369 5137 509 5194; x_wconf 83' lang='lat' dir='ltr'><strong>exoffioio</strong></span> <span class='ocrx_word' id='word_1_389' title='bbox 520 5136 714 5193; x_wconf 82' lang='lat' dir='ltr'><strong>solemnitatis</strong></span> <span class='ocrx_word' id='word_1_390' title='bbox 729 5136 810 5191; x_wconf 90' lang='lat' dir='ltr'><strong>Pauli</strong></span> <span class='ocrx_word' id='word_1_391' title='bbox 826 5138 948 5209; x_wconf 86' lang='lat' dir='ltr'><strong>apostoli</strong></span> <span class='ocrx_word' id='word_1_392' title='bbox 1004 5154 1108 5195; x_wconf 90' lang='lat' dir='ltr'><strong>sensus</strong></span> <span class='ocrx_word' id='word_1_393' title='bbox 1123 5135 1235 5192; x_wconf 89' lang='lat' dir='ltr'><strong>dederit</strong></span> <span class='ocrx_word' id='word_1_394' title='bbox 1253 5135 1406 5203; x_wconf 88' lang='lat' dir='ltr'><strong>Dominus,</strong></span> <span class='ocrx_word' id='word_1_395' title='bbox 1422 5137 1558 5193; x_wconf 72' lang='lat' dir='ltr'><strong>charitati</strong></span> <span class='ocrx_word' id='word_1_396' title='bbox 1582 5140 1638 5190; x_wconf 89' lang='lat' dir='ltr'><strong>tuae</strong></span> <span class='ocrx_word' id='word_1_397' title='bbox 1660 5132 1827 5206; x_wconf 90' lang='lat' dir='ltr'><strong>persolvens</strong></span> 
     </span>
     <span class='ocr_line' id='line_1_35' title="bbox 145 5223 1828 5300; baseline -0.004 -17"><span class='ocrx_word' id='word_1_398' title='bbox 145 5229 216 5298; x_wconf 77' lang='lat' dir='ltr'><strong>etque</strong></span> <span class='ocrx_word' id='word_1_399' title='bbox 223 5228 368 5284; x_wconf 79' lang='lat' dir='ltr'><strong>Laurentii</strong></span> <span class='ocrx_word' id='word_1_400' title='bbox 381 5227 615 5300; x_wconf 76' lang='lat' dir='ltr'><strong>martyrisquare</strong></span> <span class='ocrx_word' id='word_1_401' title='bbox 624 5223 734 5281; x_wconf 85' lang='lat' dir='ltr'><strong>scilieet</strong></span> <span class='ocrx_word' id='word_1_402' title='bbox 740 5242 807 5280; x_wconf 89' lang='lat' dir='ltr'><strong>eum</strong></span> <span class='ocrx_word' id='word_1_403' title='bbox 816 5227 949 5298; x_wconf 81' lang='lat' dir='ltr'><strong>antipho·</strong></span> <span class='ocrx_word' id='word_1_404' title='bbox 1004 5226 1296 5283; x_wconf 88' lang='lat' dir='ltr'><strong>reddam.Sciendum</strong></span> <span class='ocrx_word' id='word_1_405' title='bbox 1307 5225 1406 5296; x_wconf 88' lang='lat' dir='ltr'><strong>itaque</strong></span> <span class='ocrx_word' id='word_1_406' title='bbox 1414 5226 1491 5297; x_wconf 87' lang='lat' dir='ltr'><strong>quod</strong></span> <span class='ocrx_word' id='word_1_407' title='bbox 1499 5223 1699 5280; x_wconf 87' lang='lat' dir='ltr'><strong>omnessaueti</strong></span> <span class='ocrx_word' id='word_1_408' title='bbox 1707 5223 1756 5294; x_wconf 87' lang='lat' dir='ltr'><strong>qui</strong></span> <span class='ocrx_word' id='word_1_409' title='bbox 1767 5240 1828 5278; x_wconf 93' lang='lat' dir='ltr'><strong>om-</strong></span> 
     </span>
     <span class='ocr_line' id='line_1_36' title="bbox 144 5310 1865 5388; baseline -0.001 -21"><span class='ocrx_word' id='word_1_410' title='bbox 144 5312 321 5373; x_wconf 85' lang='lat' dir='ltr'><strong>uisrersiculi</strong></span> <span class='ocrx_word' id='word_1_411' title='bbox 345 5319 638 5387; x_wconf 80' lang='lat' dir='ltr'><strong>necterentur,quam</strong></span> <span class='ocrx_word' id='word_1_412' title='bbox 659 5312 804 5369; x_wconf 84' lang='lat' dir='ltr'><strong>mihiate</strong></span> <span class='ocrx_word' id='word_1_413' title='bbox 828 5315 949 5370; x_wconf 90' lang='lat' dir='ltr'><strong>memini</strong></span> <span class='ocrx_word' id='word_1_414' title='bbox 1004 5314 1146 5388; x_wconf 92' lang='lat' dir='ltr'><strong>nipotenti</strong></span> <span class='ocrx_word' id='word_1_415' title='bbox 1157 5314 1214 5370; x_wconf 89' lang='lat' dir='ltr'><strong>Deo</strong></span> <span class='ocrx_word' id='word_1_416' title='bbox 1228 5313 1323 5369; x_wconf 88' lang='lat' dir='ltr'><strong>devoti</strong></span> <span class='ocrx_word' id='word_1_417' title='bbox 1338 5311 1520 5379; x_wconf 84' lang='lat' dir='ltr'><strong>exstiterunt,</strong></span> <span class='ocrx_word' id='word_1_418' title='bbox 1535 5316 1587 5367; x_wconf 85' lang='lat' dir='ltr'><strong>aut</strong></span> <span class='ocrx_word' id='word_1_419' title='bbox 1601 5326 1668 5365; x_wconf 88' lang='lat' dir='ltr'><strong>eum</strong></span> <span class='ocrx_word' id='word_1_420' title='bbox 1684 5310 1748 5366; x_wconf 91' lang='lat' dir='ltr'><strong>sola</strong></span> <span class='ocrx_word' id='word_1_421' title='bbox 1759 5310 1826 5378; x_wconf 88' lang='lat' dir='ltr'><strong>fide,</strong></span> <span class='ocrx_word' id='word_1_422' title='bbox 1863 5312 1865 5317; x_wconf 81' lang='grc'>’</span> 
     </span>
    </p>
   </div>
   <div class='ocr_carea' id='block_1_11' title="bbox 145 5433 1826 5639">
    <p class='ocr_par' dir='ltr' id='par_1_11' title="bbox 145 5433 1826 5639">
     <span class='ocr_line' id='line_1_37' title="bbox 172 5433 1826 5512; baseline -0.001 -18"><span class='ocrx_word' id='word_1_423' title='bbox 172 5438 286 5509; x_wconf 72' lang='lat' dir='ltr'><strong>(tionis</strong></span> <span class='ocrx_word' id='word_1_424' title='bbox 301 5438 342 5495; x_wconf 86' lang='lat' dir='ltr'><strong>sit</strong></span> <span class='ocrx_word' id='word_1_425' title='bbox 360 5438 502 5495; x_wconf 84' lang='lat' dir='ltr'><strong>Teraldus</strong></span> <span class='ocrx_word' id='word_1_426' title='bbox 526 5438 576 5512; x_wconf 90' lang='lat' dir='ltr'><strong>qui</strong></span> <span class='ocrx_word' id='word_1_427' title='bbox 601 5435 755 5510; x_wconf 83' lang='lat' dir='ltr'><strong>epistolam</strong></span> <span class='ocrx_word' id='word_1_428' title='bbox 779 5443 949 5511; x_wconf 85' lang='lat' dir='ltr'><strong>sequentem</strong></span> <span class='ocrx_word' id='word_1_429' title='bbox 1004 5439 1109 5509; x_wconf 87' lang='lat' dir='ltr'><strong>oensis,</strong></span> <span class='ocrx_word' id='word_1_430' title='bbox 1127 5456 1161 5494; x_wconf 86' lang='lat' dir='ltr'><strong>ox</strong></span> <span class='ocrx_word' id='word_1_431' title='bbox 1176 5439 1260 5509; x_wconf 83' lang='lat' dir='ltr'><strong>eujus</strong></span> <span class='ocrx_word' id='word_1_432' title='bbox 1275 5434 1451 5491; x_wconf 81' lang='lat' dir='ltr'><strong>bibliotheca</strong></span> <span class='ocrx_word' id='word_1_433' title='bbox 1465 5433 1544 5490; x_wconf 88' lang='lat' dir='ltr'><strong>euris</strong></span> <span class='ocrx_word' id='word_1_434' title='bbox 1559 5434 1593 5489; x_wconf 87' lang='lat' dir='ltr'><strong>D.</strong></span> <span class='ocrx_word' id='word_1_435' title='bbox 1610 5434 1745 5493; x_wconf 87' lang='lat' dir='ltr'><strong>Marteuii</strong></span> <span class='ocrx_word' id='word_1_436' title='bbox 1760 5453 1826 5509; x_wconf 92' lang='lat' dir='ltr'><strong>pro·</strong></span> 
     </span>
     <span class='ocr_line' id='line_1_38' title="bbox 145 5505 1604 5585; baseline -0.001 -21"><span class='ocrx_word' id='word_1_437' title='bbox 145 5509 252 5582; x_wconf 71' lang='lat' dir='ltr'><strong>scripsit,</strong></span> <span class='ocrx_word' id='word_1_438' title='bbox 311 5509 337 5566; x_wconf 90' lang='lat' dir='ltr'><strong>is</strong></span> <span class='ocrx_word' id='word_1_439' title='bbox 352 5514 491 5583; x_wconf 83' lang='lat' dir='ltr'><strong>praterea</strong></span> <span class='ocrx_word' id='word_1_440' title='bbox 504 5509 599 5567; x_wconf 86' lang='lat' dir='ltr'><strong>Guido</strong></span> <span class='ocrx_word' id='word_1_441' title='bbox 613 5507 661 5565; x_wconf 89' lang='lat' dir='ltr'><strong>eui</strong></span> <span class='ocrx_word' id='word_1_442' title='bbox 680 5507 823 5581; x_wconf 82' lang='lat' dir='ltr'><strong>inscripta</strong></span> <span class='ocrx_word' id='word_1_443' title='bbox 837 5514 891 5577; x_wconf 88' lang='lat' dir='ltr'><strong>est,</strong></span> <span class='ocrx_word' id='word_1_444' title='bbox 908 5508 951 5565; x_wconf 92' lang='lat' dir='ltr'><strong>iu·</strong></span> <span class='ocrx_word' id='word_1_445' title='bbox 1005 5511 1060 5567; x_wconf 90' lang='lat' dir='ltr'><strong>diit</strong></span> <span class='ocrx_word' id='word_1_446' title='bbox 1075 5508 1198 5585; x_wconf 87' lang='lat' dir='ltr'><strong>epistola</strong></span> <span class='ocrx_word' id='word_1_447' title='bbox 1213 5524 1265 5564; x_wconf 90' lang='lat' dir='ltr'><strong>seu</strong></span> <span class='ocrx_word' id='word_1_448' title='bbox 1281 5505 1454 5579; x_wconf 87' lang='lat' dir='ltr'><strong>opuseulum</strong></span> <span class='ocrx_word' id='word_1_449' title='bbox 1468 5522 1604 5579; x_wconf 89' lang='lat' dir='ltr'><strong>sequens.</strong></span> 
     </span>
     <span class='ocr_line' id='line_1_39' title="bbox 145 5579 951 5639; baseline 0 -2"><span class='ocrx_word' id='word_1_450' title='bbox 145 5584 248 5639; x_wconf 81' lang='lat' dir='ltr'><strong>eertum.</strong></span> <span class='ocrx_word' id='word_1_451' title='bbox 297 5581 366 5637; x_wconf 86' lang='lat' dir='ltr'><strong>mbo</strong></span> <span class='ocrx_word' id='word_1_452' title='bbox 391 5582 464 5638; x_wconf 85' lang='lat' dir='ltr'><strong>torte</strong></span> <span class='ocrx_word' id='word_1_453' title='bbox 488 5579 624 5638; x_wconf 87' lang='lat' dir='ltr'><strong>monaehi</strong></span> <span class='ocrx_word' id='word_1_454' title='bbox 649 5579 819 5636; x_wconf 87' lang='lat' dir='ltr'><strong>monasterii</strong></span> <span class='ocrx_word' id='word_1_455' title='bbox 845 5579 951 5638; x_wconf 81' lang='lat' dir='ltr'><strong>Floria-</strong></span> 
     </span>
    </p>
   </div>
   <div class='ocr_carea' id='block_1_12' title="bbox 0 0 1944 6098">
    <p class='ocr_par' dir='ltr' id='par_1_12' title="bbox 0 0 1944 6098">
     <span class='ocr_line' id='line_1_40' title="bbox 0 0 1944 6098; baseline 0 1"><span class='ocrx_word' id='word_1_456' title='bbox 0 0 1944 6098; x_wconf 95' lang='lat' dir='ltr'><strong> </strong></span> 
     </span>
    </p>
   </div>
  </div>
 </body>
</html>
