3878 6098
67 363 123 422 iu
506 363 782 428 ursaeaunuu
804 364 907 427 uam
930 366 1184 437 curruca-
1198 368 1272 428 ua.
1295 367 1345 428 iv.
1722 374 1779 434 iae

66 495 158 553 fidem
177 495 323 562 nesciens,
338 494 450 568 legatos
465 494 601 554 fallentes
616 498 741 570 excipit,
758 503 787 553 et
802 502 900 571 utpote
914 500 941 568 A
957 498 1049 555 rebat.
1067 499 1184 555 Etcum
1200 502 1300 556 tecnas
1315 499 1390 570 (l23)
1414 499 1601 573 supperiores
1620 501 1783 561 effunderet

65 587 136 641 boni
153 585 900 658 alicujusnunticshumanissimehonorat.Perhos
953 589 997 655 ⁵⁸⁰,
1014 587 1170 661 gratulatio
1193 589 1261 645 inde
1277 606 1403 662 spesque
1427 589 1509 646 urbis
1533 592 1696 663 repetendae
1723 608 1782 649 uon

66 675 170 747 itaque
184 674 898 752 locumquooccursurietsibicollocuturiforent,
954 678 1211 734 modieeeratNec
1236 679 1328 734 multo
1354 685 1421 751 post
1442 679 1583 735 Arnullirs
1607 680 1781 737 adalberoni

64 764 248 820 letabundus
261 764 406 837 designat.
423 763 505 820 lllise
513 764 664 838 decepisse
672 764 765 833 letati,
780 764 897 822 haecdo-
953 765 1064 838 legatos
1078 766 1187 840 dirigit,
1205 766 1780 841 llaroligratiamsibiiudultamliherali·

67 853 149 908 mino
166 853 306 909 referunt.
324 852 377 919 Qui
389 852 692 911 talutiaesemiaarium
702 854 812 911 utiliter
822 855 899 928 posi·
953 860 998 911 ter
1014 855 1779 931 iudicat,etquecummultaambitioneexcipieudum

65 948 129 997 tum
136 942 341 1009 considerans,
349 941 699 999 alciorismachinamenti
710 943 897 1017 dolcsprodi·
952 942 983 999 in
999 944 1112 1000 urbem.
1129 944 1275 1001 Honorem
1292 962 1409 1018 quoque
1424 946 1535 1018 absque
1550 963 1632 1002 mora
1646 951 1778 1020 receptu-

66 1048 95 1086 re
111 1048 201 1103 posse
216 1031 352 1087 advertit.
370 1030 438 1086 Post
452 1029 513 1086 hec
527 1032 555 1086 iu
573 1030 668 1088 locum
685 1036 828 1089 statutum
840 1033 896 1089 sibi
952 1050 1029 1088 rum.
1045 1033 1127 1089 Unde
1142 1049 1195 1090 uec
1210 1050 1308 1090 moras
1324 1034 1440 1101 laceret,
1452 1035 1502 1089 sed
1518 1035 1780 1107 quantotiusadve-

66 1123 228 1175 occurrunt
245 1118 440 1192 ,amplexibus
455 1118 591 1191 pluribus
606 1125 693 1193 atque
712 1121 821 1178 osculis
840 1121 896 1178 sibi
952 1121 1037 1189 niret,
1054 1121 1219 1195 largitatem
1236 1121 1395 1196 pollicitam
1411 1128 1594 1196 experturus.

66 1207 319 1280 congratulantem
339 1212 436 1264 166166
455 1208 495 1264 ibi
516 1210 754 1266 demonstrantes
775 1211 896 1267 allectus
987 1212 1031 1266 44.
1048 1212 1180 1268 Adultera
1195 1213 1229 1247 ⁵⁹⁰
1252 1213 1387 1268 Korotum
1402 1220 1429 1268 et
1450 1213 1599 1285 Amulium
1621 1229 1778 1271 666661666-

66 1297 169 1364 enimi,
182 1301 215 1352 ut
230 1296 311 1353 nulla
326 1297 488 1368 simulatio,
504 1296 605 1354 nullus
620 1298 706 1355 delus
721 1299 877 1356 videretur.
952 1306 977 1355 to
990 1299 1131 1372 ⁵⁹⁰decipit
1140 1299 1333 1357 110,Α11611666ο
1342 1299 1663 1359 siuedeletioneiuloto
1672 1303 1779 1359 cousti-

99 1388 146 1442 42.
162 1385 342 1443 Adulteram
355 1387 389 1422 ⁸⁸⁶
403 1387 495 1444 dolosa
505 1388 761 1444 mrctinariottt.-
771 1388 808 1444 at
819 1392 897 1461 pest·
951 1387 1777 1463 16161166166161666116666116666666611.Α6611661661-

65 1492 156 1548 quum
173 1474 512 1548 satisemplexationum,
523 1475 693 1533 osculorum
708 1476 895 1534 satisfactum
951 1477 1047 1550 guitcr
1061 1483 1209 1549 exceptus,
1226 1493 1284 1533 non
1301 1476 1478 1534 mediocrem
1494 1477 1616 1534 letitiam
1638 1481 1777 1552 repperit.

65 1569 119 1631 est,
135 1564 284 1620 Adalbere
299 1581 389 1636 penes
404 1581 492 1637 quem
503 1564 780 1635 simulationiscolo,
791 1570 819 1622 et
836 1565 895 1622 doli
951 1565 981 1621 Si
997 1564 1068 1637 quid
1083 1566 1235 1623 discordia
1250 1567 1410 1639 precessit,
1434 1566 1488 1623 levi
1503 1570 1532 1623 et
1556 1584 1621 1624 raro
1643 1584 1777 1626 sermone

68 1670 140 1709 ouus
156 1658 232 1721 erat,
258 1653 410 1709 incautum
436 1653 477 1710 sie
493 1654 572 1727 prior
594 1653 766 1727 alloquitur:
788 1678 803 1706 «
815 1655 895 1711 ldem
949 1659 1060 1710 tactum
1076 1655 1561 1728 6661661666.1666666111616166
1586 1673 1651 1712 sese
1674 1658 1778 1715 exinde

67 1759 163 1810 casus,
179 1743 342 1814 eademque
358 1743 486 1812 fortuna,
502 1743 897 1817 ambosnosmaleperstrin·
950 1744 1078 1816 amplius
1101 1743 1268 1812 colendum,
1304 1744 1427 1801 diversis
1449 1744 1612 1802 rationibus
1636 1745 1775 1802 extulere.

67 1830 121 1903 git;
138 1831 220 1886 unde
235 1835 264 1888 et
279 1831 357 1888 idem
373 1831 529 1889 eonsilium
545 1834 704 1906 eademque
720 1833 793 1889 ratio
810 1833 895 1889 nobis
950 1831 1064 1895 Quanta
1079 1834 1167 1888 etiam
1183 1833 1378 1889 commoditas
1393 1833 1432 1888 sit
1447 1834 1600 1905 protutura
1612 1833 1636 1889 si
1646 1833 1777 1891 amicitia

67 1920 213 1993 captanda
233 1919 357 1976 videtur.
374 1921 473 1994 Nuper
488 1921 567 1978 enim
582 1925 668 1978 ambo
682 1922 768 1994 lapsi,
792 1940 843 1979 ves
858 1923 894 1979 ab
949 1921 1022 1977 bene
1038 1921 1082 1976 usi
1100 1921 1365 1993 sint,sepeuumero
1381 1921 1515 1979 retulere.
1532 1922 1646 1986 Quanta
1659 1938 1776 1996 quoque

67 2010 157 2080 gratia
173 2007 264 2082 regis,
281 2025 335 2082 ego
350 2026 368 2065 a
382 2008 480 2067 Karoli
496 2010 626 2066 amicitia
640 2011 744 2066 decidi.
769 2011 851 2068 Unde
867 2016 895 2069 et
948 2008 1051 2081 gloria,
1068 2008 1776 2083 quantuahoncr‚quantumpraesidiumNecnou

67 2115 139 2154 nuuc
154 2114 208 2154 vos
225 2098 342 2165 Karolc,
358 2115 411 2172 ego
426 2098 486 2172 regi
498 2101 589 2156 laveo.
602 2099 893 2168 lllevobis,istemihi
949 2102 977 2153 et
992 2096 1065 2154 illud
1082 2097 1205 2154 libatum
1222 2103 1276 2164 est,
1301 2098 1330 2154 in
1356 2098 1435 2154 brevi
1460 2098 1523 2155 lieri
1547 2115 1644 2171 pesse,
1668 2101 1696 2155 et
1715 2115 1776 2155 sue

67 2186 287 2259 promptissime
300 2187 401 2243 credit.
419 2187 448 2244 Si
463 2187 562 2260 itaque
577 2205 628 2260 per
637 2205 688 2244 uos
700 2188 796 2245 Karcli
812 2206 894 2245 amor
947 2185 1040 2257 partis
1053 2186 1278 2259 provectionem,
1304 2190 1332 2242 et
1351 2185 1479 2243 hostium
1505 2186 1776 2261 praecipitationem.

67 2276 132 2331 mihi
148 2275 337 2342 restituatur,
353 2277 430 2349 regis
440 2277 621 2348 gratiavobis
635 2278 893 2344 ueneberit.0uod
948 2274 1084 2347 Nihilque
1099 2274 1146 2331 his
1161 2276 1193 2311 ⁶⁹¹
1210 2276 1327 2331 obstare
1338 2293 1434 2349 posse,
1451 2276 1475 2332 ei
1491 2275 1554 2333 sola
1564 2275 1707 2333 Divinitas
1717 2294 1776 2332 uon

65 2365 181 2420 ellectu
195 2363 318 2420 difficile
333 2381 391 2420 nou
406 2365 470 2421 erit.
488 2365 891 2439 llerolumigiturconvenite,
947 2363 1097 2437 impediat.
1113 2365 1143 2420 Si
1158 2365 1630 2439 6616666616616666666666166,
1642 2366 1776 2438 quaudo-

67 2457 88 2506 et
101 2469 156 2524 pro
173 2452 264 2508 mesi
288 2452 361 2508 forte
381 2454 558 2510 concesserit
582 2459 672 2511 orate.
688 2455 729 2511 De
753 2455 809 2511 lide
824 2473 893 2530 erga
947 2469 1002 2521 que
1014 2453 1158 2522 loturum,
1173 2457 1205 2509 ut
1219 2470 1272 2526 per
1285 2470 1349 2510 sese
1365 2471 1410 2510 res
1422 2452 1773 2526 publicamultohouere,

67 2557 126 2596 eum
143 2541 296 2609 habenda,
320 2541 414 2599 multa
438 2542 532 2599 dicere
557 2560 614 2599 nou
637 2543 741 2600 inutile
762 2545 827 2600 erit.
851 2546 892 2602 De
947 2541 1040 2598 multa
1055 2541 1159 2614 gloria,
1175 2541 1342 2598 cumuletur
1356 2548 1385 2599 et
1399 2544 1508 2599 floreat.
1521 2543 1571 2600 llis
1582 2542 1668 2599 dictis
1678 2559 1774 2600 saura-

67 2630 170 2701 quibus
185 2630 210 2687 si
227 2630 298 2702 quid
314 2630 340 2687 ei
355 2630 478 2687 dubium
492 2632 589 2687 visum
606 2632 703 2700 suerit,
719 2637 785 2705 post
804 2632 891 2690 dicite
946 2635 1045 2686 urente
1061 2631 1116 2686 sibi
1132 2632 1236 2687 annexi
1253 2636 1333 2699 sunt,
1351 2635 1438 2704 atque
1454 2649 1471 2686 a
1487 2649 1517 2688 se
1533 2630 1667 2705 digressi.
1682 2630 1770 2689 Adai-

67 2719 250 2790 probaudum
267 2720 470 2776 sacramentis.
486 2720 517 2776 Si
533 2720 579 2777 his
595 2721 782 2793 episcopatus
797 2722 892 2779 reddi·
945 2719 1013 2776 bero
1028 2720 1088 2792 regi
1104 2736 1135 2775 se
1150 2719 1285 2787 contulit,
1302 2737 1366 2793 quae
1380 2723 1478 2794 egerat
1490 2719 1649 2793 explicans.
1670 2719 1768 2787 Quibu

66 2808 135 2863 derit
160 2808 264 2864 sedem
289 2808 388 2864 adsint
410 2814 579 2866 sauctorum
604 2809 744 2881 reliquia,
771 2816 890 2883 paratus
944 2825 993 2864 rex
1009 2809 1129 2876 auditis,
1146 2809 1296 2881 negotium
1309 2811 1462 2882 approbat,
1477 2809 1634 2865 Arnulfum
1649 2826 1767 2866 seuere·

66 2912 125 2953 snm
143 2897 236 2953 tidem
261 2898 365 2954 lacere.
381 2896 410 2952 si
431 2898 486 2954 hcc
501 2898 574 2954 satis
595 2899 651 2955 crit
668 2904 697 2954 et
720 2899 889 2967 reddiderit,
944 2901 1098 2969 ceptorum
1115 2897 1139 2953 si
1154 2898 1251 2954 veniat
1265 2896 1429 2970 pollicetur,
1444 2899 1508 2969 ejus
1519 2897 1722 2971 purgationem
1733 2898 1769 2956 de

62 2985 93 3041 de
131 2987 214 3059 regis
252 2987 348 3059 gratia
382 2986 544 3060 plurImum
589 2988 735 3044 confidite.
771 2988 801 3044 ln
835 2988 889 3047 hac
944 2987 1066 3058 objectis
1081 3003 1112 3044 se
1128 2992 1232 3060 sponte
1246 2987 1426 3044 auditurum.
1441 2988 1511 3044 11161
1526 2993 1602 3044 reete
1616 2991 1768 3062 purgetur,

62 3071 162 3148 lingna
174 3080 205 3131 et
220 3091 323 3144 manu,
339 3092 395 3148 pax
410 3076 467 3133 sita
481 3080 525 3133 est
541 3081 570 3132 et
582 3076 763 3134 dissidentia.
781 3078 890 3150 Regem
943 3093 1002 3132 noa
1018 3075 1123 3132 minori
1139 3077 1234 3148 gratia
1246 3093 1334 3149 quam
1350 3081 1418 3133 ante
1432 3077 1611 3146 habendum,
1627 3077 1769 3134 Adalbero

60 3165 157 3221 adibo.
172 3165 369 3221 Commodum
385 3166 533 3237 quoddam
548 3167 707 3238 spondebo,
733 3168 810 3239 quod
831 3184 888 3224 uon
943 3163 1004 3220 haec
1032 3164 1153 3220 Arnull'o
1182 3166 1279 3221 refert.
1305 3166 1412 3240 Regem
1437 3165 1614 3235 benivolum,
1640 3165 1770 3223 elemen-

60 3252 155 3308 sclum
172 3252 231 3309 sibi
245 3253 297 3309 sed
308 3258 337 3309 et
345 3255 470 3326 pesteris
485 3255 726 3328 sitproluturum.
743 3256 888 3313 Doloslla-
904 3239 925 3305 C
944 3256 1014 3321 tem,
1041 3253 1098 3310 sibi
1120 3255 1235 3311 asserit.
1260 3255 1335 3310 Eum
1358 3253 1447 3311 etiam
1476 3255 1540 3326 ejus
1563 3255 1769 3328 purgationem

58 3341 109 3397 roli
125 3348 289 3415 proteram.
306 3347 426 3400 incauto
438 3343 527 3400 nimis
538 3343 772 3417 metropolitano,
784 3347 889 3418 praeju·
942 3346 1045 3415 sponte
1058 3343 1158 3400 audire
1173 3342 1256 3410 velle,
1268 3346 1373 3416 suique
1388 3343 1516 3417 gratiam
1529 3344 1592 3400 sine
1606 3360 1689 3399 mora
1703 3344 1768 3400 red-

59 3431 166 3487 ditium
175 3431 289 3487 iactum
299 3448 445 3501 66666666,
458 3435 486 3488 61
500 3433 577 3505 quod
588 3434 705 3506 penitus
720 3433 775 3490 hoo
784 3440 889 3491 metro·

58 3521 226 3592 politanum
232 3521 369 3593 peniteat,
384 3520 522 3579 nonnulis
529 3522 889 3595 amplificationibusasse·

55 3611 176 3665 corabo.
193 3609 254 3666 Rex
268 3615 372 3683 suapte
380 3610 606 3679 mihicredulus,
624 3612 888 3685 hocgrutissimum

58 3697 194 3772 accipiet.
211 3699 248 3755 Et
262 3699 332 3772 quia
344 3699 405 3756 hac
420 3700 888 3775 ratioutrimqueagitabitur,duo

58 3788 219 3843 commoda
232 3787 399 3861 gignentur.
411 3789 452 3845 lla
467 3789 821 3862 quibusduobustertium
830 3791 889 3847 elu-

58 3876 146 3932 cebit.
164 3877 240 3933 Nam
267 3893 335 3932 cum
349 3880 377 3934 et
405 3878 488 3935 vobis
516 3879 611 3952 gratia
634 3896 748 3954 regum,
773 3880 888 3936 etmihi

59 3964 159 4021 lieroli
174 3967 324 4035 reddetur,
339 3984 392 4040 per
405 3985 458 4024 noa
473 3973 685 4042 consequenter
695 3968 820 4025 aliorum
836 3969 890 4023 uti-

59 4054 130 4111 litas
146 4056 377 4128 comparabitur.
389 4057 444 4113 Sed
451 4057 499 4113 hie
500 4058 564 4129 jem
577 4057 888 4130 verberumfinis;jum

60 4160 141 4199 nuuc
166 4144 246 4200 dicta
268 4143 353 4201 sactis
377 4145 546 4218 probentur.
573 4147 740 4219 «Datisque
764 4146 888 4204 strictim

61 4234 184 4303 esculis,
200 4234 349 4307 promissa
363 4234 485 4307 polliciti
500 4236 537 4292 ab
552 4253 583 4292 se
598 4236 721 4309 digressi
737 4241 807 4293 sunt
817 4238 860 4293 ⁵⁸⁷.

96 4325 143 4379 43.
168 4323 304 4394 arnoltus
321 4323 354 4359 ⁵⁸⁸
367 4340 419 4397 per
436 4326 623 4396 ignoruntium
635 4326 668 4361 “¹⁸
683 4326 817 4383 Kurotum
838 4343 890 4399 pa·

61 4421 157 4468 trum
168 4411 890 4488 ω66116611.-111661166116661661661666Α6161116·

64 4517 166 4558 rocem
178 4500 350 4575 magnificat
360 4502 695 4575 deceptoremnesciens‚
711 4503 890 4561 valdeetiam

942 3432 1020 3489 dere.
1038 3432 1119 3489 Unde
1133 3435 1199 3489 etei
1214 3450 1279 3489 esse
1289 3434 1544 3503 maturandum,et
1558 3433 1730 3506 quantotius
1738 3433 1768 3490 id

942 3522 1112 3594 petendum.
1128 3522 1211 3578 Otius
1226 3538 1294 3595 ergo
1309 3538 1406 3594 regem
1416 3522 1596 3592 adeundum,
1607 3540 1644 3579 ue
1654 3522 1768 3595 aliquo·

942 3627 1007 3665 rum
1024 3610 1108 3666 dolus
1123 3609 1279 3666 consilium
1305 3611 1470 3683 abrumpat.
1486 3611 1529 3666 Ad
1548 3627 1644 3683 regem
1668 3609 1768 3681 itaque

943 3700 1030 3755 ambo
1046 3698 1166 3771 proiecti
1180 3703 1259 3754 suut.

978 3789 1022 3843 45.
1039 3787 1178 3861 amalfia
1202 3787 1238 3843 ud
1259 3803 1349 3856 repom
1363 3788 1397 3822 ⁶⁰²
1419 3787 1625 3843 6666616111111
1648 3788 1769 3856 qratiam

942 3878 975 3933 61
997 3878 1031 3912 ⁶⁰¹
1053 3893 1084 3934 eo
1107 3877 1142 3912 ⁶⁹²
1166 3884 1324 3948 accepterus
1345 3877 1388 3931 ω’.
1405 3907 1440 3916 -
1453 3874 1595 3933 Amulius
1618 3876 1768 3932 admissus

943 3965 1013 4039 regi,
1030 3966 1066 4021 ab
1078 3982 1112 4022 eo
1127 3964 1261 4022 osculum
1277 3964 1397 4038 accepit.
1415 3965 1448 4021 111
1464 3982 1531 4021 cum
1542 3965 1578 4021 de
1588 3963 1710 4037 objectis
1720 3963 1771 4020 ali·

944 4072 1033 4128 quam
1047 4054 1215 4127 purgationi
1230 4071 1348 4128 oporam
1364 4054 1433 4110 dare
1450 4054 1545 4120 vellet,
1561 4071 1612 4111 rex
1635 4052 1691 4109 sibi
1706 4053 1769 4110 aul·

943 4144 1029 4199 ficere
1053 4143 1136 4210 dixit,
1155 4147 1188 4198 ut
1211 4142 1396 4216 apraeteritis
1421 4144 1594 4216 quiesceret,
1620 4148 1648 4200 et
1667 4143 1770 4199 exinde

944 4232 1000 4289 sibi
1016 4233 1104 4288 tidem
1120 4231 1326 4289 iuviolabiliter
1340 4237 1477 4289 servaret.
1494 4233 1563 4289 Sese
1578 4232 1695 4305 penitus
1710 4248 1768 4288 nou

944 4322 1079 4394 ignorare
1104 4320 1244 4378 Karolum
1267 4320 1364 4377 eivim
1390 4321 1536 4388 intulisse,
1561 4325 1724 4376 etsumma
1738 4319 1768 4376 id

944 4410 1160 4469 necessitudine
1175 4411 1296 4476 lactum,
1308 4413 1341 4466 ut
1351 4411 1386 4466 ad
1393 4413 1534 4481 tempusa
1548 4424 1580 4464 se
1594 4408 1766 4477 discederet,

945 4504 973 4556 et
985 4498 1089 4556 llarolo
1104 4498 1194 4555 etiam
1209 4497 1312 4555 nolens
1328 4498 1445 4554 faveret.
1462 4496 1517 4552 Sed
1531 4495 1600 4569 quia
1615 4496 1644 4552 id
1655 4496 1766 4553 lactum

62 4591 252 4662 profuturum
267 4590 382 4661 asserit,
398 4592 546 4666 iidemque
561 4598 744 4650 servaturum
754 4597 889 4650 testatur.
905 4607 928 4672 Ι)
944 4593 1015 4658 6661,
1030 4589 1107 4662 quod
1118 4587 1286 4644 labefactari
1302 4603 1361 4643 noo
1375 4589 1498 4659 poterat,
1515 4584 1609 4642 multa
1619 4585 1730 4642 ratione
1740 4586 1767 4643 ei

63 4679 196 4735 'laudem
212 4680 243 4735 in
257 4696 291 4736 eo
306 4679 346 4736 nil
361 4680 555 4739 dubitandum
571 4683 712 4740 seductus
722 4683 888 4757 persuadet.
943 4679 1188 4745 essevidendum,
1204 4676 1361 4732 utamissae
1378 4674 1459 4732 urbis
1483 4675 1645 4749 dampnum
1669 4673 1768 4749 aliquo

66 4768 201 4834 11666166,
218 4768 316 4842 nepoti
330 4769 441 4838 favens,
457 4787 521 4827 sese
537 4771 566 4826 id
582 4772 727 4828 lecturum
754 4773 888 4846 spondet,
944 4768 1030 4823 modo
1046 4766 1204 4840 suppleret.
1220 4766 1250 4821 Si
1265 4765 1367 4821 urbem
1383 4764 1490 4820 hebere
1505 4768 1538 4820 61
1552 4773 1617 4820 ante
1632 4781 1689 4821 non
1700 4781 1768 4837 pos·
1863 4845 1865 4850 Ι

66 4857 268 4930 episcopatum
283 4858 326 4915 sic
339 4859 523 4916 redditurum
539 4877 598 4916 non
609 4861 720 4918 abnuit.
737 4860 812 4917 Dum
828 4861 890 4919 baec
944 4861 998 4923 set,
1015 4856 1118 4913 saltem
1135 4853 1272 4911 Karclum
1288 4855 1324 4911 ad
1340 4871 1371 4910 se
1384 4854 1509 4911 transire
1533 4853 1651 4920 1666661,
1677 4858 1720 4919 61,
1736 4870 1767 4910 66

67 4945 143 5017 apud
158 4944 889 5022 llnrolumfidelitererdinabantur,Adalberoapud
943 4945 1153 5011 consentiente,
1170 4943 1248 5017 qued
1263 4948 1429 5016 pervaserat
1442 4946 1563 5001 teneret.
1579 4944 1644 5000 Hac
1658 4946 1687 4999 et
1704 4958 1767 4997 am·

70 5049 163 5107 66366]
179 5035 216 5092 de
230 5035 335 5093 Kamlc
350 5040 379 5093 et
391 5038 659 5112 Arnulleurbisque
671 5038 889 5113 captionequa·
944 5035 1038 5108 pliora
1051 5032 1192 5090 arnulfus
1207 5049 1271 5090 sese
1291 5034 1436 5090 facturum
1461 5031 1625 5107 pollicetur,
1649 5034 1766 5087 tantum

737 5181 857 5239 VARIAE
876 5176 1085 5236 LllC'l'lONllS.

103 5297 347 5383 “adelberonis
365 5298 615 5385 machinabarisu.
653 5301 686 5337 m
702 5299 911 5385 abscesserunt
924 5312 1008 5369 sopra
1020 5293 1108 5367 posito
1123 5290 1160 5349 ab
1176 5309 1207 5350 se
1222 5291 1346 5420 digressi
1362 5289 1533 5398 suutcgdea.
1570 5289 1765 5376 ⁵⁸⁸Aruullus,

74 5370 930 5519 ᾗ]8616816116.ιὲαὲθῶ,αξζιῖῗῆειέἔζῖερέἷὲἒτᾳδὲΠυ6116661
953 5367 1046 5425 ceder.
1084 5365 1234 5437 111166,
1274 5365 1412 5437 ,ciccae
1506 5376 1549 5419 eis
1571 5377 1655 5438 66666
1675 5371 1766 5439 pesato

858 5556 973 5623 NO'lAE.

102 5657 289 5743 (12111666,
303 5662 392 5725 uas.
