3878 6098
186 317 249 387 lla
741 313 900 379 ardebat
923 316 955 378 S.
980 313 1133 377 aaaron
1155 311 1346 377 MONAGHI.
1840 313 1900 407 ill

185 458 223 529 ‚ut
239 449 315 527 regis
329 449 423 523 gratia
436 448 491 504 sibi
509 448 656 511 reddatur,
673 454 701 503 et.
726 447 786 519 ipse
804 449 880 519 apud
901 465 967 503 carru
985 452 1017 503 ut
1033 450 1058 517 Α
1074 446 1138 513 stis,
1157 445 1298 518 nobisque
1311 443 1502 500 eukaristiam
1526 444 1707 517 porrexistis,
1733 444 1901 518 aliquorum

192 536 437 612 metropolitanus
452 537 620 593 honoretur.
638 537 830 609 llcxgratiam
845 535 978 604 indulsit,
990 539 1018 590 et
1072 551 1267 591 susurronum
1278 533 1446 595 ¹calumnias
1463 533 1513 607 qui
1527 533 1609 590 robis
1625 534 1775 591 fidendum
1793 539 1903 609 negant

193 627 400 703 utplurimum
418 644 516 684 coram
532 643 563 683 se
576 626 717 682 honorem
734 623 1015 681 haberetconcessit.
1071 623 1264 695 vilipendens,
1282 640 1348 678 eum
1374 623 1463 679 instet
1478 623 1541 678 dies
1565 622 1711 695 passionis
1733 623 1848 678 Domini
1873 630 1903 680 et

192 717 273 776 Unde
289 721 317 773 el
330 717 439 772 tactum
455 720 509 787 est,
535 714 609 770 utin
628 715 749 787 prandio
773 715 819 768 die
836 715 936 768 eadem
958 713 1017 786 regi
1066 713 1227 770 'salvatoris
1243 715 1334 769 nostri
1347 714 1418 772 Jesu
1432 713 1550 780 Christi,
1568 713 1781 770 bocvaseulum
1798 722 1901 775 restra

192 806 303 875 dexter,
329 805 472 863 Adalbero
496 805 602 878 regine
624 804 705 859 levus
730 803 879 858 resideret.
906 803 956 857 llis
978 803 1019 857 ita
1072 803 1206 876 dignitati
1224 809 1335 876 aptum,
1360 819 1428 858 cum
1443 803 1510 858 vino
1536 807 1564 858 et
1579 819 1653 875 pane
1678 802 1801 857 infracto
1817 801 1900 858 vohis

193 912 257 953 sese
271 894 459 960 habentibus,
474 893 614 949 Amulius
629 893 665 947 ab
680 909 746 965 rege
758 892 886 947 dimotus
901 896 953 946 est.
967 890 1018 946 bli-
1072 891 1197 965 porrigo.
1216 892 1274 947 lice
1290 890 1462 964 poculumin
1472 891 1703 961 signobabeudae
1714 893 1900 947 etserranda

193 1001 255 1041 ram
272 984 348 1060 regis
365 981 587 1038 benivolentiam
603 980 708 1036 Karoia
731 980 878 1035 indicarit.
904 982 1018 1046 Quanto
1072 981 1139 1036 fidei
1156 980 1271 1036 ebibite.
1289 980 1318 1036 Si
1333 997 1399 1036 vero
1415 980 1501 1035 tidem
1518 995 1631 1036 servare
1645 979 1742 1034 animo
1759 997 1817 1035 non
1829 984 1899 1049 slat,

192 1089 308 1146 quoque
324 1071 432 1127 bonore
448 1070 525 1143 apud
541 1087 606 1125 curn
621 1070 740 1125 habitus
756 1068 795 1124 sit
807 1068 965 1141 explicans,
982 1070 1018 1124 de
1072 1069 1175 1142 poculo
1191 1070 1310 1142 parcite,
1328 1087 1363 1125 ne
1379 1068 1556 1124 horrendam
1567 1068 1650 1125 Judar
1664 1068 1822 1139 proditoris
1837 1085 1902 1139 spe·

192 1162 255 1235 ejus
271 1159 364 1236 gratia
377 1158 539 1235 plurimum
562 1157 751 1232 gloriabatur.
768 1159 790 1212 ll
806 1175 863 1231 quo
888 1162 1018 1229 tompore
1072 1160 1145 1214 ciem
1172 1158 1314 1214 reseratis.
1340 1158 1401 1221 Quo
1426 1158 1639 1230 respondente:
1659 1155 1806 1224 Craterem
1828 1158 1900 1213 reei-

192 1248 268 1323 regis
280 1251 309 1305 el
323 1247 420 1325 ¹Karoli
431 1247 696 1303 reconciliationem
706 1252 792 1318 atque
804 1247 929 1302 tererem
939 1263 1017 1318 qure-
1072 1246 1162 1320 piam,
1179 1252 1207 1302 et
1222 1252 1323 1319 potum
1338 1247 1429 1302 libere
1443 1245 1576 1302 ebibam!
1595 1268 1609 1295 «
1628 1245 1747 1301 llarolus
1758 1263 1825 1301 mex
1837 1263 1900 1325 pm-

191 1339 283 1399 rebat.
1072 1341 1203 1404 secutus,
1218 1336 1386 1391 addendum
1401 1335 1474 1390 dixit
1495 1351 1502 1390 ε
1518 1343 1543 1391 el
1557 1335 1637 1405 fidem
1650 1333 1819 1413 [midrallle
1841 1335 1900 1398 ebi-

227 1428 271 1482 lo.
301 1427 427 1498 Exceptio
452 1426 485 1460 ²³⁹³
508 1424 715 1481 dilotberoru'so
732 1425 831 1480 Karolo
853 1425 1017 1490 ³⁹³—Que
1072 1427 1418 1497 bensprosceutus,est:
1437 1424 1902 1496 etfidemsecieouolicqaincam

191 1500 261 1590 dum
278 1513 320 1569 sic
333 1530 396 1569 sese
412 1513 561 1579 haberent,
585 1512 727 1567 adalbero
743 1530 759 1567 a
776 1529 841 1584 rege
867 1512 1017 1585 digressus
1070 1515 1140 1571 ludo
1156 1517 1308 1570 inteream!
1325 1515 1359 1569 lat
1384 1512 1478 1569 multa
1497 1512 1544 1568 his
1567 1510 1677 1568 similia
1701 1514 1900 1570 anathematis

191 1607 245 1670 est,
263 1600 459 1674 llarolumque
475 1605 585 1675 petens,
604 1601 737 1656 Lauduni
755 1600 848 1655 multa
859 1601 1017 1656 ambitione
1071 1602 1157 1658 verba
1172 1603 1345 1657 cenantibus
1360 1602 1450 1658 dedit.
1468 1602 1529 1657 Nox
1544 1600 1634 1656 futuri
1651 1600 1748 1657 luctus
1759 1605 1788 1656 et
1804 1601 1899 1672 prodi-

190 1694 329 1767 exceptas
344 1676 455 1746 estad
474 1707 504 1745 se
521 1691 565 1745 sui
587 1691 718 1762 redeunt,
737 1692 786 1762 qui
813 1695 879 1746 ante
894 1691 930 1745 ab
947 1691 1017 1747 urbe
1071 1691 1160 1747 tionis
1172 1689 1576 1754 consi-iainstabalQuietum
1588 1690 1831 1745 irecenslitutum
1844 1694 1898 1759 est,

190 1779 384 1840 exulaverant.
401 1780 471 1834 Rern
487 1779 662 1834 familiarem
679 1784 708 1834 ut
726 1785 792 1835 ante
808 1780 1016 1852 disponentia
1073 1779 1292 1852 dormitumque
1307 1780 1335 1835 in
1353 1797 1447 1834 niune.
1464 1778 1607 1835 Adalbero
1623 1780 1668 1834 sui
1680 1779 1739 1834 doli
1751 1770 1898 1848 conscius,

190 1868 271 1925 nullo
287 1869 465 1936 dubitantes,
482 1873 511 1924 el
524 1885 626 1941 pacem
644 1869 832 1942 postmodum
853 1874 1015 1940 sperantes.
1071 1870 1286 1925 ‹ltrrmientibus
1302 1868 1402 1925 liarole
1418 1867 1593 1936 otherwise,
1611 1868 1723 1943 gladios
1739 1872 1769 1924 et
1783 1858 1901 1926 armaa

190 1957 305 2017 Clarum
321 1944 408 2032 quem
423 1957 572 2022 amiserat,
589 1957 700 2026 revisit,
723 1958 807 2031 eique
828 1958 1015 2031 conrpalitur,
1071 1959 1217 2031 capitibus
1246 1975 1346 2014 eorum
1379 1957 1497 2023 amovit,
1524 1956 1717 2030 latibulisque
1749 1957 1902 2014 mandarit

189 2046 383 2103 benivolentia
398 2046 532 2119 spondet,
549 2050 582 2101 ut
597 2064 613 2102 a
628 2062 659 2101 se
676 2063 731 2100 non
756 2046 893 2101 «deficiant
916 2046 1015 2102 herta·
1071 2048 1166 2118 (liert.
1183 2049 1239 2116 30).
1257 2047 1436 2102 Hostiarium
1452 2045 1542 2118 hujus
1557 2045 1616 2101 doli
1640 2045 1775 2118 ignaram
1801 2062 1898 2124 accer-
1918 2056 1924 2061 “

189 2140 246 2192 tur.
263 2124 422 2209 Postquam
438 2134 510 2191 satis
524 2134 661 2207 colloquii
675 2153 742 2190 cum
763 2136 825 2191 suis
850 2136 962 2204 habuit,
979 2137 1015 2191 de

187 2225 343 2283 securitate
359 2225 424 2281 fidei
441 2228 469 2280 ct
484 2224 576 2292 urbis,
593 2241 608 2278 a
628 2224 730 2278 llarole
755 2224 934 2279 convenitur.
961 2224 1014 2288 Qui

187 2316 261 2386 (tal)
277 2314 318 2370 sic
333 2330 419 2368 orsus
434 2313 536 2384 coepit:
554 2336 566 2360 α
585 2311 725 2375 Quoniam
742 2312 893 2379 Divinitas,
909 2313 937 2367 in
954 2331 1014 2368 onr-

188 2386 456 2458 nibus'miscricors
473 2400 644 2455 etiamdum
667 2400 761 2472 punit,
786 2400 1013 2457 misericorditer

187 2494 334 2563 operatur,
347 2490 429 2561 justo
445 2489 509 2560 ejus
525 2487 632 2560 juditio
659 2505 704 2543 me
720 2493 748 2543 et
763 2488 908 2559 abjectum
925 2495 953 2545 et
968 2508 1012 2546 re-

188 2583 304 2653 ceptum
319 2594 473 2652 cognosce.
488 2577 765 2649 Ejusrequitatehac
781 2577 907 2634 urbeme
917 2596 1013 2636 excer·

186 2672 270 2743 ptum
286 2667 420 2734 arbitror,
436 2669 501 2739 ejus
510 2665 698 2740 benignitate,
709 2667 786 2738 quod
799 2672 932 2739 superest
942 2685 1011 2741 prae·

185 2755 284 2814 stolor.
301 2761 402 2829 Ipsum
418 2756 516 2822 eliam,
534 2772 583 2811 ros
596 2759 625 2810 et
641 2754 907 2812 haneurbrmrnihi
918 2758 1011 2812 reddi·

185 2846 265 2903 disse
280 2845 393 2919 opinor.
408 2846 431 2899 Α
451 2844 509 2900 beo
526 2846 625 2916 itaque
637 2843 794 2912 redditum,
805 2844 877 2900 mihi
890 2846 1009 2921 adjungi

185 2951 293 3006 quero,
310 2934 427 2989 Adsunt
441 2938 552 3001 sancta,
564 2932 1009 3005 superponitedexteram,ddem

1070 2137 1158 2204 siens,
1175 2154 1294 2191 cursum
1312 2134 1482 2203 accelerare,
1499 2138 1528 2190 et
1543 2134 1690 2206 quendam
1707 2152 1829 2190 suorum
1850 2152 1897 2190 ac-

1069 2225 1176 2280 cersire
1186 2221 1667 2296 jubet,ostiumseseserratarum
1681 2222 1896 2296 interirnpolli·

1068 2331 1146 2369 cens.
1173 2314 1233 2377 Quo
1259 2314 1401 2386 digresso,
1426 2310 1569 2367 adalbero
1594 2311 1622 2366 in
1644 2313 1707 2385 ipso
1729 2311 1804 2368 ostio
1831 2328 1896 2368 sese

1069 2403 1198 2458 medium
1216 2403 1287 2468 dail,
1304 2401 1436 2475 gladium
1453 2401 1509 2456 sub
1524 2405 1603 2457 reste
1619 2404 1731 2457 lenens.
1756 2401 1809 2456 Cui
1827 2418 1894 2457 mox

1067 2490 1111 2545 sai
1129 2490 1310 2556 assistentes,
1327 2494 1426 2563 utpote
1441 2489 1531 2561 hujus
1558 2489 1694 2545 facinoris
1718 2490 1844 2556 conscii,¹
1855 2490 1893 2546 ab

1066 2579 1210 2634 adalbero
1234 2596 1336 2635 omnes
1360 2577 1521 2634 intromissi
1546 2583 1625 2634 sunt.
1648 2577 1767 2641 llarolus
1789 2583 1819 2633 et
1838 2566 1892 2658 Ar·

1065 2667 1316 2723 nullusmalutino
1326 2685 1428 2724 somno
1437 2665 1568 2739 oppressi
1578 2666 1891 2747 quiescebant.Ceram

1065 2758 1173 2830 quibus
1188 2774 1254 2812 cum
1271 2757 1370 2813 hostes
1396 2757 1470 2812 sacto
1496 2757 1611 2831 agmine
1634 2756 1779 2823 adessent,
1804 2742 1893 2813 atilli

1065 2846 1256 2919 expergefacti
1273 2845 1455 2902 adversarios
1471 2845 1673 2913 advertissent,
1687 2845 1792 2901 alectis
1802 2846 1894 2921 prosi·

1065 2935 1179 3003 tientes,
1195 2939 1223 2990 et
1239 2951 1320 2989 arma
1335 2933 1629 3007 capessereuitentes,
1640 2951 1692 2990 nec
1702 2918 1892 3017 reperientes.

186 3027 399 3087 coutraomnes
413 3022 562 3095 spondete.
570 3023 704 3095 Exceptio
714 3021 794 3077 nulla
806 3023 869 3090 iret,
886 3024 911 3078 si
922 3024 1008 3080 vultis
1064 3030 1190 3097 querunt
1206 3023 1347 3096 quidnam
1364 3024 1527 3078 matutinus
1540 3022 1745 3079 eorumalt'erat
1757 3029 1890 3081 eventus.

186 3111 259 3167 mihi
279 3128 375 3167 eomes
396 3112 469 3168 ficri.
496 3134 509 3160 a
532 3109 581 3166 llle
603 3111 648 3165 sui
667 3111 724 3166 reti
745 3111 848 3168 aridus
868 3112 1008 3185 quicquid
1063 3112 1204 3169 adalbero
1220 3130 1301 3168 vero:
1319 3135 1333 3162 «
1350 3113 1492 3176 Quoniam
1509 3111 1604 3184 inquit
1619 3129 1713 3167 arcem
1728 3100 1896 3183 hancmilii,

185 3195 331 3275 expetitur
345 3201 479 3275 spondet.
496 3201 590 3272 Super
604 3204 705 3255 saneta
721 3200 851 3256 dextram
867 3202 1006 3270 extendit,
1023 3188 1044 3252 (i
1064 3219 1156 3274 nuper
1169 3200 1364 3274 surripuistis,
1380 3205 1408 3256 et
1423 3201 1459 3256 ab
1475 3217 1508 3256 ea
1518 3199 1634 3256 exulem
1646 3201 1726 3257 abire
1739 3202 1888 3275 coegistis,

185 3306 242 3346 non
258 3289 366 3345 veritus
388 3291 488 3363 jurare
511 3288 718 3360 quodcumque
741 3288 924 3362 propositum
942 3291 1006 3346 luit.

185 3377 265 3438 Unde
280 3382 309 3435 et
322 3378 435 3433 cunctis
460 3376 606 3441 credulus,
624 3376 696 3432 nulli
722 3382 876 3450 suspectus
894 3379 957 3434 luit.
975 3379 1006 3435 In

183 3465 263 3524 nullo
279 3466 393 3541 negotio
409 3483 557 3539 equoque
572 3466 738 3522 vitaturlte
754 3467 826 3522 urbe
836 3468 1004 3536 munienda,

180 3555 244 3631 ipse
259 3555 398 3630 queritat
414 3554 566 3611 deliberat.
583 3554 721 3611 Omnium
738 3573 858 3612 causam
875 3555 1006 3612 sciscita-

180 3650 237 3702 tur.
252 3644 305 3702 Pro
319 3644 457 3701 omnibus
473 3644 627 3700 consultat.
645 3647 738 3710 Quare
754 3643 871 3718 ignotus
885 3649 1005 3702 cunctos

178 3734 275 3793 latuit.

213 3826 257 3880 47.
273 3825 480 3896 Comprehcrraio
494 3824 528 3859 ⁵⁰⁸
541 3824 640 3880 dorreti
653 3824 687 3878 ob
708 3823 888 3880 odaldcreur.
906 3857 939 3864 —
955 3829 1005 3879 ln-

178 3915 256 3968 terea
270 3929 337 3969 cum
348 3912 443 3969 liaroli
457 3911 1004 3986 suorumquehabitumpenitusperri·

1062 3294 1090 3346 el
1104 3307 1155 3346 ros
1170 3290 1238 3346 hinc
1253 3289 1390 3345 dissimili
1407 3294 1506 3345 tamen
1523 3290 1640 3346 fortuna
1650 3289 1811 3362 pellemini.
1829 3293 1888 3369 Ego

1061 3379 1138 3437 enim
1156 3379 1263 3452 proprii
1277 3379 1354 3450 juris
1370 3378 1508 3435 remansi.
1524 3377 1581 3434 Vos
1596 3377 1690 3435 alieno
1705 3374 1856 3436 subibitis.
1874 3402 1887 3430 r

1060 3469 1102 3522 Ad
1119 3468 1172 3523 hcc
1190 3467 1322 3530 llarolus:
1340 3491 1352 3518 a
1368 3469 1409 3522 An
1427 3465 1532 3540 inquil,
1549 3484 1565 3523 o
1581 3467 1726 3540 episcope,
1744 3466 1887 3539 hesternai

1061 3573 1137 3612 ceam
1155 3573 1267 3612 memor
1282 3557 1323 3612 sis
1337 3556 1451 3611 ninium
1472 3555 1572 3623 miror,
1584 3557 1645 3611 Non
1658 3573 1726 3629 ergo
1737 3557 1803 3631 ipsa
1814 3557 1888 3613 Diri·

1061 3644 1161 3702 nitatis
1177 3645 1336 3701 reverentia
1348 3643 1887 3716 inhibebit?Nihilnejussacrameuti?

1060 3735 1136 3791 Nihil
1154 3735 1295 3791 hesternae
1311 3752 1388 3790 cena
1409 3733 1599 3807 imprecatio?
1616 3757 1629 3783 »
1644 3734 1680 3789 at
1694 3733 1747 3789 hec
1773 3735 1884 3803 dicens,

1060 3841 1188 3897 preceps
1203 3824 1232 3878 in
1248 3823 1361 3879 bostem
1380 3824 1480 3880 fertur.
1496 3822 1586 3887 Quem
1604 3823 1759 3886 furentem,
1781 3818 1885 3880 armati

1059 3913 1254 3979 circumdant,
1271 3910 1884 3986 atqueiulcctumrepulsumcomprimunt.

177 3996 279 4068 disset,
295 4015 359 4056 sese
374 4000 462 4055 eliam
480 3999 551 4056 nulli
566 4017 631 4056 esse
647 4005 816 4073 suspectam
833 4001 914 4058 dolos
925 4003 1000 4058 mul-
1058 4003 1115 4058 Nec
1131 4002 1230 4057 minus
1245 4000 1400 4058 Arnullum
1416 4001 1587 4074 pervadunt.
1604 4002 1681 4066 Quos
1696 4001 1885 4075 comprehen-

177 4083 305 4144 tilariam
321 4088 528 4159 pretendebat,
544 4091 576 4143 ut
591 4092 619 4143 ct
635 4090 736 4144 urbem
753 4089 807 4144 sibi
820 4091 962 4158 redderet,
974 4096 1003 4148 et
1057 4109 1115 4158 sos,
1133 4092 1161 4146 in
1178 4091 1279 4146 cadem
1295 4090 1369 4146 turri
1384 4089 1550 4147 includunt.
1566 4089 1682 4145 'lhrrrim
1694 4106 1812 4162 quoque
1824 4090 1883 4147 cla·

177 4174 315 4253 llarolurn
330 4176 393 4253 regi
408 4180 527 4249 captum
542 4177 679 4232 traderet.
696 4177 790 4232 llaroli
805 4178 903 4251 itaque
918 4179 1003 4237 collo·
1055 4180 1141 4235 vibus
1156 4184 1184 4236 et
1199 4178 1661 4253 serisrepagulisquecustodibus
1673 4178 1884 4236 adhibitismu·

176 4265 246 4342 qtaio
262 4265 355 4321 utitur
369 4265 486 4338 sapius,
503 4263 726 4321 benivolentiam
742 4266 851 4337 profert
861 4284 906 4321 arn
911 4267 999 4340 plius.
1056 4266 1149 4322 uiant.
1167 4267 1248 4322 Unde
1263 4284 1329 4322 cum
1341 4268 1451 4322 elamor
1464 4266 1650 4335 seminarum,
1663 4282 1882 4341 puerorumque

174 4355 245 4412 Sese
260 4370 376 4429 quoque
392 4354 416 4410 si
433 4358 563 4428 oporteat
578 4352 770 4409 sacramentis
792 4355 884 4429 inagis
909 4357 999 4412 strin·
1055 4354 1188 4412 simulet
1213 4355 1388 4411 famulorum
1416 4354 1547 4411 ululatus
1570 4355 1601 4411 in
1616 4352 1721 4411 coelum
1745 4356 1879 4424 lammae,

173 4445 302 4517 gendum
318 4445 416 4514 odera
433 4447 515 4500 tanta
537 4441 649 4498 cautela
674 4441 843 4498 calliditatis
867 4462 950 4514 usus,
966 4451 1000 4502 ut
1054 4445 1130 4502 circs
1145 4462 1196 4517 per
1212 4446 1312 4501 urbem
1329 4445 1437 4500 turbati
1453 4449 1482 4500 et
1495 4443 1688 4517 expergefacti
1707 4449 1786 4501 sunt.
1811 4436 1880 4509 Oui·

173 4533 293 4588 omnino
309 4533 409 4589 dolum
424 4531 621 4589 simulationis
636 4530 731 4588 colere
744 4532 900 4591 obvelaret.
918 4535 999 4591 Unde
1015 4556 1037 4622 D
1053 4551 1180 4608 cumque
1197 4534 1289 4590 llaroli
1305 4533 1880 4608 partibuslavebant‚moxprolugiosesc

173 4636 239 4676 cum
254 4626 338 4679 nocte
354 4622 480 4694 quadam
493 4621 849 4679 interccnandumhilaris
861 4623 1000 4680 resideret
1052 4624 1259 4679 liberaverunt.
1284 4623 1365 4689 Quod
1388 4622 1476 4678 etiam
1506 4623 1553 4677 vix
1578 4622 1687 4678 laetum
1712 4620 1777 4678 luit.
1803 4623 1880 4693 Nam

173 4709 999 4784 (dlort.29)‚Caroluscratercmaureuminquopanemiu-
1052 4730 1120 4769 cam
1136 4730 1208 4786 pene
1224 4712 1319 4768 adhuc
1336 4713 1479 4785 tugerent,
1496 4711 1597 4767 statim
1609 4715 1668 4767 tota
1677 4710 1777 4767 civitas
1792 4711 1881 4787 obdr-

170 4798 297 4873 fregerat
311 4800 436 4871 vinoque
451 4803 661 4873 temperaverat
669 4804 782 4869 tenens,
794 4804 860 4873 post
871 4800 997 4858 mullum
1052 4802 1127 4858 mari
1138 4803 1174 4858 ab
1189 4801 1369 4857 adalberone
1381 4803 1467 4874 jussa
1481 4805 1535 4866 est,
1552 4804 1584 4856 ut
1603 4816 1706 4857 omnes
1730 4817 1805 4873 quos
1821 4800 1881 4858 sibi

170 4884 330 4961 cogitatum
347 4888 372 4943 ei
399 4887 518 4942 obtulit:
537 4888 708 4951 «Quoniam
734 4890 871 4963 inquiens
886 4908 919 4946 ex
946 4909 997 4964 pa·
1052 4893 1189 4947 adversos
1207 4890 1332 4963 putabat
1345 4889 1616 4963 comprehenderet.
1640 4888 1758 4952 Quarsiti
1783 4889 1879 4960 luere,

170 4979 248 5034 trum
265 4976 390 5034 decretis
401 4975 514 5050 palmas
526 4977 996 5052 etfrondeshodiesanctilicastis,
1052 4998 1104 5037 nec
1120 4979 1235 5052 reperti.
1253 4978 1423 5035 subductus
1438 4982 1484 5034 est
1499 4982 1527 5034 et
1543 4976 1637 5034 llaroli
1654 4977 1733 5034 illius
1748 4976 1879 5053 biennis,

169 5070 255 5140 atque
268 5066 383 5139 plebem
398 5066 431 5102 ⁶⁹³
447 5065 538 5121 sacris
564 5065 818 5124 benedictionibus
843 5086 996 5126 eonsecra-
1051 5069 1143 5144 patris
1156 5067 1331 5124 vocabulum
1347 5067 1468 5135 habens,
1484 5071 1513 5123 et
1526 5066 1878 5140 acaptiritateliberatas.

845 5236 965 5294 VARIAE
984 5237 1191 5296 ascalonas,

200 5351 233 5395 Μ
248 5350 437 5423 plia-Karoia
452 5351 568 5408 almiro.
610 5352 643 5388 ⁵⁹⁸
658 5349 761 5409 hensio
776 5351 921 5412 odoricum.
959 5357 992 5392 ⁵⁹⁵
1007 5350 1149 5431 populum
1163 5357 1332 5429 superposito
1347 5355 1471 5430 plebem.

953 5506 1069 5568 NOTAE.

196 5595 270 5683 (tal)
285 5597 352 5660 sort.
371 5599 502 5658 llarolus.
