3878 6098
110 323 171 395 m
552 323 614 401 ,DE
631 322 770 394 enanis
792 320 913 387 CPlSC·
935 318 1326 394 Aminaion-Paua
1348 319 1375 387 l.
1759 322 1821 397 dli

108 454 252 534 gregibus
257 454 779 533 porcorumbesilicaedominiluliani
790 455 938 531 martvris,
953 455 981 525 Α
995 454 1111 529 gnitate.
1125 455 1267 513 ¹Preterea
1282 455 1364 512 dedit
1379 457 1407 511 et
1417 451 1546 512 basilicae
1559 453 1652 512 sancti
1667 453 1819 517 Saturnini

107 547 162 609 arbi
178 545 354 621 Niginaldus
367 547 442 604 Alba
456 553 594 621 praerat3
610 547 710 605 villam
720 548 750 604 in
762 564 836 621 pago
850 547 941 605 Wati-
994 544 1142 617 martyris‚
1159 563 1222 619 qua
1238 549 1283 602 est
1298 545 1356 601 sita
1370 545 1400 600 in
1413 544 1582 602 suburbano
1593 543 1742 601 Tolosaua
1757 545 1824 603 civi·

107 635 940 710 neomquaeappellaturplausionesneudnalui,suivil-
993 634 1063 691 tatis
1091 633 1202 702 villam,
1231 652 1295 708 qua
1323 638 1444 691 vocatur
1472 633 1657 701 Silviniecus,
1688 633 1776 691 sitam
1793 635 1822 693 in

106 726 180 785 laris
191 722 305 795 Aur-oli,
321 741 389 782 cum
405 724 547 792 aediliciis,
564 726 730 801 mancipiis,
746 725 850 800 pratis,
871 743 939 783 cum
993 724 1096 781 eodem
1110 738 1184 796 pago
1200 740 1268 780 cum
1285 723 1366 780 omni
1392 723 1558 795 integritate
1586 727 1615 779 et
1643 724 1824 797 appendiciis

107 814 265 891 peroribus
280 817 310 871 et
323 816 463 889 gregibus
478 832 633 888 porcorum
648 821 678 874 ct
700 815 812 874 ceteris
827 833 939 889 appen—
994 813 1067 871 suis.
1083 812 1224 870 Similiter
1239 818 1382 887 etagrum
1394 813 1569 887 ltlelgiaoum
1580 814 1671 870 situm
1682 814 1711 870 in
1723 816 1824 873 eodem

107 903 195 962 dioiis
210 904 286 962 suis.
303 903 480 963 llonasterio
494 905 673 971 Puellarum,
690 906 768 977 quod
783 904 813 959 in
828 904 939 961 honore
992 901 1149 970 territorio,
1165 918 1233 959 cum
1250 903 1390 970 edificiis,
1408 903 1576 976 mancipiis,
1593 904 1680 960 terris
1693 908 1722 961 et
1735 908 1823 961 cate-

107 991 221 1050 domini
232 992 352 1049 Martini
368 990 446 1049 ultra
461 993 584 1050 lluvium
600 994 737 1051 lohannes
746 997 791 1050 eat
804 997 938 1050 constru-
992 991 1034 1046 ris
1050 990 1231 1064 appendiciis
1247 991 1320 1047 anis.
1335 990 1419 1046 Dedit
1434 991 1503 1046 item
1516 991 1623 1049 seniori
1634 991 1762 1049 ecclesia
1773 994 1823 1050 Ca·

108 1085 202 1150 ctum,
218 1080 359 1155 agellum,
375 1081 426 1154 qni
441 1082 608 1155 appellatur
621 1081 782 1150 Necariola,
799 1083 939 1155 quamde
992 1081 1121 1137 durcinee
1135 1078 1235 1136 villam
1252 1096 1341 1152 qnam
1352 1081 1433 1136 Betto
1444 1080 1549 1147 tenuit,
1562 1081 1664 1154 etipse
1674 1100 1708 1138 ex
1719 1098 1822 1156 regum

109 1169 555 1245 Bporiasanctimcnialilemina
565 1172 632 1227 dato
641 1172 733 1245 pretio
749 1172 938 1245 comparavit,
993 1168 1195 1227 munificentia
1210 1170 1331 1241 accepit,
1348 1169 1435 1226 sitam
1450 1169 1480 1224 ln
1504 1169 1651 1227 territorio
1677 1173 1822 1245 Burdiga-

111 1278 178 1317 cnm
194 1259 340 1329 adificiis,
357 1259 522 1332 mancipiis,
530 1261 626 1329 terris,
638 1259 741 1334 pratis,
754 1260 836 1318 silvis
845 1264 874 1316 et
888 1277 940 1316 aaa·
993 1258 1068 1316 lensi
1082 1274 1150 1314 oum
1166 1257 1305 1325 adificiis,
1323 1258 1477 1330 mancipiis
1489 1259 1670 1316 etuuiversis
1681 1261 1822 1333 appendi-

108 1347 453 1421 terisappendiciissnis.
465 1347 506 1405 De
516 1347 938 1421 basilicaquoquesanctorum
993 1348 1047 1405 ciis
1062 1347 1135 1404 suis.
1152 1346 1244 1403 Multa
1259 1346 1378 1419 quidem
1389 1349 1418 1403 et
1428 1345 1487 1402 alia
1497 1348 1637 1419 possedit,
1648 1348 1823 1407 sicuttcsta·

109 1441 276 1510 martyrum
290 1436 419 1495 (tervasli
434 1439 463 1493 et
485 1435 618 1504 Protesii,
634 1437 675 1492 ite
706 1437 735 1493 in
764 1441 939 1494 testamento
993 1436 1084 1495 menti
1094 1435 1188 1509 ipsius
1199 1435 1307 1509 pagina
1317 1434 1496 1505 manifestet,
1507 1441 1641 1508 questam
1652 1439 1820 1510 nepotibus,
1862 1424 1868 1429 ’

107 1524 296 1599 responait:
313 1523 445 1583 Basilicas
460 1523 648 1582 dominorum
670 1527 839 1583 sanctorum
861 1543 939 1582 mar·
992 1542 1083 1599 quam
1098 1525 1210 1583 ceteris
1229 1525 1293 1581 suis
1308 1524 1484 1597 propinquis
1499 1524 1624 1598 largitus
1649 1530 1704 1592 est,
1727 1529 1777 1584 sed
1796 1533 1824 1584 et

107 1618 208 1689 tyrum
232 1613 359 1682 Naaarii,
385 1613 525 1684 Gervasii,
546 1613 670 1670 Protasii
697 1618 726 1670 et
749 1613 824 1670 Celsi
844 1613 938 1687 pueri,
994 1615 1142 1687 mancipia
1156 1631 1215 1671 non
1231 1613 1330 1671 minus
1346 1614 1404 1669 duo
1420 1613 1513 1670 millia
1523 1614 1658 1686 permisit
1667 1631 1731 1672 esse
1741 1615 1823 1689 inge·

109 1720 201 1778 quem
216 1702 330 1760 Marius
344 1702 486 1760 diaconus
511 1707 611 1760 noster
634 1719 687 1776 pro
710 1707 809 1761 nostro
835 1702 939 1760 solutio
993 1720 1065 1772 nna,
1081 1703 1191 1777 quibus
1210 1707 1239 1759 et
1253 1716 1287 1759 ee
1301 1719 1365 1774 qua
1381 1704 1416 1759 ad
1433 1719 1562 1776 presens
1578 1705 1729 1776 possidere
1743 1706 1823 1763 side·

108 1791 255 1849 adificare
267 1791 396 1859 videtur,
411 1791 463 1848 ubi
476 1791 605 1849 etiamst
619 1790 759 1864 reliquias
769 1792 938 1849 eorumdem
993 1793 1112 1863 bantur,
1122 1793 1157 1850 ad
1168 1791 1319 1865 proprium
1331 1791 1438 1849 babere
1448 1792 1592 1864 permisit.
1605 1792 1660 1859 Qui
1670 1810 1735 1851 vere
1744 1794 1822 1861 salix,

108 1886 276 1954 martyrum
292 1879 489 1948 condidimus,
506 1879 645 1953 agellum,
661 1882 747 1954 ornus
762 1881 937 1939 vocabulum
992 1881 1115 1940 feliciter
1128 1880 1192 1935 vita
1206 1883 1322 1953 peracto
1334 1885 1475 1952 tempore,
1487 1880 1592 1952 plenus
1603 1881 1762 1940 virtutibus
1771 1884 1824 1940 mi-

107 1974 152 2028 cst
165 1968 427 2041 Bricnnico,J'uxta
441 1984 545 2041 agrum
560 1968 833 2038 Nanturiacensem,
850 1986 937 2043 quem
991 1971 1086 2046 gravit
1100 1970 1137 2026 ad
1152 1968 1302 2026 Christum
1319 1970 1374 2025 sub
1391 1968 1438 2024 die
1453 1986 1479 2025 vr
1497 1970 1621 2026 Kalend.
1633 1971 1783 2040 Novemb,
1795 1979 1823 2029 et

108 2074 163 2116 nos
178 2073 250 2112 cum
268 2055 351 2112 bona
367 2055 575 2113 recordationis
591 2056 709 2113 domino
725 2058 829 2114 Evodio
845 2076 938 2131 quon·
991 2059 1125 2133 sepultus
1140 2059 1281 2130 eetjuata
1301 2057 1331 2113 S.
1358 2058 1523 2114 bunarium
1549 2057 1579 2114 iu
1602 2059 1725 2115 basilica
1745 2061 1821 2118 beati

110 2146 179 2202 dam
190 2145 331 2218 episcope
341 2144 938 2219 commutavimus;simulquertccolatum
990 2148 1140 2206 Germani.

110 2252 202 2310 snpra
217 2233 342 2291 fluvium
361 2233 462 2290 Chore
486 2233 627 2305 positum,
642 2235 719 2292 sicut
734 2253 751 2292 a
765 2236 850 2293 nobis
865 2254 937 2310 prac-
1200 2236 1268 2292 Cae.
1288 2235 1359 2292 xxi.
1376 2266 1409 2277 -
1424 2238 1461 2292 lle
1474 2237 1610 2292 Palladio.

111 2323 186 2384 senti
199 2327 334 2395 tempore
341 2321 540 2394 possidentur,
552 2323 588 2379 ad
594 2324 776 2394 jamdictam
787 2324 937 2382 basilicam
1027 2325 1177 2384 Palladius
1191 2325 1267 2382 sedit
1287 2341 1381 2381 annos
1402 2327 1448 2393 26,
1474 2341 1590 2381 menses
1613 2326 1649 2393 33
1671 2325 1726 2382 init
1740 2327 1820 2383 enini

110 2412 281 2488 manime
292 2414 400 2469 nostres
409 2411 539 2468 remedio
549 2411 731 2470 decrevimus
740 2429 805 2471 esse
814 2415 939 2473 donatos
992 2415 1175 2489 temporibus
1197 2412 1353 2486 Degoberti
1376 2413 1465 2485 regis,
1490 2412 1717 2486 presulantibus
1742 2416 1819 2487 opud

111 2503 146 2561 sd
161 2501 261 2576 ipsam
274 2499 437 2566 basilicam,
453 2498 497 2556 vel
512 2500 621 2556 ibidem
632 2501 864 2559 deservientibus
879 2518 940 2575 per·
992 2505 1096 2563 urbem
1112 2505 1236 2560 Romam
1252 2501 1587 2567 Deusdedit,ltonilncio,
1614 2502 1752 2570 Honorio,
1769 2505 1819 2560 Se·

110 2590 270 2666 petneliter
283 2588 487 2662 possidendos.
503 2589 578 2647 Nam
593 2590 641 2646 bis
655 2591 865 2663 suprascriptis
881 2608 939 2649 mo·
991 2593 1102 2660 venno,
1116 2592 1229 2650 Joanne
1244 2593 1331 2662 atquc
1353 2590 1516 2646 Theodoro.
1535 2589 1584 2646 llio
1609 2591 1665 2647 luit
1687 2592 1732 2647 vir
1746 2596 1821 2650 stre·

111 2679 251 2738 naonis
276 2677 435 2751 unicuique
463 2676 591 2735 basilice
619 2683 726 2736 sancte
742 2678 887 2737 Columba
911 2684 941 2737 et
993 2700 1082 2750 auus,
1095 2685 1182 2754 etque
1193 2678 1375 2752 temporibus
1386 2678 1498 2736 domini
1509 2679 1651 2735 Desiderii
1663 2681 1822 2752 predeces-

112 2767 939 2840 nnctiLeonis,quasnntcoustructeinntaSenonicam
993 2769 1140 2842 sorissui,
1156 2769 1248 2826 abbas
1272 2767 1441 2825 monasterii
1466 2767 1560 2824 sancti
1585 2768 1733 2825 Germani.
1754 2771 1825 2828 Post

112 2859 227 2927 urbem,
238 2855 378 2930 agellum,
391 2855 682 2929 quivoceturViscla,
694 2857 785 2915 situm
797 2858 826 2915 in
836 2860 939 2917 eodem
994 2861 1080 2933 eujus
1095 2874 1258 2925 excessum,
1275 2874 1308 2913 eo
1323 2857 1400 2930 quod
1416 2861 1494 2913 esset
1517 2857 1562 2913 vir
1576 2857 1704 2930 sapiens,
1721 2858 1823 2933 largus

112 2964 197 3023 pago,
212 2963 283 3007 cnm
298 2945 439 3012 adificiis,
457 2945 555 3011 terris,
571 2944 651 3002 silvis
675 2950 704 3002 et
727 2947 873 3006 universis
889 2965 939 3022 ap·
993 2955 1081 3023 atque
1096 2947 1275 3017 misericors,
1290 2947 1326 3003 ab
1341 2947 1421 3002 omni
1445 2946 1553 3019 populo
1577 2947 1607 3002 in
1623 2947 1825 3021 episcopatum

112 3035 257 3112 pendiciis
271 3035 345 3104 suis,
359 3052 393 3091 ea
407 3035 519 3091 ratione
536 3038 568 3090 ut
583 3038 709 3092 rectores
722 3036 828 3092 barum
843 3036 941 3094 basili·
993 3039 1129 3114 eligitur;
1146 3040 1264 3109 accepto
1277 3053 1344 3092 vero
1359 3036 1522 3092 sacerdotio
1534 3040 1627 3092 totum
1641 3053 1673 3093 se
1689 3038 1825 3095 ecclesia·

114 3141 214 3183 aarum
228 3124 364 3183 amdam
378 3121 480 3180 villam
503 3139 586 3196 equa
600 3124 770 3183 sorteintar
784 3143 815 3182 se
830 3126 939 3183 divide-
996 3128 1078 3186 stiois
1093 3127 1214 3184 tradidit
1227 3124 1403 3196 disciplinis,
1415 3140 1483 3180 nam
1495 3123 1647 3180 basilicam
1658 3126 1752 3182 sancti
1765 3128 1826 3184 Ste

113 3217 188 3272 rena
204 3211 336 3269 Basilica
351 3229 466 3285 quoque
479 3211 590 3268 domini
606 3212 732 3269 Ursicini
750 3214 941 3272 bicicrinsen·
956 3195 978 3264 G
996 3215 1086 3290 pbani
1102 3213 1238 3289 plurimis
1250 3217 1280 3270 et
1298 3212 1434 3268 maximis
1457 3212 1561 3268 ditavit
1588 3214 1737 3282 donariis;
1754 3215 1824 3272 lecit

113 3302 165 3372 sis,
180 3300 262 3360 beati
275 3301 413 3359 Germani
428 3301 580 3374 quondam
595 3301 744 3375 discipuli,
759 3303 887 3376 agellum
906 3305 942 3360 de
996 3306 1075 3363 enim
1086 3305 1160 3361 duas
1175 3319 1278 3360 cruces
1292 3317 1327 3358 ex
1342 3316 1413 3357 auro
1428 3300 1598 3373 purissimo,
1612 3319 1686 3374 quas
1696 3308 1725 3358 et
1739 3304 1824 3360 obtu-

112 3390 182 3448 rille
196 3389 325 3447 materni
340 3389 419 3457 boni,
436 3390 527 3446 sitnm
546 3390 576 3445 in
601 3389 746 3447 territorio
759 3392 942 3450 Autissiodo-
996 3393 1048 3464 lit;
1064 3393 1116 3451 sed
1132 3397 1161 3449 et
1174 3391 1302 3464 plurima
1317 3406 1387 3446 vasa
1396 3394 1527 3457 anactea,
1540 3394 1687 3462 argentea,
1705 3407 1768 3462 qua
1785 3393 1821 3447 ad

115 3479 205 3549 renai,
221 3495 292 3536 cnm
302 3478 433 3535 adificiis
443 3485 472 3535 et
485 3478 641 3552 mancipiis
656 3492 689 3535 ac
712 3480 799 3538 terris
815 3483 850 3538 ad
866 3481 942 3539 into·
997 3478 1684 3553 nostramnsqucerteteminthesauriscjusdem
1694 3478 1823 3536 ecclesia

113 3585 212 3644 gram
229 3568 303 3624 ltem
324 3567 404 3624 dedit
422 3567 550 3624 basilicae
567 3568 659 3624 sancti
674 3569 804 3626 Amantii
820 3588 884 3643 qua
899 3575 944 3628 est
997 3576 1112 3629 servata
1126 3571 1362 3642 permanserunt,
1380 3567 1441 3622 hac
1451 3567 1609 3640 nosipsius
1620 3567 1738 3624 nomine
1752 3569 1825 3625 vidi·

114 3660 265 3714 exstructa
278 3656 310 3711 in
324 3673 398 3731 pago
414 3656 577 3713 cadurcino
591 3656 628 3712 ad
644 3655 825 3730 stipendium
841 3677 942 3717 mona·
998 3678 1066 3717 mus
1080 3658 1221 3731 insignite
1233 3675 1240 3726 ;
1254 3656 1323 3712 lecit
1336 3660 1366 3711 et
1381 3655 1593 3711 monasterium
1610 3656 1704 3712 sancti
1715 3656 1825 3712 ,tuliani

114 3745 242 3812 eborum
254 3743 364 3803 ibidem
380 3744 439 3803 Deo
454 3744 694 3815 deservientium,
710 3746 761 3804 ubi
776 3750 805 3804 et
818 3749 945 3820 genitrix
999 3749 1147 3822 martyris,
1159 3746 1209 3802 ubi
1220 3745 1375 3801 edificavit
1385 3743 1538 3800 basilicam
1550 3742 1684 3810 alteram,
1697 3745 1825 3817 quamiu

115 3833 223 3908 ipsius,
239 3833 318 3890 siout
336 3833 401 3905 lam
421 3850 512 3907 supra
537 3833 740 3904 meminimus,
764 3851 885 3908 corpore
899 3854 945 3894 re·
998 3838 1109 3895 bonore
1124 3838 1231 3892 sancta
1247 3833 1295 3888 bei
1311 3831 1461 3906 genitricis
1475 3831 1572 3888 Maria
1584 3830 1737 3900 dedicavit,
1749 3835 1826 3905 quod

118 3923 256 3998 quiescit,
271 3920 356 3978 villas
369 3922 414 3981 vel
428 3922 547 3995 pradia,
564 3940 689 3996 quorum
704 3924 766 3981 bac
780 3929 851 3981 sunt
865 3943 946 3983 vocn-
1000 3925 1212 3983 monasterium
1227 3921 1376 3995 virginum
1396 3937 1462 3977 esso
1486 3920 1649 3990 constitnit,
1667 3922 1746 3994 quod
1761 3926 1829 3980 aute

117 4011 188 4070 but·
202 4010 446 4069 Marciriacumet
460 4011 587 4070 alterum
597 4011 801 4070 blaroiriacum
811 4030 879 4070 cnm
894 4032 945 4088 ap·
999 4016 1098 4088 ipsum
1114 4013 1191 4068 inira
1205 4027 1308 4068 muros
1323 4009 1449 4067 civitatis
1464 4026 1553 4082 parvo
1568 4010 1681 4066 ambitu
1696 4015 1830 4069 constru-

118 4099 265 4176 pandiciis
278 4116 391 4168 eorum,
403 4100 613 4170 Lintiniacum,
625 4101 811 4172 Conclusam,
829 4102 948 4160 Ultrari-
1000 4107 1091 4168 ctum,
1107 4102 1238 4157 virorum
1263 4098 1355 4155 tuism
1380 4097 1579 4154 certissimum
1594 4103 1650 4156 est.
1666 4100 1740 4156 Nam
1756 4105 1784 4157 et
1798 4101 1827 4157 id

120 4190 199 4256 dam,
244 4187 432 4257 siniriacum,
472 4189 672 4262 Angiriacum,
715 4192 945 4263 Teponnincum,
1000 4189 1211 4249 monasterium
1236 4187 1374 4245 maximis
1396 4187 1527 4243 aediliciis
1550 4188 1663 4255 extulit,
1685 4204 1719 4245 ac
1743 4205 1828 4246 muro

120 4277 281 4346 Vetrarias,
308 4277 507 4347 Quintiacum,
533 4282 562 4334 et
582 4278 766 4349 Cremonam,
791 4297 855 4353 qna
879 4287 949 4339 sunt
1001 4281 1131 4354 undique
1141 4278 1356 4343 circumcinxit,
1368 4279 1398 4331 et
1408 4276 1587 4348 quiaomnes
1597 4277 1829 4334 ecclcsiaertntis-

121 4367 182 4424 site
198 4366 230 4422 in
245 4382 320 4438 pago
337 4366 510 4435 cadurcino,
522 4384 591 4424 cum
600 4365 742 4434 adificiis,
754 4369 909 4442 mancipiis
920 4375 949 4427 et
1001 4371 1187 4428 siodorenses
1202 4385 1261 4422 sua
1276 4365 1417 4422 deditioni
1442 4369 1525 4420 erant
1550 4365 1699 4436 subjecta,
1716 4370 1777 4421 tam
1793 4382 1827 4422 en

122 4454 568 4528 omnibusappendiciissorum.
580 4457 652 4512 ltem
662 4455 760 4513 villam
771 4456 948 4531 Chrispinia·
1002 4459 1096 4515 sancti
1110 4457 1246 4528 Stephani
1263 4472 1353 4527 quam
1368 4470 1402 4508 ex
1421 4453 1514 4508 sancti
1534 4452 1671 4508 Germani
1686 4451 1764 4509 villis
1779 4471 1826 4510 co·

123 4561 190 4602 mm
204 4543 295 4602 sitem
312 4545 342 4598 in
354 4544 461 4601 codem
475 4560 550 4618 pago
564 4562 599 4601 ea
615 4545 727 4602 ratione
741 4547 901 4617 distribuit,
917 4553 950 4604 ut
963 4565 989 4631 ῃ
1003 4547 1084 4621 plcse
1099 4545 1209 4602 ditavit.
1227 4545 1343 4600 Fecitet
1355 4540 1505 4597 basilicam
1520 4557 1610 4612 prope
1620 4557 1720 4597 muros
1731 4541 1827 4597 civita-

123 4635 197 4690 dues
209 4636 310 4706 partes
324 4631 446 4689 basilica
459 4634 552 4690 sancti
578 4634 705 4689 Amantii
722 4635 877 4707 acciperet,
892 4640 950 4693 ter-
1004 4637 1042 4694 tis
1057 4637 1087 4692 in
1102 4635 1212 4691 bonore
1228 4631 1321 4689 sancti
1336 4629 1455 4685 lluaebii
1469 4627 1661 4687 vercellensis
1681 4631 1828 4703 pontilicis

124 4722 195 4780 tiam
206 4738 276 4778 vero
290 4719 486 4794 basilicisque
501 4722 538 4779 ad
548 4726 667 4779 sanctos
677 4723 822 4781 brittones
832 4724 950 4795 dicitur,
1005 4731 1034 4782 et
1048 4723 1196 4796 martyris,
1212 4721 1297 4791 cujus
1321 4717 1500 4774 testudinem
1516 4735 1534 4773 a
1549 4724 1631 4790 parte
1646 4720 1780 4777 orientali
1795 4735 1830 4777 cx

126 4811 173 4867 nbi
186 4808 319 4883 episcopi
332 4825 454 4883 corpore
468 4811 666 4883 requiescunt,
681 4810 851 4868 vindicaret.
877 4817 950 4870 Item
1005 4813 1120 4871 musivo
1135 4808 1224 4868 simul
1239 4813 1268 4865 et
1282 4824 1354 4863 auro
1367 4807 1495 4879 compsit
1509 4824 1542 4863 ac
1558 4808 1712 4880 dedicavit,
1728 4809 1831 4866 vania·

127 4915 241 4973 agrum,
255 4898 306 4971 qui
317 4897 483 4971 appellatur
493 4898 674 4968 cassinatus,
690 4900 721 4956 in
731 4901 833 4958 eodem
845 4902 952 4958 Cadur·
1007 4897 1243 4976 quemuneribus
1253 4895 1404 4968 ampliavit
1415 4914 1421 4965 ;
1432 4897 1608 4969 quodetiam
1620 4899 1834 4954 monachornm⁴

127 4987 190 5046 cino
203 4985 353 5045 territorio
366 4989 587 5057 consistentem,
606 5005 674 5046 cum
689 4989 827 5047 omnibus
842 5007 951 5064 appen·
1006 5008 1071 5048 esse
1081 4986 1234 5046 constitnit
1244 5003 1278 5042 ac
1289 5001 1373 5041 muro
1385 4985 1515 5058 undique
1528 4986 1740 5042 circumcinxit.
1754 4985 1834 5043 Fecit

129 5077 211 5134 diciis
224 5074 299 5133 suis.
316 5079 389 5132 item
404 5077 568 5150 portionem
583 5078 618 5135 de
629 5082 692 5134 atro
707 5078 847 5136 Macrinio
858 5084 886 5135 et
902 5081 954 5136 lie·
1006 5075 1292 5138 etbasilicamsancti
1302 5074 1477 5131 Carmaniis
1490 5092 1565 5148 pago
1577 5074 1832 5143 autissiodorensi,

129 5165 221 5235 elinis,
237 5165 332 5223 situm
346 5164 379 5221 in
394 5165 539 5223 icrritorio
552 5165 693 5235 Albienei,
718 5184 786 5224 cum
810 5169 952 5238 adificiis,
1008 5171 1038 5227 in
1049 5169 1112 5225 loco
1127 5166 1178 5240 qui
1193 5165 1302 5221 dicitnr
1315 5163 1464 5231 Vercisus,
1483 5180 1572 5235 quam
1588 5168 1617 5219 et
1631 5163 1722 5219 nobili
1738 5166 1833 5219 testu-

129 5254 228 5322 rineis,
244 5253 404 5327 mancipiis
418 5258 447 5311 et
460 5255 573 5312 ceteris
587 5255 768 5329 appendiciis
791 5256 864 5313 suis.
881 5259 953 5314 ltem
1009 5260 1076 5315 dine
1091 5275 1126 5314 ex
1141 5255 1254 5312 musivo
1270 5258 1298 5309 et
1324 5268 1395 5308 auro
1415 5251 1569 5307 decoravit.
1594 5252 1648 5306 Hic
1661 5251 1749 5307 etiam
1765 5268 1834 5308 con·

129 5339 245 5419 inpage
259 5341 421 5400 Rotoneusi
444 5342 550 5402 vallem
579 5343 783 5413 Catamariam,
798 5344 953 5414 Versellas,
1010 5348 1106 5407 stituit
1121 5350 1154 5402 ut
1168 5362 1220 5418 per
1234 5340 1367 5414 singulos
1382 5356 1475 5396 annos
1491 5339 1646 5395 testivitate
1660 5340 1754 5397 sancti
1769 5341 1837 5398 Ger

130 5430 407 5507 Croesumningnm,
420 5431 801 5499 Siacumetlltratumcum
813 5434 954 5503 adificiis,
1012 5437 1103 5506 moui,
1121 5452 1185 5508 qua
1200 5431 1364 5489 celebratur
1383 5429 1430 5483 die
1456 5427 1574 5483 Kalend.
1591 5426 1772 5502 Octobrium,
1788 5421 1836 5486 cn-

119 5521 281 5598 ,mancipiis
296 5525 328 5580 et
341 5521 483 5579 omnibus
498 5521 678 5594 appendiciis
691 5536 803 5576 eorum.
820 5521 892 5578 ltem
908 5523 957 5579 Vi·
1012 5527 1091 5600 plata
1106 5524 1265 5579 missarum
1280 5516 1458 5584 celebritate,
1475 5517 1513 5572 ob
1528 5533 1658 5575 amorem
1669 5523 1699 5575 ct
1709 5536 1840 5577 reveren·

129 5610 262 5672 Uiscum
276 5612 374 5675 sitnm
389 5611 421 5675 in
437 5626 513 5685 pago
527 5609 689 5671 Cadereino
704 5627 772 5667 cum
787 5612 867 5670 omni
883 5612 956 5669 inte-
1013 5615 1086 5672 tiam
1100 5611 1174 5669 tanti
1185 5604 1320 5683 presulis
1330 5621 1348 5661 a
1358 5621 1448 5661 manu
1458 5604 1589 5680 episcopi
1600 5611 1718 5666 eentum
1728 5607 1839 5669 solidos
