3878 6098
85 336 127 395 rr
537 333 814 399 nrsnoanauu·
833 335 937 399 unm
959 334 1162 409 cunnuoa.
1179 336 1306 400 -ns
1329 338 1355 400 1.
1762 318 1802 405 re

85 465 919 540 elimSRemigiiRemensie(49),undevitiosoFlaeiiedi-
932 469 961 537 Α
977 468 1077 526 saculi
1095 487 1113 525 x
1127 469 1309 527 illustrandae
1320 469 1484 544 aptissima,
1501 469 1652 529 asummie
1665 472 1736 531 viris
1746 493 1800 548 pro

85 557 129 614 tio
144 555 260 612 concilii
276 557 313 612 ad
329 556 359 612 S.
373 555 510 612 Basolum
527 556 619 625 fluxit,
637 558 699 614 ab.
715 557 918 615 Weitziocum
973 559 1057 627 lecta,
1074 563 1103 615 et
1116 560 1251 616 codicum
1281 560 1459 634 optimorum
1473 562 1645 619 auctoritate
1660 566 1711 619 aut
1725 563 1801 621 inte=

84 643 917 719 editisiterumcollati,appcndicisloeoreferendastatui,
972 647 1072 721 gritati
1088 649 1224 705 restituta
1239 653 1291 705 aut
1305 649 1401 722 prima
1415 650 1477 707 vice
1491 650 1550 707 luci
1573 651 1651 719 data,
1674 651 1800 712 ineditos

83 735 212 808 adjectis
228 751 262 790 ex
276 733 668 808 codiceGuelierbytanotol.
678 735 741 803 l69,
751 737 803 792 470
813 736 918 794 litteris
972 736 1087 793 llicheri
1102 738 1193 794 libros
1205 738 1285 794 haud
1295 738 1480 796 incommode
1489 739 1662 796 comitatum
1678 741 1725 810 iri,
1737 759 1806 815 pora¹

83 823 220 898 Gregorii
235 823 259 876 V
283 840 364 896 pape
384 825 421 880 ad
445 823 631 897 Willegisum
651 824 916 900 archiepiscopum,
972 843 1094 881 suasam
1111 826 1213 883 habeo.
1226 829 1354 896 (Litteras
1370 828 1494 900 Greporii
1509 830 1726 886 l'etcoaritiom
1742 836 1799 890 lto·

82 914 196 987 quibus
212 930 279 969 eum
296 913 332 969 de
347 914 473 970 decretis
488 914 589 986 synodi
606 914 756 987 Papiensis
772 915 849 970 circa
863 916 916 970 Ar·
970 931 1095 983 canense,
1111 915 1256 988 dequibus
1271 916 1461 974 lriePerteios.
1488 919 1570 975 babes
1596 921 1672 992 infra
1687 923 1717 975 in
1730 919 1797 978 Gre-

82 1003 203 1058 nullum
230 1001 383 1058 certiorem
398 1003 482 1071 sacit;
507 1020 571 1075 que
587 1004 764 1059 documenta
788 1002 917 1060 historia
971 1007 1048 1073 porto
1066 1006 1123 1061 Vct
1139 1004 1272 1061 Gerberto.
1288 1006 1397 1062 Rornae
1412 1008 1619 1077 pernoscere.)

122 1129 178 1200 (llll
190 1127 281 1183 lllalot
290 1128 320 1183 in
332 1128 406 1184 llist.
419 1128 589 1201 metropolis
599 1129 752 1185 Remensis
761 1129 795 1196 ll,
806 1131 841 1185 le
850 1133 916 1185 ant·
971 1146 1009 1184 cae
1026 1130 1189 1185 Barberiuae
1198 1130 1319 1200 cujusin
1328 1110 1499 1187 Annalibus⁰
1501 1133 1609 1190 nostris
1617 1136 1797 1193 mentionem

83 1200 251 1272 ographum
263 1216 355 1281 penes
369 1216 401 1255 se
415 1199 516 1256 haberi
531 1201 644 1266 scribit,
655 1200 792 1255 mutilum
806 1205 914 1269 tamen,
972 1201 1036 1266 tec,
1052 1201 1233 1273 chartaceus,
1248 1220 1281 1256 cx
1301 1201 1418 1259 Chesnii
1442 1203 1541 1260 codice
1556 1205 1661 1261 minori
1686 1207 1796 1263 deseri·

82 1272 113 1325 in
131 1288 191 1342 qno
207 1270 320 1326 scilicet
343 1288 428 1352 capp.
444 1273 480 1327 25
495 1273 529 1326 ta
545 1272 695 1337 doessent;
721 1272 799 1329 ande
822 1288 917 1353 pauca
971 1275 1040 1343 ptus
1055 1276 1109 1328 est.

82 1348 201 1397 tentum
219 1341 406 1415 transcripsit
421 1360 449 1415 p.
467 1344 511 1410 45,
533 1344 577 1398 46.
594 1342 737 1399 —Codex
759 1342 915 1400 bibliothe-

378 1673 765 1832 RlCHEltl
832 1672 1500 1835 HISTOthRUM

608 1948 827 2077 utum
875 1944 1274 2108 curruca

616 2367 933 2457 PROLOGUS
968 2365 1256 2456 AUCTORIS

112 2570 242 2626 Domino
257 2587 291 2624 ac
306 2569 477 2627 beatissimo
493 2570 581 2639 Patri,
599 2571 738 2628 Gerberto
750 2573 909 2628 Remorum
924 2575 948 2641 Β
964 2576 1094 2645 tempore
1110 2576 1263 2627 auctorum
1280 2572 1409 2644 prudens
1424 2570 1516 2627 lector
1530 2587 1613 2643 reges
1626 2569 1791 2644 aequivocos

76 2660 311 2731 archiepiscopo,
328 2658 468 2716 Richerns
485 2659 658 2716 monachus.
962 2662 1139 2734 pernotabit.
1156 2664 1286 2727 Quorum
1301 2659 1483 2733 temporibus
1494 2658 1791 2733 bellaaGallissaepe·

113 2747 269 2805 Gallorum
283 2748 489 2820 congressibus
511 2748 542 2804 in
557 2747 706 2804 volumine
730 2747 906 2820 regerendis,
963 2767 1086 2806 numero
1110 2753 1235 2823 patrata,
1261 2749 1415 2821 variosque
1439 2765 1540 2804 eorum
1570 2746 1726 2817 tumultus,
1756 2766 1791 2807 ac

77 2835 195 2910 imperii
211 2835 267 2901 tui,
284 2841 366 2909 pater
374 2837 559 2893 sanctissime
571 2837 735 2905 Gerberte¹,
747 2837 907 2893 auctoritas
961 2836 1644 2912 diversasnegotiorumrationes,admcmoriam
1652 2837 1790 2895 reducere

77 2926 274 2982 seminarium
290 2926 378 2981 dedit.
388 2928 490 2994 Quam,
502 2926 573 2999 quia
583 2943 731 2982 summam
748 2926 906 2983 utilitatem
961 2929 1069 3003 scripto
1085 2927 1251 3001 specialiter
1266 2926 1448 3000 propositum
1464 2929 1518 2982 est.
1529 2924 1558 2982 Si
1571 2942 1706 2996 quarere
1717 2925 1788 2983 alic-

77 3016 164 3071 ell'ert
177 3021 207 3070 et
222 3032 320 3070 rerum
337 3015 457 3071 materia
471 3032 537 3071 sese
553 3015 723 3086 multiplex²
738 3016 856 3088 prabet,
873 3033 906 3071 eo
961 3035 1027 3073 rum
1043 3018 1209 3086 efferantur,
1227 3017 1281 3072 obl
1297 3016 1460 3071 incidentes
1475 3013 1682 3087 rationesque
1704 3014 1790 3071 vitarl

76 3105 168 3159 animi
186 3104 256 3159 nisu
273 3102 457 3176 complecter,
475 3121 534 3177 qua
543 3104 677 3176 jubentis
693 3104 768 3160 mira
789 3105 905 3161 benivo-
962 3124 1019 3162 non
1035 3109 1203 3179 potuerunt,
1221 3106 1249 3160 id
1265 3105 1396 3160 evenisse
1412 3106 1540 3176 putetur.
1557 3104 1629 3160 Sed⁸
1642 3103 1667 3159 si
1684 3104 1789 3177 ignote

76 3193 169 3249 lentie
185 3192 349 3266 pertrahor.
363 3192 453 3265 Cujus
467 3193 507 3249 rei
523 3192 640 3249 initium
656 3193 778 3248 aviciae
797 3194 905 3249 duccn·
960 3195 1145 3267 antiquitatis
1157 3193 1625 3267 ignorantieearguar,exquodam
1633 3192 1788 3250 Flodoardi

73 3283 146 3337 dum
163 3281 355 3348 existunavi⁸,
371 3283 457 3337 cum⁸
471 3299 518 3338 res
541 3281 633 3337 multo
650 3286 716 3337 ante
737 3286 844 3355 gestas,
862 3281 905 3338 di·
959 3283 1119 3356 presbyteri
1130 3281 1789 3353 Remcnsislibellc,mealiqnaeumpsiesenon

74 3389 113 3425 rae
130 3370 300 3425 memoriael
315 3370 490 3427 llincmarus
505 3374 572 3426 ante
585 3374 613 3426 te
629 3371 658 3425 in
674 3371 846 3442 pontificatu
861 3388 906 3426 oc-
959 3373 1067 3440 abnuo,
1081 3376 1111 3426 at
1127 3388 1183 3427 non
1199 3372 1287 3427 verba
1311 3371 1430 3443 quidem
1456 3369 1569 3438 eadem,
1586 3369 1637 3425 sed
1661 3369 1720 3425 alia
1735 3387 1788 3444 pro

72 3461 187 3524 tarus‘,
229 3459 291 3514 suis
327 3457 473 3515 amalibus
512 3457 716 3531 copiosissime
754 3460 902 3516 annexuit.
959 3461 1025 3517 aliis
1040 3461 1126 3534 longe
1142 3460 1255 3516 diverso
1271 3459 1430 3516 orationis⁹
1445 3462 1572 3515 scemate
1593 3457 1788 3530 disposuisse,

73 3552 226 3621 tantoque
249 3547 402 3620 superiora
424 3547 515 3604 lector
535 3565 570 3604 ea
593 3547 730 3616 inveniet,
758 3553 868 3621 quanto
888 3567 905 3604 a
959 3566 1006 3606 ree
1020 3549 1314 3622 ipsaevidentissime
1329 3549 1522 3604 demonstrat.
1535 3545 1673 3620 Satisque
1686 3546 1789 3603 lectori

74 3638 165 3692 nostri
181 3635 317 3707 opusculi
333 3636 460 3705 exordio,
477 3654 529 3710 per
539 3637 603 3707 ejus
619 3639 733 3709 regesta
743 3653 806 3693 sese
822 3636 905 3692 attol-
959 3639 1021 3695 fieri
1037 3639 1173 3704 arbitrer,
1190 3640 1212 3695 ei
1230 3636 1418 3711 probabiliter
1432 3641 1518 3708 atque
1540 3634 1667 3691 dilucide
1690 3635 1788 3691 brevi·

74 3725 122 3781 let.
138 3727 173 3781 Et
187 3725 244 3780 hoc
261 3725 393 3797 inquam,
409 3742 446 3781 ne
461 3725 633 3782 Karolorum
651 3724 835 3799 aliorumque
851 3726 904 3782 ire·
958 3732 1059 3800 terque
1075 3728 1175 3783 omnia
1189 3726 1371 3799 digesserim.
1384 3725 1415 3780 ln
1426 3723 1636 3781 dicendoenim
1646 3738 1787 3778 recusans

73 3831 166 3886 quens
181 3814 214 3869 in
230 3816 353 3887 utroque
368 3830 453 3886 opere
465 3815 609 3887 repetitio,
633 3815 730 3886 operis
749 3814 904 3887 utriusque
958 3815 1086 3883 effluere,
1116 3815 1244 3887 plurime
1272 3814 1407 3869 succince
1436 3810 1599 3882 expediam.
1629 3811 1669 3865 Ac
1695 3809 1786 3867 totius

74 3905 208 3959 ordinem
215 3904 321 3959 turbet.
329 3903 383 3960 Ubi
390 3904 467 3960 enim
478 3921 576 3960 rerum
585 3905 719 3960 ordanon
731 3903 902 3969 advertitur,
958 3904 1109 3960 exordium
1120 3903 1297 3958 narrationis
1307 3901 1470 3974 aggrediar,
1486 3898 1610 3955 breviter
1621 3899 1697 3955 iacta
1706 3898 1786 3957 orbis

75 3997 154 4048 tanto
171 3994 316 4049 nitentem
331 3993 587 4060 errcrconlundit,
603 3996 713 4066 quanto
728 3992 833 4048 eserie
854 4009 903 4047 or·
958 3992 1110 4060 divisione,
1127 3990 1278 4063 Galliaque
1291 3989 1321 4045 in
1337 3992 1435 4062 partes
1460 3987 1629 4059 distributa,
1645 4003 1678 4044 ec
1705 3987 1783 4060 quod
1871 4052 1876 4058 q

75 4081 152 4136 dinis
169 4084 317 4137 errantem
340 4081 464 4139 seducit.
491 4082 573 4140 Unde
588 4098 655 4137 cum
670 4079 717 4136 hic
741 4085 829 4153 atque
843 4079 904 4136 illie
958 4081 1022 4153 ejus
1038 4079 1213 4153 populorum
1229 4096 1325 4135 mores
1341 4083 1370 4135 ct
1384 4082 1468 4134 actus
1479 4075 1642 4133 describere
1652 4076 1786 4149 proposi-

75 4187 143 4243 sepe
166 4170 273 4236 liaroli,
299 4187 367 4243 sepe
394 4170 530 4228 Ludoaici
553 4175 627 4227 note
653 4171 825 4238 offeruntur,
850 4187 903 4242 pro
959 4174 1022 4225 tum
1038 4169 1086 4225 sit.

655 4431 874 4516 LIBER
924 4428 1205 4518 PRIMUS

824 4587 1021 4600 *—

109 4705 135 4758 l.
151 4705 260 4760 Diuisio
275 4704 359 4759 orbis.
373 4704 608 4777 -Orbisiteqne
616 4704 713 4779 plaga,
725 4723 788 4778 que
798 4710 904 4761 morte·
958 4705 1072 4760 Oceano
1088 4703 1301 4767 disterminata,
1318 4699 1440 4756 interius
1456 4717 1474 4755 a
1488 4699 1610 4772 Ripbeis
1632 4698 1784 4755 montibus

75 4790 153 4847 libus
167 4808 232 4847 sese
247 4792 432 4848 commodam
447 4794 567 4867 prebet,
583 4794 832 4867 acosmographis
847 4795 904 4867 (50)
958 4811 1053 4866 usquc
1067 4794 1103 4848 ad
1118 4796 1201 4849 terra.
1217 4788 1403 4858 umbilicum,
1418 4787 1541 4857 Thenai,
1555 4787 1711 4854 Meothide,
1727 4785 1786 4843 Me-

76 4879 219 4935 triiariam
236 4880 326 4935 dividi
342 4879 521 4952 perhibetur,
531 4881 561 4936 in
570 4880 667 4938 Asiam
679 4881 822 4950 videlicet,
832 4883 906 4938 Airi-
958 4882 1181 4952 diterranecque
1197 4879 1233 4934 ab
1250 4878 1365 4950 Ruropa
1373 4877 1576 4950 distinguitur.
1588 4876 1632 4931 Ab
1643 4874 1784 4930 umbilico

76 4983 149 5033 cam,
164 4970 196 5022 et
206 4967 362 5040 lluropam.
372 4969 598 5041 Quarumprior,
609 4971 842 5043 aseptemtrione
853 4989 905 5044 per
958 4987 1025 5026 vcro
1040 4984 1133 5041 usque
1149 4967 1179 5022 in
1195 4976 1339 5033 austrum,
1356 4965 1515 5022 Nilolluvio
1531 4965 1567 5021 ab
1577 4963 1730 5020 Africaest
1740 4978 1784 5018 se·

76 5056 197 5112 orientis
211 5056 360 5130 regionem
387 5057 524 5130 usquein
550 5061 697 5130 austrum,
722 5061 905 5118 extrinsecus
959 5060 1051 5116 clusa.
1068 5050 1781 5133 Africamvercetlluropam,exteriusquidemlah

753 5184 874 5241 VARlAE
894 5183 1101 5241 nuenarius,

108 5278 280 5336 ¹G.co‹ier.
318 5280 496 5336 *revocate
535 5281 665 5336 aducere
691 5282 818 5339 vcluiob
842 5291 952 5340 auctore
976 5288 1120 5348 ructatum,
1147 5288 1176 5335 at
1198 5296 1292 5352 supro.
1331 5278 1521 5333 ‘marraccio
1559 5273 1612 5327 ⁵d.
1630 5273 1780 5354 moadeca.

74 5350 191 5422 ‘priate
204 5349 748 5424 moaollincmarusanteteseptimus
772 5355 930 5410 Remorum
956 5353 1208 5425 metropolitanas.
1247 5353 1257 5386 ⁷
1273 5351 1365 5422 pert.
1403 5347 1585 5416 ‘’Sedu-sque
1607 5344 1780 5416 digesserim

72 5438 157 5477 meaa
171 5424 202 5475 2.
217 5422 323 5478 scilicet
336 5424 507 5494 corriperetis.
545 5424 557 5458 ⁹
572 5422 767 5480 ordinationis
782 5443 852 5482 corr.
870 5427 1020 5481 orationis.

870 5542 985 5599 NOTAE.

106 5627 166 5698 (50)
183 5624 227 5681 ut.
244 5624 340 5684 Orosii
352 5625 372 5684 l.
388 5643 409 5699 ι,
424 5643 449 5684 c.
464 5629 492 5683 2.
