3878 6098
104 267 183 331 lant

753 268 924 333 uauauu.
947 266 1154 333 usaruau.
1271 354 1277 365 ,
1730 273 1809 354 vaes

139 368 295 459 tissiodero
311 401 456 460 dedicatio
477 402 605 460 ecclesia
628 405 657 459 S.
672 402 816 459 Iohannis
832 403 930 476 Bapli-
945 403 973 473 Α
1022 417 1126 474 goram
1144 402 1251 457 indicio
1262 403 1453 476 cognovisset,
1465 403 1614 487 trigesimo
1624 406 1725 480 quinto
1740 409 1810 477 anui

138 496 200 548 ste.

174 580 249 636 Obiit
268 579 387 637 termas
409 580 614 654 dioecesanei
635 581 710 638 dedit
729 579 865 654 frutribus
889 597 932 639 res

135 669 315 743 proprietatis
329 684 390 727 aare
404 670 435 725 ia
452 670 520 726 villu
534 685 598 742 quac
611 670 715 726 dicitnr
728 670 756 725 S.
773 670 931 739 Mauricius,

137 766 164 815 et
177 759 208 814 im
225 757 296 814 villu
321 772 385 830 qua
407 757 512 815 dicitur
534 760 667 826 Autcaua
691 766 800 831 propter
824 760 934 816 ccuiom

136 855 310 921 peccatorum
322 848 538 921 percipiendam,
553 856 579 905 ct
594 847 629 904 ad
647 849 693 904 cui
713 849 875 905 memoriam
888 863 933 905 cc-

139 936 310 992 Mirandum.

108 1024 144 1080 IX
160 1024 222 1081 Kal.
232 1024 412 1099 Jan.VigiIia
422 1024 534 1083 Natalis
544 1024 669 1089 Domini.
680 1027 789 1085 Eodem
800 1025 846 1081 die
857 1023 934 1097 apud

140 1114 324 1171 Antiochiam
335 1113 425 1188 Syrie
449 1114 558 1171 natalis
577 1113 783 1189 SS.virginum
805 1131 850 1171 xa.
867 1116 934 1181 Quae

1022 491 1101 563 regni
1119 491 1163 544 arri
1179 491 1301 547 interfici
1316 493 1417 563 jussit.
1433 484 1486 560 Oui
1508 511 1585 549 anuo
1599 513 1693 562 rvvvr,
1709 498 1811 563 morbo

1023 580 1176 635 intercutis
1190 596 1281 652 aque,
1298 581 1479 638 scatentibus
1497 587 1557 639 toto
1573 570 1813 657 corpore'veravi·

1022 669 1090 734 bus,
1106 669 1315 726 miserabiliter
1329 674 1357 726 et
1372 670 1460 744 digne
1474 672 1609 731 moritur.

1059 756 1134 814 Obiit
1145 758 1286 830 Siprndca,
1299 761 1349 832 qui
1356 759 1429 822 dedit
1442 761 1577 832 tratribus
1591 779 1719 819 mensum
1733 781 1815 820 cuum

1023 842 1252 905 indominicatum
1279 865 1341 905 cum
1362 850 1491 907 omnihus
1512 841 1679 923 appenditia
1701 855 1761 911 seia
1784 871 1816 927 rm

1021 951 1093 1007 papo
1110 937 1291 1003 Tametrcmi,
1307 938 1421 995 invilla
1440 938 1598 1008 Eidomene,
1613 940 1646 999 dc
1669 943 1758 1023 evincas
1770 960 1816 1001 or·

1022 1039 1127 1096 pcarroc
1133 1064 1210 1082 .....
1224 1025 1342 1082 deterre
1359 1027 1484 1100 cenaeus
1490 1070 1569 1087 .....
1588 1028 1744 1105 ademtam
1769 1048 1815 1096 ror

1025 1111 1112 1167 tribua
1126 1112 1257 1169 dandum.

141 1218 194 1275 per
208 1202 322 1258 diversa
345 1205 492 1258 tormenta
515 1203 689 1273 martyrium
713 1217 934 1261 consummave-
990 1199 1027 1255 IV
1042 1199 1181 1257 haitan.
1198 1200 1402 1273 Hierosolyma
1418 1203 1559 1278 depositio
1583 1205 1703 1265 Davidis
1725 1207 1802 1281 ragis

143 1295 221 1357 runt,
236 1291 319 1364 Apud
337 1289 488 1364 Spoletum
505 1291 603 1348 natale
623 1292 652 1348 S.
669 1291 801 1365 Gregorii
815 1291 935 1365 presby-

143 1381 195 1435 tcri
211 1383 240 1436 et
255 1379 403 1453 martyris,
419 1379 469 1452 qui
495 1396 572 1452 sape
598 1384 749 1454 regyratus
763 1376 852 1436 variis
876 1384 934 1436 tor·

143 1467 250 1523 montis
264 1470 310 1523 ast
324 1471 491 1529 coronatus.

105 1555 172 1613 VIII
188 1555 249 1613 Ital.
265 1556 331 1612 Ian.
356 1555 504 1613 Bethleem
529 1555 672 1612 Nativitas
697 1556 856 1617 salvatoris
879 1557 934 1613 Do-

143 1645 215 1701 mini
233 1645 323 1702 nostri
339 1645 412 1702 Iasu
428 1647 545 1702 Caursrr
561 1647 724 1705 secundum
740 1661 869 1706 carnem.
884 1644 937 1703 Eo·

143 1735 210 1790 dem
224 1734 271 1791 die
284 1733 380 1791 natale
391 1734 420 1790 S.
433 1734 593 1790 Anastasia
604 1731 727 1808 virginis
743 1737 772 1790 et
787 1733 934 1809 martyris,

143 1841 206 1896 qua
222 1823 258 1879 de
273 1823 366 1879 Roma
386 1827 486 1880 secuta
511 1826 555 1880 cst
579 1828 696 1880 sanctos
710 1823 759 1896 qui
775 1822 811 1878 ad
828 1827 936 1897 marty-

143 1912 220 1969 rium
245 1912 437 1969 ducebantur.
455 1912 553 1968 Romae
568 1912 598 1968 in
613 1911 756 1969 cimiterio
776 1911 935 1985 Aproniani

143 1999 243 2073 passio
258 2002 287 2056 S.
304 2000 439 2074 Eugeniae
454 2000 587 2074 virginis.

105 2088 160 2145 VII
176 2086 238 2144 Kal.
250 2088 315 2145 Jan.
327 2089 410 2161 Apud
420 2088 631 2167 ierosolymam
643 2089 742 2163 passio
755 2090 784 2147 S.
797 2085 936 2161 Stephani

1024 1289 1107 1361 Apud
1123 1288 1266 1346 Arelatem
1283 1291 1379 1347 natale
1394 1291 1487 1348 sancti
1502 1284 1813 1373 Trophymie'pisoopa,

1025 1377 1061 1433 de
1078 1394 1136 1450 quo
1149 1377 1250 1434 scribit
1259 1380 1416 1451 Apostolus
1431 1382 1466 1437 ad
1479 1382 1685 1446 Timotheum:
1699 1372 1816 1463 ¹trophy-

1024 1482 1101 1521 mum
1124 1467 1225 1539 reliqui
1248 1468 1391 1538 infirmum
1418 1470 1519 1526 Mileti.
1538 1470 1587 1526 llic
1612 1462 1648 1526 ab
1674 1471 1814 1545 apostolia

1026 1554 1124 1609 Romae
1140 1555 1293 1611 ordInatus
1308 1557 1473 1629 episcopus,
1488 1558 1602 1630 primus
1615 1559 1814 1625 Arelatensem

1026 1643 1128 1698 urbem
1136 1641 1234 1698 Gallie
1243 1644 1279 1699 oh
1288 1643 1393 1700 Christi
1403 1644 1585 1719 evangelium
1597 1648 1815 1727 praedicandum

1025 1732 1154 1788 directus
1170 1736 1223 1788 cst.
1236 1733 1276 1788 Ex
1290 1733 1376 1804 cujus
1387 1735 1476 1796 tonte,
1485 1738 1517 1790 ut
1531 1735 1635 1792 beatus
1649 1752 1725 1808 papa
1738 1722 1816 1799 lazi·

1024 1837 1092 1877 mus
1103 1821 1216 1888 scribit,
1227 1825 1294 1877 tote
1304 1821 1402 1878 Gallia
1415 1823 1481 1878 fidei
1494 1822 1602 1889 rivulos
1629 1815 1815 1898 acceperunt.

1025 1910 1057 1966 In
1074 1926 1148 1983 [rago
1160 1909 1329 1966 Oooimense
1342 1911 1438 1967 natale
1449 1912 1542 1967 sancti
1554 1912 1662 1968 Ebrultl
1674 1915 1818 1981 confesso

1025 1998 1077 2066 ris,
1092 1999 1178 2071 cujus
1192 2002 1274 2073 gesta
1289 1998 1444 2055 habentur.
1460 2000 1659 2059 Autissiodero
1673 1996 1817 2065 dedicatio

1025 2086 1152 2144 eeclesiae
1168 2087 1264 2143 sancti
1276 2086 1428 2144 Michaelis
1442 2094 1471 2144 et
1486 2090 1578 2157 sancti
1595 2086 1761 2147 Clementis.

145 2177 367 2251 protomartyris
388 2181 417 2233 et
438 2177 564 2245 diaconi,
580 2177 631 2250 qui
660 2193 718 2233 nou
749 2176 842 2233 multo
871 2180 938 2251 post
991 2176 1028 2232 llI
1046 2175 1188 2233 Mallon.
1205 2177 1288 2248 Apud
1309 2177 1459 2251 Spalatum
1476 2178 1573 2252 passio
1598 2178 1692 2237 sancti
1709 2174 1816 2241 ¹Sabini

145 2267 352 2324 Ascensionem
368 2267 496 2336 Domini,
508 2268 544 2323 ab
558 2265 698 2341 apostoIIa
708 2283 775 2325 cum
787 2269 865 2323 esset
880 2264 938 2338 ple

146 2373 203 2411 nus
216 2355 275 2412 ilde
287 2359 316 2411 et
329 2354 439 2429 Spiritu
463 2357 576 2421 sancto,
588 2354 729 2413 dlaconus
748 2358 793 2411 est
817 2354 936 2415 ordina-

146 2449 204 2514 tus,
216 2448 305 2517 atque
319 2445 420 2500 eodem
446 2460 524 2500 anno
544 2461 603 2519 quo
619 2447 647 2500 et
662 2443 795 2500 Christus
820 2460 936 2516 passus,

146 2551 163 2589 a
177 2533 288 2590 Iudaeis
302 2538 347 2590 est
361 2533 519 2607 lapidatus.
531 2534 640 2590 Eodem
660 2533 708 2589 die
731 2532 827 2588 natale
842 2533 936 2593 saucii

1026 2265 1164 2338 episcopi,
1177 2266 1352 2338 Exuperanli
1374 2270 1403 2322 et
1428 2267 1556 2323 Marcelli
1571 2262 1773 2335 diaconorum,
1788 2273 1818 2327 et

1025 2354 1197 2411 Venustiuni
1210 2373 1275 2411 cum
1290 2372 1378 2411 uxore
1393 2359 1421 2410 et
1436 2355 1504 2412 liliis
1520 2354 1609 2414 simul
1623 2358 1818 2435 martyrizatis

1028 2445 1083 2500 sub
1094 2444 1270 2500 Maximiano
1283 2443 1468 2517 imperatore.
1481 2446 1607 2504 Turonis
1619 2445 1819 2505 notabatur

1027 2533 1106 2606 petui
1121 2533 1248 2606 episcopi
1267 2537 1295 2589 et
1310 2534 1497 2592 confessoris.

146 2621 250 2678 Marini
266 2621 422 2679 clarissimi
432 2622 497 2690 viri,
507 2622 555 2696 qui
570 2621 701 2696 martyrii
716 2621 870 2694 praemium
881 2621 937 2677 sub
992 2622 1016 2678 II
1038 2622 1098 2678 llal.
1112 2623 1179 2680 Jan.
1191 2622 1288 2678 Roma
1303 2622 1398 2679 natale
1414 2624 1442 2680 S.
1460 2624 1590 2681 Silvestri
1607 2642 1688 2698 pape
1704 2629 1733 2681 ct
1746 2643 1818 2697 oon·

147 2711 321 2783 Imperatore
337 2710 478 2768 Martiano
494 2712 593 2768 Roma
608 2712 733 2784 adeptus
748 2715 802 2771 cst.

183 2800 256 2857 Obiit
270 2800 442 2871 Inpelholdas
455 2801 544 2857 miles.

109 2889 150 2945 VI
165 2887 228 2945 Kal.
240 2889 307 2946 Ian.
318 2889 401 2962 Apud
415 2889 561 2963 Ephesum
577 2889 673 2945 natale
688 2889 781 2945 saneti
794 2887 938 2947 Iohannis

147 2977 269 3051 apostoli
290 2983 319 3034 et
339 2978 522 3053 evangeliste
539 2977 636 3035 dilecti
651 2977 779 3035 Domini.
795 2975 847 3033 Hic
871 2980 937 3051 post

1028 2711 1157 2779 fossoris,
1170 2713 1255 2783 cujus
1266 2715 1348 2769 actus
1365 2712 1434 2769 clari
1451 2713 1606 2770 habentur.
1621 2715 1673 2771 llio
1689 2714 1744 2772 iuit
1754 2719 1819 2789 post

1027 2801 1145 2857 beatum
1166 2801 1282 2857 Petrum
1308 2800 1508 2874 apostolerum
1520 2818 1605 2859 xxxv.
1617 2800 1698 2865 Sedit
1720 2806 1819 2871 autem

1027 2890 1057 2945 in
1070 2889 1239 2962 episcopatu
1266 2906 1359 2946 annos
1383 2884 1750 2957 xx111,mensesv,diesxt.
1768 2888 1820 2963 llio

1027 2978 1132 3051 plenus
1144 2975 1303 3034 virtutibus
1313 2976 1385 3033 obiit
1399 2978 1429 3033 in
1444 2994 1526 3051 paee,
1536 2983 1566 3035 ct
1580 2978 1714 3052 sepultus
1729 2983 1774 3037 est
1787 2978 1818 3043 ip

1028 3054 1820 3141 seminaveramusvineariuspraetereundaeoa-

1029 3151 1136 3211 uuarii.
1148 3153 1231 3225 Apud
1242 3154 1370 3210 Senones
1379 3154 1531 3211 beatorum
1543 3155 1644 3213 Sabini
1654 3155 1782 3230 episcopi
1792 3159 1821 3215 et

1028 3241 1260 3314 Potentiani,qui
1281 3259 1297 3298 a
1315 3241 1409 3299 beatis
1434 3243 1574 3316 apostolis
1597 3245 1634 3300 ad
1659 3244 1819 3315 pradican-

1029 3333 1099 3388 dum
1116 3331 1228 3400 directi,
1240 3331 1391 3403 praefatam
1415 3333 1517 3388 urbem
1540 3332 1671 3406 martyrii
1687 3332 1732 3388 sui
1748 3349 1819 3400 can·

1029 3421 1155 3478 sessione
1170 3418 1313 3477 illustrem
1327 3421 1468 3478 iecerunt.
1483 3421 1566 3488 Item,
1576 3420 1706 3489 Senones
1721 3418 1819 3495 passio

1030 3511 1060 3566 S.
1076 3507 1223 3564 Columba
1244 3507 1376 3582 virginis,
1393 3525 1456 3580 quaa
1471 3510 1606 3583 superato
1629 3504 1698 3583 igno
1721 3507 1820 3583 gladio

1030 3613 1105 3654 casa
1119 3600 1174 3653 est.

1066 3685 1141 3741 Obiit
1156 3688 1289 3743 ,inomaus
1304 3688 1504 3745 Tricasinmsic
1518 3689 1668 3762 episcopua.

146 3066 224 3123 exilii
244 3066 463 3142 relegationem,
483 3071 552 3141 post
572 3065 763 3140 Apoealypsis
787 3065 936 3122 revelatio·

147 3173 214 3213 nem
229 3157 369 3225 diviuam,
382 3161 449 3231 post
462 3155 603 3231 evangelii
618 3155 855 3228 descriptionem,
873 3138 975 3217 con-C

149 3248 240 3304 Iactus
256 3247 338 3304 senio
352 3252 487 3303 mortuas
501 3248 546 3302 est
560 3249 627 3318 post
640 3244 808 3318 passionem
823 3242 937 3301 Itbmiai

148 3352 225 3394 anno
241 3353 336 3404 muru,
347 3336 441 3392 aetatis
455 3338 554 3391 autam
569 3351 630 3390 srva
644 3332 834 3408 nonagesimo
850 3349 937 3390 nono.

147 3430 181 3481 ln
196 3425 329 3498 partibus
341 3423 480 3498 Aquileia
496 3422 592 3480 natale
604 3423 633 3480 S.
647 3423 723 3479 Zoeli
736 3421 897 3497 presbyteri
912 3427 941 3479 et

148 3514 336 3571 contessoris.

110 3603 215 3660 Vlial.
231 3603 296 3660 Ian.
319 3602 467 3661 Bethleem
488 3601 584 3659 natale
608 3604 777 3658 sanctorum
800 3598 940 3656 Innocen-

149 3693 236 3762 tium,
247 3708 322 3767 quos
336 3692 464 3749 liorodes
479 3707 546 3748 curn
559 3688 667 3746 christi
682 3687 863 3744 nativitatem
879 3687 940 3745 Ma

551 3968 980 4137 aaaauuamuu
1011 4036 1383 4146 uinculuuu

959 4391 983 4457 Ι)
997 4405 1016 4464 g
1031 4390 1146 4445 XVIIII.
1163 4389 1197 4455 K,
1213 4390 1280 4445 Feb.
1300 4387 1403 4445 Felicis
1418 4388 1582 4445 Presbiteri.

995 4481 1019 4536 A
1034 4479 1135 4534 xv111.
1153 4477 1247 4552 Mauri
1261 4478 1334 4535 Abb.
1525 4534 1533 4541 ,

969 4576 971 4581 ’
998 4569 1016 4624 b
1036 4572 1124 4624 XVII.
1141 4567 1268 4624 Marcelli
1284 4582 1333 4640 pp.
1350 4571 1379 4621 et
1393 4566 1478 4621 Mart.

997 4674 1013 4713 c
1035 4657 1106 4713 XVI.
1123 4655 1221 4713 Savini
1234 4654 1369 4728 Episcopi
1385 4658 1414 4710 et
1427 4655 1554 4711 Antonii.

997 4746 1015 4801 d
1035 4745 1092 4801 XV.
1109 4743 1212 4800 Prisca
1228 4743 1262 4798 V.

997 4851 1013 4891 e
1035 4834 1123 4889 XIIII.
1142 4831 1273 4889 bassiani
1292 4831 1438 4906 Episcopi.

998 4924 1012 4978 s
1035 4923 1110 4978 XIII.
1127 4921 1247 4977 Fabiani
1264 4936 1313 4994 pp.
1330 4924 1359 4976 et
1374 4920 1411 4976 M.
1428 4921 1542 4979 Sebast.
1559 4922 1598 4979 M.

288 4393 351 4450 ion.
368 4393 521 4450 nanctum
534 4408 611 4460 xxxi,
628 4392 688 4448 lun.
704 4409 769 4449 xxx.

113 4484 137 4539 A
153 4483 209 4539 IIL.
225 4482 292 4540 tan.
308 4481 498 4538 circumcisio
512 4480 780 4542 Domini.lloniIatil
797 4497 845 4554 pp.

114 4572 134 4627 b
155 4575 219 4628 IIII.
232 4571 307 4628 Non.
319 4570 381 4627 Oct.
398 4570 498 4643 Staph.
515 4570 686 4644 'telesphori
703 4587 751 4643 pp.

115 4677 130 4716 c
155 4664 204 4716 ΙΙΙ.
221 4659 282 4717 Oct.
298 4658 405 4719 Iobau.
421 4662 544 4717 Anteros
559 4675 608 4732 pp.
623 4664 654 4715 et
669 4663 755 4715 mart.

115 4749 133 4805 d
155 4752 191 4804 II.
207 4748 270 4806 Oct.
291 4751 390 4806 Innoc.

116 4854 132 4895 e
156 4838 230 4895 Non.
245 4838 302 4913 vig.

117 4929 131 4984 i
155 4930 231 4983 VIM.
248 4926 291 4983 ld.
307 4927 472 5001 epiphoris
485 4926 612 4985 Domini.

115 5031 136 5092 g
154 5017 217 5072 VII.
998 5028 1017 5087 g
1035 5015 1098 5068 XII.
1111 5010 1232 5084 Agnetis
1248 5013 1279 5066 V.

115 5106 138 5161 A
154 5107 203 5162 VI.
997 5102 1020 5157 A
1034 5104 1084 5156 x1.
1100 5098 1245 5157 Vincentii
1261 5103 1289 5155 et
1303 5101 1449 5157 Anastasii
1464 5100 1501 5157 M.

115 5299 131 5339 o
154 5286 220 5340 1111.
236 5283 320 5341 Pauli
336 5284 424 5358 primi
439 5284 549 5341 herem.
567 5282 727 5358 Agalhonis
742 5300 791 5357 pp.
999 5297 1014 5337 c
1037 5279 1124 5334 VIlIl.
1141 5276 1286 5334 'timothei
1301 5277 1441 5351 Apostoli.

116 5373 134 5430 d
154 5375 206 5432 111.
220 5372 321 5448 Ygiuii
337 5390 386 5447 pp.
403 5377 431 5430 et
450 5373 535 5430 Mart.
998 5370 1017 5426 d
1037 5371 1112 5424 VIII.
1129 5366 1284 5424 Conversio
1297 5370 1325 5422 S.
1343 5366 1435 5423 Pauli.

116 5478 132 5520 e
157 5466 194 5522 II.
998 5475 1014 5516 e
1037 5457 1099 5515 VII.
1116 5454 1213 5512 Paule
1228 5455 1401 5513 Abbatiseoe.

115 5551 132 5610 t
156 5552 237 5615 Idas.
253 5552 317 5614 Oct.
332 5551 485 5628 Epyphan.
999 5549 1014 5608 t
1037 5550 1087 5605 VI.
1101 5542 1241 5605 Vltallanl
1254 5561 1304 5620 pp.

277 5681 411 5746 Parnon.
434 5676 624 5742 CXXXVIII.
