3878 6098
701 254 1226 341 naemeotoa.snrrss1on.
1741 256 1819 349 hio

219 412 363 471 December
377 412 457 469 babet
470 410 538 484 dies,
553 429 630 480 arm,
647 411 743 467 lienam
756 428 832 468 xxix.
950 409 981 478 -Ἇ
993 409 1069 467 llVIl
1086 409 1147 467 llal.
1164 411 1193 467 S.
1210 410 1360 468 Valentini
1376 413 1505 486 episcopi
1520 418 1549 471 et
1564 418 1748 478 contessoris.

113 501 175 562 nai.
205 503 384 561 Deoembris.
412 503 584 559 Sanctorum
615 505 777 575 martyrum
803 499 938 566 meanti,
992 500 1054 557 XVI
1070 498 1130 556 Ital.
1147 501 1175 556 S.
1193 501 1297 575 Ignatii
1314 502 1485 576 episcopiet
1501 505 1647 579 martyris.

149 591 254 660 Mauri,
266 591 360 648 Darire
375 590 524 663 martyris,
538 589 625 662 Eligii
639 588 777 661 episcopi.
992 588 1041 643 XV
1058 586 1127 653 ilai.
1151 589 1181 644 S.
1207 587 1349 661 Simplicii
1374 590 1513 672 episcopi.
1541 594 1590 650 Sol
1618 594 1648 650 in
1677 596 1818 670 Capricor.

110 681 150 739 IV
162 683 270 738 Nonae.
287 681 316 737 S.
335 678 458 752 Longini
474 678 576 734 militis
591 683 619 733 et
634 677 782 749 martyris.
1029 679 1118 732 niam.

109 772 150 829 Ill
164 772 272 827 Nonas.
290 770 319 826 S.
336 768 417 825 Lucii
434 767 511 841 regis
527 771 556 822 et
570 766 757 822 confessoris.
993 764 1064 822 XIV.
1082 765 1145 822 Kal.
1162 767 1191 823 S.
1208 767 1344 834 Secundi,
1360 768 1467 824 Zozimi
1484 770 1630 844 martyris.

111 862 136 918 ll
148 862 257 917 Nonas.
274 858 302 916 S.
323 859 455 914 Barbara
470 856 593 929 virgime
608 860 636 911 ct
651 854 799 927 martyris.
1028 855 1093 911 x111
1110 854 1172 912 llal.
1188 855 1218 911 S.
1234 856 1382 913 Anastasii
1398 857 1527 932 episcopi
1542 864 1570 916 et
1585 862 1760 922 confessoris
1772 866 1819 923 Vi-

110 950 220 1007 Nouas.
236 949 266 1004 S.
283 944 419 1003 ‘l'almatii
431 945 579 1019 martyris.
1029 943 1109 1016 gilio.

112 1039 177 1096 VIII
192 1039 271 1095 Idus.
289 1037 319 1093 S.
335 1035 445 1092 Nicolai
459 1034 587 1108 episcopi
601 1039 630 1089 et
641 1032 840 1106 Hermogenis.
994 1032 1043 1089 llll
1059 1033 1120 1088 llal.
1147 1033 1175 1089 S.
1203 1034 1311 1093 Ilionae
1330 1036 1446 1109 apostoli
1467 1037 1498 1093 in
1524 1037 1610 1095 India.
1627 1039 1822 1102 Hrnnromuua
1862 1040 1864 1046 ’

111 1129 164 1185 Vll
193 1122 272 1184 idua.
301 1125 409 1182 Oolara
434 1128 463 1180 S.
488 1125 608 1179 Andreae
637 1120 771 1195 apostoli,
801 1122 939 1179 Manlurii
1029 1136 1196 1179 arraoorus.

149 1216 298 1289 martyris.
994 1212 1030 1268 XI
1045 1210 1109 1268 Kal.
1126 1213 1155 1268 S.
1173 1212 1343 1270 Theodosia
1358 1213 1490 1288 virginis.

112 1306 151 1364 Vl
166 1306 246 1362 Idus.
262 1305 436 1361 Sanctorum
460 1303 661 1359 consessorum
684 1300 942 1368 Eutioianhlluse·
994 1299 1095 1356 llKaI.
1112 1301 1141 1356 S.
1158 1300 1292 1358 Victoris
1307 1302 1429 1377 virginis
1444 1309 1473 1361 et
1488 1306 1637 1380 martyris.

150 1394 191 1450 hii
210 1398 239 1450 et
251 1393 468 1468 episcoporum.
995 1386 1031 1444 IX
1047 1388 1108 1445 lial.
1126 1388 1231 1462 Vigilia
1245 1389 1357 1448 Natalis
1372 1391 1498 1449 Domini.

113 1481 230 1541 Vldus.
247 1483 298 1539 SS.
313 1485 475 1554 martyrum
492 1477 580 1546 Petri,
596 1477 738 1534 successi.

106 276 191 343 :laon

994 1473 1058 1532 VIII
1075 1476 1136 1532 Kal.
1152 1476 1303 1534 Narrmres
1323 1479 1431 1536 Danau
1450 1498 1549 1539 noar-ru
1567 1483 1638 1543 Iesu
1657 1485 1784 1545 Cusrsrt.

113 1573 153 1628 IV
165 1573 245 1628 Idus.
261 1571 291 1627 S.
307 1568 425 1627 llulaliae
440 1567 562 1641 virginis
575 1570 605 1624 et
618 1567 765 1640 martyris.
994 1565 1046 1622 Vll
1062 1565 1124 1622 llal.
1140 1567 1248 1623 Natalis
1262 1569 1291 1622 S.
1307 1568 1442 1642 Stephani
1453 1578 1673 1645 praenomen.

113 1663 154 1720 lll
169 1662 248 1717 Idus.
264 1661 294 1716 S.
311 1659 429 1715 Damasi
445 1674 537 1731 pape.
994 1652 1033 1709 Vl
1048 1653 1110 1711 llal.
1126 1656 1154 1711 S.
1169 1657 1306 1713 Iohannis
1320 1648 1437 1730 apostoli
1450 1667 1476 1715 et
1489 1661 1673 1732 wanaeliste.

114 1753 141 1810 ll
169 1751 248 1807 Idus.
279 1749 308 1805 S.
339 1747 452 1804 Finiaui
485 1743 613 1818 episcopi
647 1749 675 1801 et
703 1744 849 1818 martyris.
878 1746 942 1801 aas
995 1742 1094 1799 Vllal.
1111 1742 1162 1800 SS.
1180 1745 1383 1802 Innocentium
1400 1751 1573 1822 martyrum.

997 1829 1036 1887 tv
1049 1831 1113 1888 Kal.
1131 1833 1161 1890 S.
1176 1832 1280 1889 Felicis
1296 1850 1377 1907 papa
1391 1839 1420 1892 ot
1434 1837 1582 1910 martyris.

998 1923 1037 1977 lll
1051 1920 1111 1978 llal.
1129 1922 1158 1979 S.
1175 1921 1309 1993 Perpetui
1325 1923 1456 1996 episcopi
1471 1925 1661 1982 Turonensis.

999 2011 1067 2068 IIS.
1084 2009 1215 2067 Silvestri
1231 2026 1322 2084 papa,
1340 2010 1487 2071 Columba
1501 2012 1633 2089 virginis.
1650 2032 1656 2041 ’

150 1839 259 1912 AEaypt.

115 1929 195 1986 Idus.
211 1929 242 1984 S.
259 1925 353 1983 Lucia
369 1923 491 1997 virgime
502 1929 531 1980 et
544 1922 692 1996 martylis.

116 2017 177 2075 lllll
193 2015 255 2073 Kal.
271 2015 370 2072 IanS.
382 2012 490 2069 Nioasii
504 2011 633 2086 episcopi
648 2015 677 2068 et
692 2010 881 2068 confessoris.

116 2106 215 2164 xvnl.
232 2104 331 2161 ilalS.
347 2101 495 2160 AureIIani
508 2101 636 2175 episcopi
652 2103 682 2158 et
694 2100 945 2158 ooniessorislties

154 2196 263 2268 AEontt·

241 2525 672 2618 MARTYROLOIIIUM
707 2525 921 2616 INSIGNIS
949 2523 1198 2618 ecthesin
1226 2526 1705 2622 ANTISSIODORIINSIS

867 2737 1053 2754 *flu-nud-

427 2902 637 2961 IANUARIUS.

228 2996 297 3053 tani
307 2994 399 3066 prima
415 2991 473 3050 dies
486 3001 513 3051 et
525 2994 637 3065 septimo
651 2992 705 3062 tine
719 2991 840 3049 tirnetnr.

120 3083 262 3146 Kalendis
275 3080 599 3141 Ianuariciroumoisio
613 3084 642 3136 et
657 3085 758 3138 octava
772 3079 888 3137 Domini
899 3098 948 3137 uo-

961 2903 983 2970 G
998 2902 1088 2959 Nonis
1103 2901 1325 2960 Ianuar.ltoma
1341 2903 1447 2962 natalis
1462 2905 1555 2963 sancti
1565 2904 1733 2980 Telesphori
1746 2925 1827 2982 pape

1037 2995 1066 3047 at
1080 2992 1227 3065 martyris.
1243 2991 1430 3067 ierosolyma
1454 2996 1484 3052 n.
1502 2995 1646 3053 Simeonis
1670 2995 1828 3071 prophete,

1037 3080 1088 3153 qui
1105 3080 1261 3137 Dominum
1277 3085 1410 3138 nostrum
1425 3083 1520 3139 Iasum
1539 3082 1732 3146 Cssraruuiu
1744 3084 1830 3143 ulnas

159 3171 212 3227 etri
227 3170 297 3228 tusa
313 3172 440 3227 dirarari.
452 3171 550 3226 Rome
566 3168 742 3225 SAlmechii
758 3168 906 3242 martyris,
919 3174 948 3226 et

68 3313 70 3323 .
159 3257 950 3334 &ManiusvirginisetmartyrisApudSpoletumcivi-

159 3347 947 3424 tatempaesioS.Concordiimartyriahpudcensaream

148 3437 347 3514 Cappadociae
363 3437 469 3495 natalis
483 3436 513 3494 S.
529 3435 630 3494 Basilii
645 3433 773 3509 episcopi
789 3440 818 3492 et
833 3435 948 3492 conlea-

159 3528 281 3586 aoris.lu
307 3527 401 3584 Allica
424 3525 530 3582 natalia
554 3527 583 3582 S.
607 3524 752 3598 Fulgentii
776 3522 905 3597 episcopi
921 3528 950 3581 et

159 3617 345 3674 contessoris.
357 3615 442 3688 Apud
457 3614 661 3671 Alexandriam
675 3614 704 3669 S.
716 3611 877 3670 Eulloainae
890 3610 948 3668 vir-

159 3705 245 3781 ginis.
263 3707 296 3762 ln
324 3704 470 3761 territorio
496 3700 686 3776 Lugdunensi
711 3700 828 3757 natalis.
845 3698 875 3756 S.
892 3701 949 3757 llu-

159 3794 246 3870 gendi
263 3793 377 3851 abbatis
394 3790 536 3850 Ravenna
551 3788 680 3848 SSereri
697 3788 864 3862 episcopi'et
874 3804 950 3845 man

157 3885 241 3958 tyris.
257 3885 330 3940 Item
344 3881 480 3939 Romana
496 3887 658 3954 martyrum
668 3895 733 3935 xxx.

1039 3171 1245 3242 aocepItApud
1260 3169 1444 3227 Antiochiam
1456 3170 1485 3227 in
1496 3171 1620 3230 eeclesia
1633 3189 1698 3246 qua
1710 3177 1831 3230 vocatur

1038 3260 1222 3327 Paenitentia,
1238 3259 1381 3333 depositio
1407 3260 1553 3318 SImaonis
1574 3258 1711 3318 monaehi
1732 3261 1828 3334 quiin

1039 3348 1176 3405 columna
1189 3349 1277 3405 stetit.

1076 3437 1150 3492 Obiit
1177 3438 1315 3492 librandus
1343 3437 1423 3493 subd.
1443 3445 1469 3493 et
1495 3453 1605 3502 canon,
1630 3438 1678 3514 pai
1700 3437 1771 3498 tata
1799 3440 1829 3494 in

1039 3525 1190 3582 claustra-m
1204 3525 1360 3598 [eamdam
1376 3542 1392 3581 c
1406 3525 1511 3592 solidis,
1530 3524 1603 3583 dedit
1617 3528 1701 3582 etiam
1720 3527 1831 3584 domam

1037 3630 1116 3670 snam
1129 3615 1269 3670 mnenicis
1283 3622 1310 3670 et
1323 3616 1427 3683 nitreas,
1444 3615 1493 3671 hac
1514 3622 1593 3687 poeto
1612 3623 1644 3671 at
1664 3617 1764 3687 [ratres
1784 3619 1831 3673 sni

1038 3704 1263 3759 anniuersarium
1274 3703 1333 3775 esar
1347 3703 1419 3759 dnm
1435 3703 1499 3760 inde
1511 3705 1644 3776 sanent,
1658 3712 1685 3761 at
1703 3707 1831 3762 canona

1039 3794 1178 3849 canonicis
1192 3793 1365 3864 refectionem
1387 3794 1579 3869 persolverent.
1594 3793 1672 3864 Quod
1693 3794 1719 3850 si
1739 3795 1830 3866 sacac

1038 3889 1204 3947 recusarent,
1224 3882 1353 3938 connisi
1373 3880 1484 3938 domam
1506 3889 1532 3937 et
1552 3882 1645 3940 vineas
1659 3881 1713 3939 sibi
1726 3883 1829 3956 accipe·

78 3976 82 3982 ’
195 3972 270 4029 Obiit
293 3971 421 4031 Itobertas
447 3972 537 4028 tacita
558 3976 584 4026 et
606 3969 763 4026 anonam.
780 3968 843 4040 Ipsa
860 3967 951 4025 ticin

158 4063 296 4119 territorio
309 4062 485 4127 nanentensi,
501 4058 620 4116 careobio
634 4057 795 4125 Sitniniaco,
814 4055 950 4130 'tepentia

157 4150 252 4207 marni
267 4149 405 4206 ordilonis
422 4149 614 4206 thniacensis
628 4148 744 4203 abbatis.

123 4240 160 4296 IV
176 4239 273 4296 Nonas
287 4238 465 4295 ianuariiln
475 4236 623 4293 Thebaide
638 4234 782 4308 depositio
794 4233 873 4291 beati
889 4233 949 4290 Ma·
1038 4237 1126 4294 vitale
1140 4236 1298 4294 Antiochia
1309 4238 1415 4295 natalis
1426 4239 1520 4296 saneti
1534 4236 1641 4296 Iuliani
1656 4234 1792 4309 martyris
1803 4240 1832 4293 et

158 4327 251 4383 charii
267 4326 430 4384 abbatialit
443 4325 474 4381 iu
490 4324 580 4381 Ponto
595 4323 711 4381 civitate
727 4320 849 4380 Themis
859 4323 949 4380 trium
1041 4326 1185 4383 Basilisses
1201 4331 1236 4383 et·
1243 4324 1318 4384 Celsi
1332 4327 1413 4400 pueri
1428 4332 1457 4384 et
1471 4325 1667 4393 Marcianilla,
1677 4329 1705 4381 et
1713 4324 1830 4381 Antonii

1040 3979 1109 4038 rent,
1125 3978 1151 4026 et
1164 3971 1389 4028 anniversariam
1402 3970 1474 4026 &ern
1487 3987 1550 4028 eam
1564 3970 1741 4044 ebenwsynis
1750 3979 1777 4028 et
1789 3989 1831 4029 re·

1038 4061 1153 4132 sectione
1166 4059 1342 4116 celebrarent.

1003 4150 1066 4205 VIII
1083 4149 1150 4204 Idus
1165 4148 1474 4224 JenunriilipiphenIa
1488 4149 1604 4206 DomIni
1621 4150 1723 4208 nostri.
1737 4152 1769 4206 In
1790 4150 1829 4204 ci-

160 4416 284 4472 tratrum
307 4414 403 4490 Argei,
423 4412 563 4481 Narcissi,
578 4416 608 4470 at
631 4411 790 4469 Mareelllni
816 4411 899 4486 pueri
922 4417 953 4469 et

161 4509 247 4561 mart.
265 4506 297 4561 lu
314 4503 406 4561 Frisia
420 4503 518 4578 passio
535 4502 565 4559 S.
582 4500 740 4578 'theaginis
756 4501 903 4575 martyris.

127 4593 165 4650 III
182 4593 281 4650 Nonas
295 4593 416 4650 Januar.
433 4592 531 4649 Roma
547 4588 656 4648 natalis
669 4590 699 4646 S.
715 4588 859 4647 Antheros
870 4605 952 4664 papa

159 4687 189 4738 et
204 4681 351 4759 martyris.
368 4681 500 4737 Parisios
518 4679 661 4754 depositIo
677 4682 784 4736 sauma
800 4679 951 4736 (lenovelee

1017 4430 1020 4434 ’
1042 4416 1202 4489 presbyteri
1227 4420 1256 4473 et
1283 4414 1428 4473 Anastasii
1443 4416 1615 4488 martyrum.
1632 4417 1663 4468 Iu
1685 4410 1829 4469 territorio

1042 4505 1178 4562 Remensi
1195 4506 1293 4578 passio
1308 4508 1413 4562 sancta
1430 4503 1542 4577 Magna
1556 4500 1830 4573 uirginislutisaio·

1042 4593 1115 4649 dero
1126 4593 1280 4649 translatio
1293 4593 1387 4648 sancii
1401 4590 1536 4647 Germani
1552 4588 1740 4646 confessoris.

1077 4681 1152 4737 Obiit
1164 4683 1292 4738 dominas
1311 4681 1348 4737 W.
1365 4681 1445 4754 haja
1466 4687 1568 4738 sancte
1588 4679 1708 4758 accarca
1729 4681 1831 4752 episco-

1041 4786 1102 4842 pns.
1118 4771 1177 4842 lpse
1189 4771 1234 4826 dic
1251 4769 1391 4826 Wadi-iens
1403 4769 1484 4826 mites
1495 4764 1528 4827 dc
1544 4768 1684 4826 Waraiaco
1696 4768 1772 4826 abiit.

1005 4857 1055 4914 VII
1071 4860 1139 4915 Idus
1152 4859 1273 4916 Ianuar.
1291 4856 1402 4915 Relatio
1416 4857 1488 4916 iesu
1504 4875 1539 4915 ex
1550 4858 1718 4933 AEgyptaln
1733 4855 1832 4912 Antio-

1042 4947 1107 5004 chia
1122 4946 1228 5005 natalis
1239 4947 1332 5004 sanati
1342 4946 1463 5004 Luciani
1474 4945 1635 5021 presbyteri
1644 4949 1673 5002 et
1683 4942 1830 5018 martyris,

1041 5036 1092 5108 qui
1107 5037 1137 5092 in
1153 5041 1280 5108 quatuor
1294 5036 1427 5109 partibus
1443 5040 1488 5092 est
1503 5035 1626 5100 divisus,
1640 5037 1670 5090 et
1684 5033 1713 5088 in
1729 5032 1829 5104 siugu-

158 5142 222 5182 nns.
1041 5125 1078 5182 lis
1093 5126 1239 5197 lapidibus
1254 5125 1363 5201 ligatus
1379 5130 1407 5182 et
1423 5127 1451 5181 iu
1465 5141 1546 5180 mare
1561 5138 1687 5180 marsus.

124 5214 221 5272 Pridie
237 5231 330 5273 nonas
343 5217 464 5272 Ianuar.
480 5215 564 5287 Apud
589 5215 703 5271 Cretam
729 5211 835 5268 natalis
850 5210 878 5268 S.
896 5210 952 5266 Titi
1006 5214 1042 5269 VI
1060 5215 1128 5271 Idus
1143 5214 1449 5290 IanuariiNeapoliin
1462 5211 1622 5286 Campania
1632 5209 1724 5266 sancti
1735 5206 1831 5266 Severi

160 5303 361 5376 apostolorum
386 5302 536 5376 discipuli.
562 5302 660 5359 Roma
680 5301 732 5357 SS.
749 5304 834 5357 mart.
860 5298 952 5356 Prisci
1042 5304 1227 5372 contessoris,
1244 5303 1383 5360 Bclvueus
1399 5303 1493 5359 sancti
1518 5298 1638 5357 Luciani
1658 5294 1830 5371 presbytcri,

161 5393 322 5467 presbyteri
339 5399 368 5450 et
382 5392 558 5450 PriariIIIani
573 5397 601 5448 et
617 5390 777 5448 Benedicta
792 5387 952 5462 religiosis·
1043 5392 1210 5449 Maximiani
1228 5396 1257 5450 et
1270 5390 1380 5451 ,Iuliani
1391 5394 1564 5466 martyrum.

1103 5482 1176 5538 tibiit
1191 5483 1350 5538 Anastasius
1365 5483 1503 5538 Saeuam
1514 5477 1741 5550 archiepiscopus.

1006 5570 1030 5624 V
1046 5572 1114 5628 Idus
1130 5572 1251 5628 Ianuar.
1268 5570 1351 5643 Apud
1366 5574 1521 5642 Smyrnam
1536 5564 1642 5624 natalis
1657 5560 1832 5635 SS.Vitalis,

159 4769 292 4844 virginIs.
308 4770 339 4827 ln
353 4768 469 4828 eivitate
482 4769 596 4826 Aulaua
618 4767 717 4842 passio
741 4767 771 4824 S.
787 4766 874 4835 Petri,
900 4768 952 4845 qni

159 4859 257 4916 crucis
271 4857 416 4932 supplicio
437 4863 482 4916 eat
504 4857 708 4929 iuteremptus.
723 4854 842 4912 Vienna
857 4854 952 4912 sancti

159 4946 452 5021 Florentiiepisoopi.

196 5037 270 5094 Obiit
285 5036 448 5095 distcbntta
462 5039 642 5110 episcoparet
658 5034 775 5091 Abienits
785 5031 953 5090 orchidiace

160 5481 242 5538 aima
258 5481 372 5539 teminae
387 5486 416 5538 et
431 5483 523 5538 beatae
538 5481 664 5537 Dairose
680 5478 828 5552 martyris,
840 5480 869 5534 et
882 5475 952 5534 alin-

162 5584 227 5625 rum
242 5584 280 5626 vu
296 5576 381 5627 mart.
