3878 6098
173 260 230 324 95l

568 268 733 330 APPliND.
758 270 807 330 AO
826 262 923 330 SAEG.
945 269 982 329 Χ.
999 303 1039 314 -
1053 269 1309 336 mutuatarius
1326 276 1483 340 struae.

1820 280 1886 351 952,

173 398 259 458 latus
274 416 399 474 agnosce
414 416 421 456 τ
438 399 573 458 horresce
596 401 681 470 idola,
698 419 802 474 respue
827 402 997 472 simulacra,
1011 402 1039 472 Α
1054 409 1161 461 sanctae
1177 406 1272 464 crucis
1287 407 1373 465 tronti
1390 410 1455 482 ejus
1470 410 1547 483 quod
1563 398 1780 482 nosdamus,tu
1792 413 1881 472 male-

174 489 236 551 cols
249 488 341 546 Deum
357 489 471 546 Patrem
487 490 721 564 omnipotentem¹
733 495 762 547 et
775 492 877 548 Jesum
898 493 998 549 Chris-

172 583 237 637 tum
252 578 359 636 Filium
375 581 449 651 ejus,
466 580 516 652 qui
536 597 602 636 cum
628 579 737 653 Spiritu
763 587 862 638 sancto
886 581 956 638 vivit
970 587 1000 639 et

171 674 277 745 regnat
288 670 318 726 in
335 670 441 727 secula
456 671 640 726 saeculorum.
656 673 757 727 Amen.

554 761 624 816 Atio.

210 851 410 922 Tedeprecor,
426 849 558 915 Domine,
582 854 681 906 sancte
706 851 792 926 Pater
814 852 998 926 omnipotens

174 946 281 997 eterna
295 939 382 1004 Deus,
398 943 431 993 ut
446 937 514 993 huic
530 938 640 995 lamule
653 943 714 1002 tuo,
725 940 776 1013 qui
787 939 816 995 in
833 940 931 997 saculi
948 940 1000 996 hu-

170 1020 222 1102 jus
238 1033 321 1085 nocte
334 1032 420 1100 vagat
434 1027 563 1084 incertus
582 1031 611 1084 et
634 1029 753 1092 dubius,
769 1029 845 1084 riam
870 1029 999 1087 veritatis

174 1123 203 1175 et
217 1117 375 1190 agnitionis
391 1121 447 1173 ture
460 1118 566 1187 jubeas
582 1117 941 1190 demonstrarc,quatinus
957 1136 999 1174 ra·

173 1207 279 1264 seratis
294 1206 385 1263 oculis
401 1205 497 1262 cordis
512 1207 557 1262 sui
573 1210 601 1262 te
616 1223 708 1261 unum
728 1207 821 1262 Deum
838 1207 952 1263 Patrem
969 1208 998 1264 in

174 1295 246 1355 Filio
261 1300 290 1352 et
306 1295 411 1352 Filium
429 1296 457 1351 in
475 1297 556 1352 Patre
571 1312 638 1351 eum
660 1300 760 1352 sancto
784 1295 894 1368 Spiritu
920 1314 999 1353 reco-

171 1390 396 1460 gnoscat‚atque
410 1385 498 1442 istius
514 1385 706 1441 consessionis
721 1385 848 1441 fructum
860 1385 906 1442 hic
917 1385 970 1442 inl
989 1419 999 1429 -

173 1482 239 1533 turo
255 1474 361 1533 saeculo
377 1475 524 1549 percipere
540 1477 696 1530 mereatur.
713 1473 774 1530 Per.

549 1564 621 1620 Atta.

210 1663 311 1718 Preces
327 1661 453 1721 nostras,
465 1653 880 1727 quaesunruS,One,clcmcnter
894 1656 997 1711 exaudi

1052 492 1130 550 dicte
1145 494 1259 551 diabole
1275 514 1428 570 nunquam
1442 495 1552 558 audeas
1567 498 1685 559 violare.

1301 589 1367 643 item
1380 605 1463 662 ευμεν
1483 591 1627 647 musculos.

1088 671 1222 730 Oremus.
1238 674 1324 741 Audi,
1341 675 1494 734 maledicte
1509 680 1642 746 Satanas,
1656 681 1813 753 adjuratus
1829 701 1881 756 per

1054 779 1158 819 nomen
1171 764 1269 819 aterni
1282 764 1374 832 Oci,et
1384 766 1542 825 Salvatoris
1553 769 1644 825 nostri
1658 770 1725 828 Filii
1734 773 1801 844 ejus
1812 790 1879 829 cum

1053 856 1104 907 tua
1131 853 1225 909 iricius
1256 853 1365 912 invidia
1394 860 1524 913 tremens
1547 874 1728 932 gemensque
1752 861 1878 920 discede.

1053 940 1130 996 Nihil
1147 941 1197 997 tibi
1214 943 1253 998 sit
1268 959 1423 1000 commune
1437 961 1506 1001 eum
1522 962 1603 1003 servo
1618 944 1671 1004 Dei
1676 948 1741 1021 jam
1752 948 1880 1008 coelestia

1053 1030 1208 1102 cogitante,
1225 1032 1425 1089 renuntiaturo
1441 1033 1493 1090 tibi
1510 1052 1527 1091 a
1541 1035 1647 1092 seculo
1664 1041 1727 1109 tuo,
1742 1043 1772 1094 et
1790 1040 1879 1096 beatas

1053 1118 1267 1175 immortalitati
1282 1120 1450 1178 victuro.Oa
1464 1122 1703 1196 igiturhonorcm
1716 1127 1880 1185 advenienti

1054 1207 1173 1280 Spiritui
1189 1210 1352 1281 sancto,qni
1368 1227 1402 1265 ex
1417 1212 1608 1269 summacoeli
1619 1231 1686 1270 aree
1697 1215 1878 1275 descendens

1054 1296 1232 1369 perturbatis
1249 1297 1400 1355 fraudibus
1416 1299 1474 1356 tuis
1493 1300 1591 1358 divino
1615 1301 1694 1358 tonte
1719 1312 1878 1378 purgatum

1054 1390 1156 1458 pectus
1167 1385 1245 1441 idem
1257 1388 1473 1444 sanctificatum
1484 1392 1540 1446 Oeo
1550 1389 1693 1463 templum
1705 1397 1735 1448 et
1746 1392 1878 1450 habitum

1054 1473 1195 1547 perficiat,
1211 1479 1240 1530 ct
1252 1476 1288 1530 ab
1303 1475 1441 1532 omnibus
1457 1477 1573 1550 penitus
1599 1479 1693 1535 noxiis
1719 1482 1880 1553 praeterito-

1054 1580 1119 1619 rum
1136 1563 1293 1619 criminum
1308 1563 1446 1621 liberatas
1461 1582 1562 1643 servus
1577 1566 1626 1623 Dei
1638 1568 1752 1641 gratias
1762 1572 1879 1642 perenni

1053 1651 1112 1709 Deo
1121 1652 1385 1726 roseratsemperet
1395 1654 1546 1711 benedicat
1554 1673 1659 1712 nomen
1668 1658 1735 1729 ejus
1746 1664 1878 1715 sanctum

173 1757 203 1809 et
217 1752 295 1807 hunc
311 1747 435 1805 electum
452 1750 537 1800 tuum
554 1742 649 1799 crucis
663 1743 820 1799 Dominioae
846 1746 930 1815 eujus
946 1744 999 1801 im·
1014 1777 1037 1841 B
1054 1741 1083 1796 in
1097 1738 1202 1798 secula
1218 1739 1402 1798 seculorum.
1419 1742 1609 1818 Annendirgo,
1628 1743 1794 1816 maledicte,
1807 1751 1859 1806 cte.

174 1839 323 1914 pressione
336 1852 403 1893 cum
419 1835 572 1908 signamus
586 1832 692 1888 virtute
703 1833 827 1900 custodi,
843 1838 875 1888 ut
888 1850 999 1908 magm-

173 1928 285 1987 tudinis
299 1931 356 1983 tuas
370 1923 536 1981 rudimenta
551 1939 671 1978 servans
682 1938 733 1994 per
743 1922 905 1978 custodiam
918 1940 999 1980 man·

174 2022 309 2077 datorum
324 2021 442 2072 tuorum
459 2013 494 2068 ad
508 2011 737 2086 regenerationis
751 2011 873 2084 gloriam
898 2027 998 2085 perra-

174 2108 235 2166 nirc
251 2110 406 2164 mereatur.
420 2103 480 2159 Per.

551 2192 623 2246 Atio.

208 2287 312 2358 Accipe
327 2281 511 2357 signaculum
526 2276 576 2335 Dei
592 2278 686 2334 Putris
700 2283 729 2334 ot
744 2278 806 2335 Filii
823 2285 851 2335 rt
871 2281 997 2354 Spiritus

173 2377 275 2434 sancti.
292 2375 353 2430 llice
366 2376 460 2426 cutem
474 2370 509 2424 ed
523 2368 638 2424 ευυιιευι
657 2370 805 2439 μανυυιυνη
831 2373 997 2427 catechume-

172 2482 248 2531 num,
266 2463 294 2518 id
308 2468 347 2518 εει
360 2460 467 2515 doctum
489 2457 656 2530 pecundum,
674 2459 726 2513 ιἐιυ
750 2460 873 2530 sequitur
898 2463 996 2518 cretio.

172 2555 306 2611 Oramus.
323 2547 514 2621 Omnipotens
533 2544 709 2618 sempiterne
736 2547 920 2612 translator
944 2549 997 2605 Dni

172 2643 218 2700 nri
233 2642 289 2699 lbu
304 2637 358 2712 Xpi
373 2634 516 2710 respicere
531 2634 660 2708 dignare,
675 2639 729 2690 etc.

207 2732 340 2790 Oramus.
357 2725 493 2784 Exoreizo
510 2728 547 2791 te,
568 2728 701 2779 creatura
726 2724 808 2790 salis,
823 2725 853 2781 in
878 2728 996 2785 nomine

170 2821 220 2879 Dei
237 2818 330 2876 Patris
344 2814 564 2888 omnipotentis,
581 2814 749 2885 stabelitate
760 2814 855 2870 ἐυιενυ
870 2817 922 2872 iate
936 2833 996 2873 oro-

170 2914 243 2968 tione
258 2911 405 2975 interroget
420 2905 535 2959 neruiue
549 2903 725 2971 stupratorem
747 2911 772 2959 et
792 2913 877 2975 pouut
890 2906 922 2961 de
938 2909 995 2979 ipso

169 3001 226 3056 aute
240 3001 270 3053 iu
284 3012 330 3052 ore
345 2995 496 3067 interritum
511 2994 549 3048 itu
563 2991 675 3047 diceudo
691 3010 700 3046 :
715 2992 818 3065 Accipe
843 2993 933 3050 saleni
950 3014 995 3052 sa·

169 3086 284 3161 pientiae
300 3082 475 3161 propitiatus
490 3082 520 3136 in
536 3080 623 3136 vitam
640 3085 789 3136 eternam.
803 3083 860 3138 Pax
875 3083 936 3139 tibi.

1297 1831 1391 1888 Orutro
1405 1850 1487 1905 asper
1503 1835 1632 1905 ιενμιυυε.

1088 1920 1874 1993 ονεηνυε.1)ευεΑιννυινυῐυ,ὓευεΙευυε,ὓευειυεοιν,ειε.

1243 2015 1313 2067 ltem
1327 2013 1415 2068 oratic
1427 2028 1509 2083 ευμεν
1522 2015 1687 2069 musculum.

1044 2134 1047 2141 ·
1088 2098 1221 2156 Oremus.
1240 2099 1373 2155 llxoreiso
1388 2103 1426 2166 ta,
1443 2101 1595 2157 immunde
1611 2102 1746 2175 spiritus,
1764 2109 1819 2161 cte.

1262 2191 1324 2247 llaec
1339 2192 1427 2246 cretio
1445 2207 1527 2263 ευμεν
1538 2193 1667 2265 semia-es.

1088 2279 1221 2336 Oremus.
1238 2278 1427 2348 Exoreizote,
1443 2279 1597 2337 immunde
1611 2282 1876 2356 spiritusperPat-

1051 2371 1167 2423 tremet
1183 2367 1307 2435 Fi†lium
1323 2372 1352 2424 ct
1366 2368 1503 2441 spiritum
1520 2375 1533 2435 t
1552 2374 1700 2436 sanctum,
1716 2378 1774 2430 otc.

1167 2459 1232 2513 ltem
1246 2459 1332 2514 cretio
1348 2458 1420 2513 uude
1433 2475 1518 2528 ευμνυ
1531 2461 1625 2515 stetim
1638 2460 1767 2517 ituenda.

1088 2545 1221 2602 Oremus.
1234 2547 1380 2602 AEtarnam
1394 2564 1425 2602 ac
1435 2547 1633 2619 justissimam
1646 2550 1787 2622 pietatem
1799 2557 1873 2607 tuam

1051 2635 1200 2707 deprecor,
1218 2634 1350 2702 Domine,
1367 2639 1421 2692 etc.

1087 2725 1135 2781 llic
1147 2732 1208 2797 μνει
1223 2726 1275 2780 ista
1289 2724 1421 2782 diucouus
1437 2726 1511 2795 tepet
1529 2728 1704 2796 eiruupetium
1727 2746 1811 2803 ευμεν
1834 2733 1873 2800 ἱμ-

1048 2815 1138 2885 [cutes
1153 2833 1163 2869 :
1179 2813 1320 2870 Dominus
1335 2814 1665 2887 vobiscum.Seq.ssncti
1682 2819 1823 2893 evangelii
1834 2837 1873 2876 se

1050 2904 1179 2958 cundum
1196 2903 1411 2959 llatthreumln
1422 2903 1471 2959 illo
1485 2909 1615 2976 tempore
1625 2905 1716 2961 oblati
1728 2911 1799 2963 sunt
1808 2909 1869 2965 lesu

1050 2992 1171 3064 parvuli,
1190 2996 1223 3048 ut
1237 3010 1343 3048 maniis
1358 2992 1400 3048 cis
1410 2990 1573 3065 imponeret
1585 2999 1613 3050 et
1624 2996 1870 3071 oraret.Discipuli

1049 3085 1144 3138 eutem
1161 3081 1351 3153 increpabant
1365 3099 1424 3138 eos.
1439 3082 1526 3138 Jesus
1540 3101 1606 3139 raro
1621 3083 1664 3140 ait
1684 3084 1746 3142 illis
1762 3103 1769 3141 :
1786 3086 1870 3143 Sinite

168 3192 323 3250 Benedictio
335 3197 395 3264 μεει
408 3188 501 3268 tiqtum
515 3188 583 3242 sutis
599 3195 654 3242 tem
668 3203 751 3259 ευμεν
763 3192 897 3247 emacules
912 3209 994 3263 quem
1009 3145 1031 3213 C
1049 3169 1196 3243 illitum&
1213 3175 1242 3226 el
1271 3169 1360 3226 ”⁰52⁰
1382 3187 1432 3226 ⁰⁰⁸
1455 3170 1609 3244 Pfflhlbiffl
1633 3173 1671 3228 &d
1694 3191 1744 3231 ¹¹¹0
1769 3176 1869 3232 venite·

467 3274 549 3331 ευμεν
565 3256 695 3334 seminus.

205 3352 339 3410 Oremus.
351 3351 428 3406 Deus
443 3348 561 3404 Petrum
576 3348 836 3414 nostrornm,l)eus
852 3352 993 3408 universae

169 3441 302 3500 'conditor
323 3439 464 3505 veritatis,
481 3441 536 3493 eto.
551 3438 601 3492 llic
623 3438 723 3493 iterum
744 3440 866 3496 sacerdos
887 3443 993 3513 [αείευε

82 3526 90 3541 ”
167 3547 275 3588 erucem
289 3531 320 3586 in
341 3531 432 3601 fronte
447 3529 588 3599 treferium
602 3527 650 3581 tus
664 3535 803 3599 sequentes
815 3533 907 3585 curtim
920 3531 994 3589 dicut

166 3622 311 3676 erutiones.
329 3620 398 3674 licce
410 3619 490 3672 istem
504 3616 655 3671 orationem
667 3619 909 3687 superstructum.
927 3620 993 3677 Ore-

166 3724 244 3766 mus.
261 3712 338 3764 Deus
352 3705 509 3770 Abrabam,
526 3703 603 3759 Deus
617 3702 709 3769 Isaac,
725 3704 802 3761 Deus
812 3707 992 3776 Jacob,Oaus

166 3799 217 3871 qui
232 3795 323 3866 Moysi
341 3792 450 3851 tumulo
466 3796 528 3859 tuo,
542 3798 597 3848 eto.
615 3792 689 3865 Ergo
706 3793 787 3862 mal,
801 3799 856 3851 etc.

166 3905 258 3963 Oratio
269 3919 351 3974 ευμεν
365 3903 483 3972 sentinas
497 3900 587 3956 simili
609 3899 686 3956 eudo
709 3917 815 3957 crucem
835 3905 940 3975 [υείευε
960 3907 991 3962 iu

445 3971 584 4046 [reatibus
602 3987 708 4027 eorum.

200 4060 334 4118 Oremus.
351 4060 428 4115 Deus
443 4058 517 4125 coeli,
530 4059 607 4115 Deus
622 4059 796 4127 terra,l)eus
806 4063 989 4135 angelorum,

165 4150 243 4207 Deus
258 4147 513 4221 archangelorum,
529 4151 584 4202 otc.

217 4256 333 4330 depulso
346 4254 454 4312 dietate
467 4254 500 4310 de
514 4255 637 4324 utrisque
656 4256 786 4312 mosculis
807 4259 937 4316 similiter

497 4331 525 4384 at
536 4325 657 4397 semiue.

199 4418 284 4491 llrgo,
301 4414 454 4472 maledicte
474 4413 598 4479 diabole,
615 4430 788 4487 recognosce
813 4421 988 4479 sententiam

1048 3262 1139 3316 limen
1156 3260 1325 3328 discumbis,
1342 3259 1445 3315 talium
1462 3265 1506 3317 est
1526 3278 1650 3335 regnum
1673 3261 1825 3321 castorum.
1839 3265 1870 3320 lit

1048 3362 1114 3404 cum
1130 3347 1321 3421 imposuisset
1335 3347 1377 3404 eis
1388 3365 1504 3416 manus,
1518 3349 1590 3405 abiit
1600 3344 1749 3409 indel’ost
1759 3352 1870 3411 daecuu

1047 3447 1101 3494 tem
1115 3437 1239 3493 sacerdos
1254 3446 1347 3494 ιευευε
1361 3453 1475 3493 mcum
1493 3455 1575 3510 ευμεν
1595 3447 1679 3511 cupiit
1705 3443 1821 3514 inferuis
1832 3444 1869 3499 si·

1047 3529 1134 3584 tenter
1147 3536 1236 3585 coutet
1251 3528 1414 3599 epactetum,
1431 3528 1502 3599 quaed
1525 3536 1564 3584 εει
1577 3528 1668 3585 Credo
1684 3530 1717 3586 in
1732 3531 1831 3587 Deum.
1844 3540 1868 3588 ot

1046 3619 1197 3674 orationem
1211 3618 1392 3682 llomiuicum,
1405 3632 1467 3688 quae
1480 3626 1519 3673 εει
1534 3617 1617 3673 Pater
1633 3622 1746 3675 noster.
1762 3621 1809 3676 llis
1822 3637 1868 3677 ευ-

1046 3714 1099 3763 tem
1113 3709 1152 3762 ito
1165 3707 1300 3778 perlectis,
1318 3705 1377 3763 lraee
1390 3720 1504 3777 sequeus
1522 3709 1610 3761 oratio
1631 3707 1743 3778 publice
1765 3709 1870 3766 dicatur

1044 3795 1080 3851 ud
1094 3794 1299 3852 caecutientes
1314 3796 1455 3865 insuetas:
1470 3793 1664 3851 OramusNac
1679 3799 1710 3851 te
1724 3795 1869 3865 lateat,Sa·

1045 3884 1296 3950 tenas‚imminere
1310 3882 1360 3938 tibi
1378 3887 1546 3955 poenas,ctc.
1563 3885 1612 3939 Hic
1626 3888 1737 3941 remitte
1756 3888 1867 3942 sutirum

1044 3974 1197 4031 decretae
1213 3975 1243 4028 iu
1257 3974 1360 4044 primos
1382 3972 1481 4040 digitos
1501 3971 1578 4039 duos,
1594 3971 1624 4028 id
1647 3981 1689 4028 εει
1709 3975 1868 4046 pcttireraet

1044 4064 1172 4130 iudicem,
1189 4071 1214 4118 et
1228 4063 1268 4117 sie
1282 4060 1484 4132 apprehendens
1496 4061 1645 4132 piaculum
1668 4062 1777 4121 destrae
1793 4066 1866 4120 υυνίε

1044 4154 1110 4210 die:
1126 4153 1226 4217 liliata,
1242 4151 1319 4223 quod
1334 4153 1379 4206 est
1393 4149 1516 4222 aperire.
1533 4151 1565 4205 lit
1576 4152 1748 4222 postmortem
1762 4155 1865 4226 capiens

1043 4259 1124 4300 νυινεε
1146 4243 1286 4313 insuetum
1308 4238 1375 4295 dic:
1390 4238 1421 4294 ln
1445 4239 1564 4295 odorem
1589 4239 1755 4298 suauitatis.
1770 4240 1864 4298 θείνει

1044 4334 1164 4401 reticeas
1177 4330 1326 4402 pinnulam
1338 4329 1462 4385 sinistras
1475 4328 1554 4383 υυνίε
1568 4327 1629 4385 lraec
1638 4328 1685 4384 die
1696 4349 1707 4385 .·
1718 4330 1760 4386 Tu
1771 4335 1861 4386 autem

1043 4422 1181 4494 etlugnrc,
1197 4416 1321 4480 diabole,
1337 4414 1607 4488 approquinquabit
1628 4415 1709 4474 enim
1722 4419 1859 4490 jndiaiuru

161 4509 256 4573 tuam,
271 4511 301 4562 et
315 4506 353 4561 da
366 4504 506 4561 honorem
523 4503 582 4559 Deo
597 4503 661 4559 vivo
676 4508 704 4559 et
728 4521 795 4560 vero
812 4523 818 4559 :
835 4508 872 4562 da
895 4508 986 4567 hono·
1004 4513 1026 4578 [J
1042 4510 1103 4568 Dei.
1120 4511 1180 4565 latis
1194 4508 1320 4562 omuibus
1336 4508 1375 4562 ito
1390 4505 1506 4578 μενυειίε
1530 4513 1594 4561 oute
1616 4506 1761 4564 εεειεείυυν
1775 4509 1860 4581 istaut

161 4610 223 4651 rem
237 4593 296 4650 Jhu
311 4593 372 4666 Xpo
389 4591 460 4650 Filio
474 4594 539 4664 ejus
551 4595 579 4648 et
591 4592 713 4664 Spiritui
728 4599 871 4662 sancto,et
885 4601 986 4656 recede

160 4683 197 4740 ab
211 4683 266 4738 hoc
276 4681 353 4754 (hae)
365 4682 474 4738 tumulo
485 4682 618 4756 (lamule)
632 4681 763 4754 Oei‚quia
773 4683 862 4739 istum
875 4687 986 4756 (istam)

160 4770 217 4828 sibi
227 4775 302 4826 Deus
310 4770 489 4827 etDominns
500 4776 601 4827 noster
611 4770 698 4827 Jeaus
708 4771 842 4828 Christus
852 4775 888 4830 ad
900 4792 985 4833 suam

159 4860 291 4918 sanctam
307 4859 430 4934 gratiam
446 4864 475 4914 et
489 4859 905 4936 benedictionem,t'ontemque
916 4865 985 4938 bap-

157 4947 287 5007 tismatis
303 4949 379 5005 dono
393 4964 496 5003 troeare
511 4946 649 5021 dignatus
664 4951 709 5004 est
724 4965 775 5022 per
789 4949 843 5006 boe
865 4953 983 5025 signnm

188 5076 233 5145 (2)
248 5074 437 5132 Ostendimus
450 5090 540 5145 supra
555 5089 662 5144 aquam
678 5079 876 5132 consecratam
889 5094 905 5132 a
916 5078 982 5135 fide·

158 5144 235 5202 libus
248 5146 369 5202 domum
385 5149 563 5218 asportatam
576 5143 775 5200 tuissellubas
786 5144 814 5200 id
827 5147 853 5201 iu
867 5149 983 5206 rubrica

157 5216 246 5289 hujus
261 5217 373 5274 ordinis
388 5216 528 5289 baptism.
540 5215 718 5285 ejuscemodi
734 5231 741 5270 :
758 5217 807 5271 llic
820 5235 892 5290 aque
907 5222 983 5276 terre-

155 5287 228 5344 dictu
242 5297 404 5362 υεμενμυιυν
417 5303 500 5360 ευμεν
511 5288 726 5350 εἰνευυεευιννιεε,
737 5295 762 5342 ει
778 5290 932 5361 qtcicrrnquc
942 5309 983 5348 re-

156 5359 218 5426 tint,
234 5368 345 5415 ευνυυυι
368 5367 448 5415 estre
462 5359 497 5414 ud
519 5357 779 5429 spargendumque
806 5361 901 5416 uetirrt.
919 5364 981 5419 Post

155 5429 214 5486 ltaee
227 5434 319 5502 arripe
332 5433 452 5486 clrrisuru
465 5447 528 5485 curu
544 5430 650 5484 υυεευιε
667 5437 693 5483 ει
717 5429 832 5499 int'uude
857 5432 926 5488 itliut
950 5438 980 5490 iu

99 5506 120 5531 “
155 5502 264 5554 niodum
279 5504 368 5557 ενυεὶε
377 5519 459 5572 ευμεν
470 5504 557 5573 ipsum
567 5517 667 5572 uqrtirm
679 5501 851 5570 baptismatis
864 5505 980 5561 iurarem

153 5572 278 5638 mutans,
295 5578 350 5627 etc.
368 5574 477 5644 Nempe
494 5578 524 5627 ut
540 5572 568 5627 in
584 5570 708 5643 disquis.
720 5571 819 5644 liturg.
833 5591 898 5647 pag.
916 5578 978 5644 436,

142 5655 180 5696 ex
193 5640 232 5698 de
254 5641 371 5700 Meleon
398 5645 498 5701 εὐννενε
522 5644 650 5712 titurpico
677 5641 853 5708 notavinurs,
871 5663 978 5718 aquam

1037 4599 1177 4672 presbyter
1190 4603 1318 4669 μυνυυιεε
1330 4595 1393 4666 fieri
1407 4596 1438 4649 iu
1448 4595 1600 4650 εεειεεὶεννι.

1293 4683 1446 4740 Benedictio
1459 4683 1547 4755 {cutis
1560 4684 1610 4751 (2).

1040 4775 1124 4850 Kyrie
1139 4774 1258 4831 eleison.
1275 4772 1388 4829 Christe
1403 4771 1524 4828 eleison.
1542 4770 1657 4828 Christe
1671 4773 1743 4830 audi
1761 4791 1818 4830 nos.

1039 4865 1172 4922 Salvator
1186 4862 1300 4929 mundi,
1318 4861 1424 4931 adjuva
1439 4877 1502 4918 nos.

1038 4954 1144 5010 Sancte
1159 4952 1239 5025 virgo
1252 4951 1410 5024 virginum.
1635 4967 1690 5007 ora
1701 4968 1754 5024 pm
1769 4949 1847 5007 nobis.

1037 5080 1235 5135 consecratam
1243 5074 1401 5131 alidalibus
1412 5073 1549 5131 haustam
1563 5077 1724 5147 antequam
1736 5074 1846 5153 Solonio

1038 5151 1219 5215 misceretur,
1236 5147 1285 5219 qui
1302 5163 1365 5202 nros
1382 5145 1545 5202 etiamnum
1560 5146 1591 5201 in
1605 5147 1744 5218 partibus
1758 5153 1847 5203 nostes

1036 5221 1121 5293 viget.
1139 5219 1239 5292 Neque
1251 5235 1317 5274 vero
1340 5217 1409 5274 olim
1435 5223 1469 5274 ut
1490 5222 1591 5289 postea
1613 5234 1649 5274 ae
1674 5217 1763 5274 etiam
1787 5229 1846 5298 nunno

1036 5309 1142 5364 aquam
1158 5306 1274 5362 semper
1287 5296 1487 5344 conservatam
1500 5306 1552 5361 pcr
1571 5305 1687 5345 annum
1702 5291 1740 5346 ad
1753 5291 1846 5362 baptis·

1037 5381 1117 5418 mum
1134 5361 1199 5417 aliis
1215 5377 1303 5433 quam
1320 5362 1405 5419 statis
1420 5360 1524 5416 diebus
1539 5360 1765 5428 conterendum,
1778 5374 1845 5431 argu·

1035 5440 1134 5490 mento
1148 5440 1192 5488 est
1209 5448 1336 5504 praesens
1352 5431 1398 5487 hic
1413 5432 1484 5487 ordo
1501 5431 1668 5503 baptizandi
1686 5439 1769 5488 extra
1788 5432 1845 5486 sau

1034 5511 1213 5576 temperant
1223 5510 1320 5558 tamur
1332 5501 1510 5558 consecratio
1521 5520 1604 5575 aquae
1614 5503 1801 5577 baptismalis
1809 5503 1844 5556 in·

1035 5578 1160 5632 mediate
1175 5575 1328 5649 praecedat.
