3878 6098
68 251 131 336 oss

532 277 638 341 oeno
661 277 843 343 enerlstll
866 279 1079 348 SECUNDUM
1101 287 1316 354 AETHIOPDS.

1719 297 1778 360 ete

69 408 235 465 attestatus
250 412 295 465 est
309 407 423 466 dicens:
436 409 489 475 Oui
501 427 558 468 non
575 411 662 468 inerit
677 416 764 471 notus
779 431 899 488 exaqua
911 413 940 483 Α
955 419 1090 476 semitam
1106 421 1240 493 ejus,vox
1250 424 1366 482 Domini
1380 442 1469 501 super
1479 444 1581 501 aquas,
1595 429 1670 488 Deus
1680 429 1778 505 glorie

70 501 101 553 et
111 497 221 570 Spiritu
238 503 338 554 saneto
355 516 411 556 non
429 503 524 572 potest
538 499 648 558 intrare
663 501 692 557 in
709 520 831 576 regnum
849 521 903 559 cce·

69 585 187 656 lorum,
204 587 309 643 deinde
324 588 461 661 pracepit
475 589 628 663 discipulis
644 590 707 646 suis
722 593 824 648 dicens
837 609 844 649 ε
858 593 900 649 lte

69 691 152 749 ergo.
165 679 193 731 et
203 677 303 733 docete
314 694 417 734 omnes
427 682 539 751 genten,
552 682 580 733 et
590 679 736 751 baptizate
746 697 795 735 eos
811 681 840 736 in
852 698 901 737 no-

69 764 151 822 mine
177 765 281 834 Patris,
298 770 326 822 ct
346 766 421 832 Filii,
438 772 466 823 ct
489 766 616 839 Spiritus
642 769 751 824 Sancti.
769 769 899 842 Suscipe,

68 853 204 922 Domine,
221 854 348 911 famulos
364 857 392 911 et
405 854 531 910 famulas
547 859 624 924 tuae,
638 857 706 928 quin
718 858 747 912 in
758 862 787 914 te
797 862 841 912 cst
855 875 903 930 po-

67 946 161 1000 testas
171 942 353 1000 etliberatio.
365 944 387 999 0
398 947 507 1013 sancte,
517 949 586 1000 tona
596 962 684 1017 super
696 946 770 1002 hanc
782 964 900 1019 aquom,

70 1037 102 1088 ut
118 1051 154 1089 ex
169 1050 203 1089 ea
217 1036 246 1089 et
260 1032 371 1106 Spiritu
395 1039 496 1089 sancto
523 1038 732 1107 regenerentur
753 1035 781 1090 hi
799 1035 901 1092 famuli

67 1121 111 1177 tui
135 1120 245 1177 virtute
270 1120 430 1178 divinitatis
445 1126 512 1190 tue,
529 1122 579 1194 qui
594 1129 735 1178 venerunt
751 1125 785 1179 ad
803 1129 840 1189 le,
858 1126 902 1181 sae

66 1227 118 1267 eos
130 1214 216 1284 aptos
227 1213 263 1267 ad
275 1211 480 1268 remissionem
495 1216 681 1284 peccatorum
697 1229 809 1279 eorum,
821 1217 849 1268 et
864 1215 901 1269 ad

64 1298 278 1357 indumentum
293 1300 528 1367 immaculatum,
542 1300 722 1356 inhonorem
741 1301 818 1358 unici
837 1292 901 1357 vitii

64 1387 121 1458 tui,
134 1405 202 1444 oum
218 1406 275 1462 quo
290 1388 341 1445 tibi
355 1393 384 1444 ct
394 1393 496 1445 sancto
507 1387 629 1461 Spiritui
641 1395 685 1445 est
696 1389 791 1462 gloria
807 1391 834 1444 in
851 1408 902 1446 sae·

65 1477 137 1534 cula
152 1477 338 1534 saeculorum.
355 1479 458 1534 Amen.

103 1569 173 1622 Tum
187 1566 256 1623 dicit
268 1567 400 1623 diaeonus
416 1586 425 1621 .·
441 1567 538 1622 Orate.

103 1656 235 1713 Sacerdos
258 1665 350 1713 aowin
372 1657 438 1713 dicit
457 1657 700 1727 soractiricotioncns
714 1656 855 1726 dordonis,
873 1658 901 1713 id

66 1753 120 1812 est,
138 1747 276 1819 baptismi.

100 1835 194 1891 Amor
207 1834 270 1902 Dei,
284 1835 379 1908 gratia
390 1836 459 1891 Jesu
475 1834 593 1901 Christi,
604 1839 632 1890 et
644 1835 755 1890 donum
770 1835 897 1908 Spiritus

65 1922 164 1979 sancti
180 1923 218 1980 sit
231 1925 394 1980 vobiscum.

100 2015 225 2086 Populus
239 2022 329 2069 aerem
344 2014 484 2086 respondet
499 2032 508 2068 .·
523 2017 594 2068 Cum
611 2011 715 2084 spiritu
732 2017 793 2068 tuo.

99 2102 233 2158 Sacerdos
248 2111 339 2158 auena
354 2103 442 2158 dicit:

101 2193 228 2248 Sursum
244 2191 305 2247 sint
320 2191 407 2247 corda
421 2194 526 2247 vestra.

99 2282 224 2353 Populus
239 2279 380 2352 respondet
394 2299 404 2335 :

99 2370 251 2426 Habemus
266 2368 303 2424 ad
318 2368 487 2436 Dominum,
504 2369 596 2424 Deum
615 2372 759 2424 nostrum.

99 2457 234 2514 Sacerdos
246 2465 337 2514 auum
352 2458 440 2515 dicit:

100 2546 220 2605 Gratias
236 2564 359 2620 agamus
375 2546 508 2615 Domino,
523 2546 599 2602 Patri
615 2547 701 2602 bono.

98 2637 225 2708 Populus
241 2636 403 2708 respondet:

101 2726 227 2782 Rectum
243 2728 297 2793 est,
312 2728 341 2781 et
356 2725 499 2782 convenit.

100 2813 233 2870 Sacerdos
246 2822 336 2870 auem
351 2813 418 2870 dicit
433 2832 442 2869 .·

100 2903 516 2976 Veredignumetjustumest.
526 2902 699 2958 Benedictus
710 2901 834 2956 sitDcus
845 2919 893 2957 cx·

63 2992 226 3065 celsusqui
239 2993 268 3047 in
281 2990 570 3048 aeternumestiortis
582 2989 894 3063 superomnin,inquo

63 3087 158 3138 eaesi
174 3085 313 3153 potestas,
325 3083 358 3135 ut
371 3084 452 3153 regat
466 3084 495 3136 et
510 3080 656 3135 custodiat
668 3079 823 3135 mundum.
840 3080 893 3145 Qui

62 3169 167 3227 amnia
181 3168 316 3237 viviticat,
333 3169 362 3223 in
387 3186 420 3225 eo
442 3168 520 3224 enim
545 3168 671 3240 Spiritus
693 3171 737 3224 est
751 3168 826 3235 vite,
842 3169 893 3242 qui
910 3152 931 3220 C

63 3257 894 3330 alitomnemanimam,quieonirrmatomnemspiritum,

62 3347 115 3421 qui
127 3345 235 3402 virium
250 3346 340 3402 totius
356 3346 458 3401 mundi
471 3350 515 3402 est
529 3362 636 3418 capax:
648 3345 699 3416 qui
715 3346 896 3402 vocavitom·

63 3438 114 3493 nia
130 3453 167 3493 ex
182 3452 216 3492 eo
234 3436 312 3507 quod
338 3452 396 3490 uon
420 3439 474 3501 est,
491 3439 520 3490 ct
536 3435 604 3490 iecit
619 3434 728 3490 omnia.
746 3434 820 3507 lpse,
837 3434 895 3490 Do-

64 3524 157 3591 mine,
170 3525 221 3597 qui
236 3523 415 3580 excelsorum
427 3539 459 3580 es
470 3523 698 3591 excelsissimus,
711 3524 761 3596 qui
776 3523 856 3579 vides
867 3528 896 3581 et

64 3613 222 3687 cognoscis
234 3614 321 3669 linem
337 3618 515 3685 temporum,
524 3613 805 3685 ctsopitosasomno
818 3613 894 3669 cxci-

62 3707 120 3771 tas,
147 3701 199 3774 qui
223 3701 328 3757 dedisti
352 3718 451 3757 vocem
477 3702 615 3757 omnihus
639 3717 703 3772 qua
729 3706 892 3768 moventur,

62 3807 217 3848 commove
239 3790 316 3846 hana
339 3806 457 3862 aquam,
473 3794 501 3845 et
515 3788 603 3861 imple
628 3805 692 3844 cam
716 3789 827 3861 Spiritu
844 3793 893 3846 tuo

60 3883 177 3946 saneto,
194 3882 223 3933 et
237 3875 288 3933 fiat
303 3876 414 3933 ablutio
429 3877 459 3932 in
485 3878 643 3933 secundam
663 3876 890 3949 generationem.

59 3964 168 4026 Ameh.
182 3967 217 4022 bt
230 3965 261 4022 in
277 3967 367 4023 vitam
382 3970 532 4022 aternam.
547 3968 649 4021 Amen.
667 3965 704 4021 Ut
720 3981 892 4039 regeneren-

60 4060 109 4114 tur
120 4056 153 4112 hi
166 4054 269 4111 famuli
281 4059 310 4112 et
321 4054 436 4111 lamule
446 4061 512 4123 tua,
524 4055 772 4127 quemadmodum
784 4055 892 4112 consti-

59 4144 157 4210 tuisti,
168 4143 302 4210 Domine,
313 4143 536 4217 intelligentiam
548 4148 577 4200 et
587 4144 729 4200 rationem
739 4144 766 4198 in
781 4144 890 4214 anima,

957 506 1095 565 intonuit.
1107 511 1196 578 Tona,
1205 513 1336 583 Domine,
1344 517 1516 589 superbene
1524 535 1630 592 aquam
1640 519 1781 596 etoleum,

958 601 1117 671 utrumque
1126 617 1267 674 praepara,
1279 607 1307 660 et
1318 604 1355 660 da
1370 605 1412 662 cis
1427 605 1575 674 virtulem,
1587 611 1619 663 ut
1629 607 1702 664 liant
1711 609 1782 684 bap·

957 685 1064 743 tismus
1079 692 1158 754 tuus,
1175 691 1224 763 qui
1241 696 1286 748 est
1301 709 1375 750 nova
1386 695 1544 766 generatio,
1556 696 1653 753 civita
1665 701 1782 771 eterna,

957 779 985 830 ct
1001 783 1208 849 regenerentur
1223 780 1251 835 hi
1269 782 1370 838 famuli
1385 784 1438 839 tui.

992 885 1128 941 Diaeouus
1143 884 1233 942 dicit:
1249 889 1303 954 Qui
1319 889 1422 946 sedent
1438 895 1572 965 surgant.

991 973 1125 1029 Sacerdos
1141 982 1231 1031 riuum
1245 976 1312 1033 dicit
1327 997 1336 1033 :
1353 977 1485 1044 Domine,
1501 998 1518 1036 o
1543 981 1675 1050 Domine,
1701 987 1785 1057 potor

957 1060 1042 1128 bone,
1058 1062 1135 1118 Dcus
1152 1068 1251 1120 noster
1263 1066 1459 1139 omnipotens,
1475 1069 1560 1126 Pater
1575 1069 1703 1141 Domini,
1719 1072 1781 1142 Dei,

957 1154 984 1205 ct
996 1150 1200 1224 Redemptoris
1216 1153 1307 1210 nostri
1322 1155 1392 1211 Jesu
1407 1156 1525 1225 Christi,
1542 1158 1634 1216 iactor
1649 1160 1782 1219 omnium

957 1243 1156 1296 creaturarum
1170 1257 1243 1314 quas
1255 1244 1414 1301 ostendunt
1423 1245 1540 1314 coelom,
1553 1251 1638 1319 terra,
1650 1255 1779 1321 etmare,

957 1332 985 1382 et
1000 1328 1132 1384 omnium
1149 1347 1211 1403 qua
1227 1330 1257 1386 in
1273 1332 1315 1387 eie
1332 1331 1434 1401 latent,
1447 1335 1537 1390 iactor
1551 1336 1683 1394 omnium
1697 1354 1780 1396 crea-

956 1419 1101 1483 turarum,
1114 1417 1275 1474 visibilium
1285 1425 1313 1476 et
1323 1420 1526 1494 invisibilium,
1536 1425 1585 1496 qui
1597 1428 1779 1501 congregasti

957 1521 1049 1576 aquas
1065 1506 1094 1561 in
1111 1506 1207 1562 alveos
1223 1525 1303 1572 suos,
1320 1509 1370 1580 qui
1384 1511 1648 1582 creasti,iormasti,
1662 1518 1691 1570 et
1705 1516 1781 1574 obsi·

955 1594 1064 1667 gnasti,
1076 1599 1104 1650 ct
1114 1613 1178 1667 qua
1189 1612 1277 1669 super
1291 1596 1379 1653 coelos
1394 1603 1473 1664 sunt,
1482 1604 1513 1655 tu
1524 1601 1678 1658 coercuisti
1689 1619 1780 1672 mare,

955 1688 984 1737 et
995 1682 1117 1739 tiumina
1125 1683 1231 1740 virtute
1242 1688 1303 1752 tua,
1315 1686 1483 1760 confregisti
1494 1688 1591 1760 capita
1600 1689 1736 1747 draconis
1751 1692 1780 1749 in

916 1787 937 1851 Β
955 1789 1041 1844 aqua,
1055 1777 1085 1828 tu
1097 1773 1236 1829 terribilis
1246 1775 1450 1847 es(quisenim
1459 1777 1512 1833 tibi
1521 1778 1638 1836 obstare
1648 1780 1780 1853 potasti),

953 1859 1059 1932 aspice,
1071 1861 1204 1933 Domine,
1216 1879 1305 1934 super
1314 1862 1402 1931 hanc,
1412 1880 1502 1937 quarn
1514 1864 1605 1923 iecisti
1617 1884 1736 1941 aquam,
1752 1873 1782 1927 et

951 1948 990 2005 da
1004 1948 1028 2004 ci
1045 1949 1181 2021 gratiam,
1198 1949 1335 2019 salutem,
1347 1954 1375 2006 et
1385 1952 1617 2013 benedictionem
1631 1955 1778 2027 dardanis,

951 2041 984 2093 ut
996 2039 1032 2093 ab
1048 2054 1082 2093 ea
1098 2038 1212 2110 fugiant
1227 2039 1327 2094 omnia
1342 2055 1406 2107 uua
1422 2040 1623 2114 malignantur
1637 2044 1777 2102 adversus

950 2131 1099 2182 creaturas
1113 2130 1190 2192 tuas,
1200 2127 1339 2199 quoniam
1355 2126 1484 2185 invocavi
1495 2145 1601 2186 nomen
1612 2135 1697 2188 tuum
1708 2150 1776 2190 san·

950 2219 1029 2270 ctum
1041 2218 1069 2270 et
1079 2215 1297 2281 admirandum,
1309 2217 1385 2288 quod
1397 2216 1516 2290 pienum
1527 2225 1570 2274 est
1579 2217 1674 2292 gloria
1683 2225 1711 2278 et
1722 2224 1777 2278 ten

949 2320 1013 2359 rore
1029 2302 1168 2360 adversus
1184 2321 1229 2372 ea,
1244 2321 1309 2376 quae
1324 2304 1410 2362 nobis
1425 2306 1626 2363 adversantur.

984 2411 1122 2466 Diaconus
1134 2410 1201 2466 dicit
1216 2429 1226 2466 .·
1242 2411 1274 2465 ln
1290 2411 1432 2467 orientem
1448 2411 1578 2484 aspicite.

983 2517 1114 2573 Sacerdos
1130 2524 1221 2572 annm
1234 2517 1410 2589 subsequitur
1425 2519 1475 2574 boc
1487 2520 1563 2576 modo
1578 2539 1588 2575 :

983 2606 1018 2661 Et
1027 2605 1209 2678 dissipentur
1219 2623 1316 2662 coram
1328 2606 1413 2681 signo
1423 2607 1518 2664 erucis
1527 2611 1714 2670 omnesvires
1725 2628 1778 2670 eo·
1807 2606 1809 2611 ’

948 2711 1026 2761 rum,
1035 2696 1085 2768 qui
1098 2695 1182 2751 nobis
1198 2696 1400 2764 adversantur,
1412 2701 1440 2751 et
1450 2697 1487 2752 ab
1498 2713 1532 2752 ea
1546 2697 1661 2771 fugiant
1676 2717 1779 2759 ornnes

949 2783 1154 2856 damonesqui
1172 2788 1241 2840 sunt
1256 2784 1286 2839 in
1301 2800 1379 2856 aqua
1393 2788 1422 2839 et
1436 2788 1524 2851 terra,
1540 2787 1591 2858 qui
1607 2803 1665 2844 non
1680 2787 1782 2845 riden-

949 2877 1005 2927 tur.
1018 2873 1076 2928 Nec
1087 2873 1176 2928 lateat
1191 2873 1219 2927 in
1236 2872 1290 2927 hac
1303 2889 1379 2945 equa
1392 2873 1531 2945 superbia
1544 2877 1709 2946 tenebrosa,
1723 2893 1780 2935 neo

948 2961 1107 3016 descendat
1121 2977 1188 3016 crim
1204 2961 1247 3016 cis
1263 2961 1312 3033 qui
1328 2961 1516 3033 baptizantur
1530 2962 1678 3037 malignus
1692 2965 1781 3039 spiri·

948 3054 998 3105 tus
1013 3050 1062 3123 qui
1079 3050 1248 3106 obtenebret
1260 3067 1362 3106 eorum
1374 3054 1549 3119 mentem,et
1558 3053 1710 3125 perturbet
1718 3070 1777 3111 eor.

952 3138 1023 3204 lmo,
1038 3154 1176 3210 rogamus
1202 3144 1229 3194 te
1255 3154 1367 3206 omnes,
1385 3138 1517 3206 Domine,
1533 3144 1566 3195 ut
1589 3141 1679 3198 iacias
1702 3140 1779 3201 hane

951 3243 1058 3298 aqrranr
1074 3243 1138 3282 esse
1154 3243 1261 3298 aquam
1277 3225 1777 3301 quietis:Amen.Aqnampuramin

950 3316 1191 3371 mandationem:
1209 3318 1310 3371 Amen.
1327 3317 1441 3386 Aquam
1456 3316 1575 3371 salutis:
1588 3318 1690 3372 Amen.
1703 3319 1777 3374 erut

950 3403 988 3460 sit
1002 3405 1029 3458 in
1045 3403 1224 3459 ablutionem
1241 3404 1433 3475 turpitudinis
1457 3403 1561 3458 anime
1577 3408 1606 3459 et
1620 3405 1749 3476 corporis
1767 3423 1773 3460 :

949 3495 1170 3563 emendantem
1183 3492 1189 3545 i
1195 3510 1211 3546 n
1224 3491 1439 3547 ahsolutionem
1450 3496 1480 3546 ot
1490 3490 1693 3548 remissionem
1709 3509 1776 3564 pee-

949 3584 1080 3636 catorum
1094 3597 1100 3634 :
1112 3583 1214 3635 Amen.
1231 3580 1341 3634 Lumen
1354 3578 1457 3633 anima
1469 3582 1497 3633 et
1507 3578 1656 3652 corporis:
1672 3580 1775 3639 Amen.

949 3667 1065 3724 hblutio
1088 3667 1119 3722 in
1142 3666 1391 3740 regenerationem
1409 3683 1415 3720 :
1431 3667 1534 3721 Amen.
1551 3665 1705 3723 investem
1720 3666 1778 3722 im·

949 3755 1154 3813 maculabilcm
1166 3774 1172 3812 τ
1186 3758 1287 3811 Amen.
1301 3755 1332 3810 ln
1344 3753 1561 3810 innovationem
1574 3754 1701 3826 Spiritus
1713 3772 1779 3812 san·

948 3846 987 3902 cti
1003 3850 1032 3901 et
1047 3845 1075 3899 in
1093 3845 1202 3900 iontem
1220 3843 1282 3898 vita
1300 3861 1306 3899 :
1323 3845 1426 3899 Amen.

984 3953 1040 4022 Qui
1054 3950 1163 4018 adsunt,
1179 3950 1274 4004 dictant
1288 3967 1297 4003 .·
1311 3950 1414 4004 Amen.

981 4057 1111 4113 Sacerdos
1126 4075 1135 4111 :
1151 4055 1224 4120 Ouia
1240 4059 1338 4110 autem
1355 4054 1417 4127 ipse
1432 4053 1516 4111 dicit:
1535 4054 1697 4126 tueamini,
1711 4073 1781 4130 par·

945 4153 1022 4219 gale,
1037 4150 1067 4202 ot
1081 4143 1215 4218 expellito
1239 4142 1382 4200 maiitiam
1399 4162 1415 4201 a
1430 4144 1569 4201 cordibus
1584 4145 1690 4202 vestris
1704 4165 1710 4215 ;
1725 4161 1766 4220 qu

59 4239 89 4291 et
103 4251 157 4308 per
171 4250 237 4289 cam
261 4249 360 4306 regere
380 4231 473 4289 iecisti
489 4232 649 4303 bominem,
665 4233 833 4305 ctjudicem
850 4233 889 4289 ie·
945 4235 1052 4292 dedisti
1068 4233 1151 4289 nobis
1166 4233 1384 4306 generationem
1400 4234 1436 4289 de
1451 4231 1534 4301 coelo,
1554 4250 1606 4305 per
1625 4250 1766 4308 aquame

59 4321 516 4381 eistiomniumornementorum
527 4322 888 4396 mundi:quaproptertihi
944 4324 1084 4399 Spiritum
1113 4325 1258 4390 sanctum,
1284 4339 1402 4396 apparo,
1419 4322 1552 4390 Domine,
1579 4339 1667 4394 super
1694 4322 1770 4379 banc

59 4410 198 4469 convenit
210 4409 302 4484 gloria
317 4416 346 4467 et
361 4409 544 4484 magnitudo.
553 4409 726 4466 Benedictus
741 4427 782 4479 es,
799 4411 887 4476 Deus,
942 4429 1061 4486 nquam,
1073 4416 1102 4467 et
1113 4412 1157 4467 lac
1167 4428 1216 4467 eos
1228 4412 1353 4466 mundos
1368 4410 1419 4483 qui
1434 4410 1463 4466 in
1478 4427 1511 4466 ea
1523 4410 1719 4481 baptizantur,
1736 4415 1769 4466 ut

58 4516 151 4573 snper
165 4516 269 4556 omnes
293 4499 415 4555 virtutes
428 4518 434 4568 ;
451 4499 623 4555 benedictus
637 4515 679 4566 cs,
696 4498 784 4571 Deus,
800 4517 888 4572 super
904 4519 925 4583 p
941 4501 1086 4575 orriollant
1097 4505 1220 4555 veterem
1233 4499 1381 4554 hominem
1393 4503 1422 4555 et
1432 4496 1644 4570 turpitudinem
1654 4495 1767 4555 fallacis

57 4605 165 4647 omnes
176 4588 337 4662 principem
349 4587 520 4645 benedictus
532 4589 887 4659 cs,beus,supor0mne1n
942 4590 1108 4662 voluptatis,
1121 4594 1150 4644 ct
1160 4588 1320 4643 induantur
1333 4604 1405 4642 novo
1417 4585 1546 4654 homine,
1554 4589 1583 4642 et
1592 4590 1769 4643 renoventur

58 4675 889 4751 cogitationemetloquelam;benediotuses,Deus,supcr
944 4679 1049 4734 iterum
1071 4695 1122 4749 pcr
1145 4674 1367 4731 similitudinem
1397 4674 1535 4730 creatoris
1564 4672 1634 4731 sui:
1662 4675 1767 4732 Amen.

59 4781 181 4823 omnem
198 4765 420 4839 intelligentiam
435 4770 464 4822 et
478 4765 630 4823 scientiam
644 4783 651 4833 ;
667 4766 837 4822 benedictus
847 4784 888 4834 es,
944 4765 1028 4823 Fiant
1043 4764 1200 4837 participes
1212 4761 1315 4818 mortis
1330 4760 1437 4818 Christi
1454 4762 1507 4829 tui,
1520 4778 1572 4836 per
1586 4761 1768 4836 baptismum

61 4854 152 4919 Dens,
170 4870 260 4926 supra
283 4870 385 4911 omnes
409 4854 530 4910 thronos
554 4857 583 4909 et
607 4870 704 4926 regna.
722 4854 765 4909 Tu
783 4853 890 4910 misisti
944 4854 1076 4926 ejusdem
1101 4850 1179 4906 unici
1197 4849 1249 4905 lilii
1265 4849 1307 4904 tui
1323 4850 1393 4906 lesu
1410 4849 1517 4907 Christi
1537 4869 1544 4908 :
1560 4853 1663 4907 Amen.
1679 4853 1779 4923 Atque

61 4959 172 5015 aquam
188 4947 217 4998 et
231 4942 339 5015 ignem,
352 4943 444 5015 irigns
459 4946 487 5000 et
501 4941 635 5015 glaciem,
648 4945 850 5012 tcurpestatem
861 4946 891 4998 et
945 4958 1012 4998 cum
1022 4956 1055 4996 eo
1067 4937 1223 5011 participes
1239 4938 1299 4994 sint
1314 4939 1536 4995 resurrectionis
1548 4941 1623 5011 ejus,
1635 4943 1664 4994 et
1677 4942 1780 4995 custo-

61 5031 198 5088 tnrhines
212 5049 299 5104 snper
314 5037 432 5098 terram,
449 5037 477 5088 ct
500 5030 641 5088 scaturire
666 5030 757 5086 iecisti
782 5048 889 5104 aquam
945 5030 1026 5086 diant
1042 5029 1151 5083 donum
1168 5025 1295 5098 Spiritus
1308 5026 1417 5082 sancti:
1432 5028 1781 5098 Amenhhundetsupe,

62 5119 99 5178 de
114 5137 189 5193 rupe
204 5121 287 5177 dura.
302 5122 345 5177 'lu
362 5139 393 5178 es
415 5137 502 5194 quem
517 5120 589 5176 vidit
605 5136 695 5186 mare,
711 5126 740 5175 et
755 5121 848 5194 iugit;
865 5125 893 5176 ct
946 5135 995 5174 cos
1011 5114 1143 5172 doctrina
1158 5115 1259 5186 gratiae
1273 5120 1328 5170 turc
1345 5131 1352 5170 ε
1368 5117 1471 5170 Amen.
1483 5116 1518 5170 et
1528 5115 1657 5171 inveniat
1666 5112 1775 5187 pignus

62 5209 286 5282 iordanispoet
305 5213 552 5276 tereversusest,
572 5213 601 5264 et
621 5209 893 5265 montesexullave-
948 5205 1107 5261 vocationis
1133 5205 1168 5259 de
1192 5202 1369 5275 coelo,quod
1401 5207 1484 5258 tuom
1514 5207 1603 5270 est,o
1628 5201 1779 5272 Domine:

65 5296 313 5366 runtsicuthirci,
323 5302 352 5354 et
362 5292 452 5354 colles
468 5297 545 5355 sieut
559 5295 627 5371 agni
643 5296 751 5352 ovium.
764 5299 808 5353 Tu
819 5315 850 5354 es
861 5298 896 5353 dc
950 5298 1051 5351 Amen.
1069 5293 1324 5349 Connumerentur
1339 5292 1368 5346 in
1384 5291 1608 5365 congregatione
1632 5289 1784 5364 primoge-

65 5401 134 5458 quo,
143 5385 216 5441 etde
227 5387 407 5460 benignitate
417 5386 713 5459 cujustestimonium
724 5386 803 5442 dedit
813 5387 898 5442 loon·
951 5384 1016 5448 niti,
1030 5383 1058 5437 in
1075 5380 1301 5454 congregatione
1317 5380 1428 5436 scilicet
1440 5395 1541 5436 eorum
1553 5393 1680 5452 quorum
1692 5377 1784 5434 nomi·

66 5474 191 5546 nes,qui
208 5475 318 5532 missus
334 5480 457 5532 estante
472 5474 657 5542 laciomaus
673 5491 740 5530 voce
755 5474 899 5546 praeconis
954 5492 991 5527 nu
1006 5470 1114 5540 scripta
1139 5473 1208 5523 sunt
1229 5467 1256 5521 in
1273 5467 1353 5522 coelis
1371 5484 1377 5522 :
1395 5470 1497 5524 Amen.
1515 5468 1569 5523 Per
1582 5467 1684 5523 desum
1700 5463 1784 5522 Chri·

67 5559 418 5621 indesertumetdiccns:
429 5562 901 5635 hiundatcviamDurniuiauquam
955 5567 1035 5617 stum
1051 5557 1208 5614 Dominum
1224 5559 1368 5626 nostrum,
1384 5573 1452 5612 cum
1476 5570 1533 5628 quo
1557 5553 1609 5610 tibi
1634 5557 1679 5611 est
1691 5552 1784 5628 gloria
