3878 6098
720 614 803 661 aureo
824 616 932 662 uottltu
952 617 1118 664 DCCCCXClX

536 796 1302 1032 RICHERUS

209 1144 255 1230 s.
287 1141 504 1229 namen
531 1086 720 1227 aaran
748 1142 959 1233 nunus
990 1146 1283 1235 nnrruusas
1310 1147 1642 1238 nannenus.

795 1355 798 1359 ·
814 1354 1012 1367 ——

306 1518 381 1626 ub
417 1512 670 1628 brufleto
705 1516 775 1624 flf
810 1513 945 1630 lilllS
978 1515 1265 1631 ditonico
1300 1520 1529 1632 NOTITIA

454 1741 546 1814 (Apud
565 1742 655 1809 Perta,
672 1740 843 1796 documento
858 1740 1013 1798 (inmunia
1026 1743 1089 1799 trist.
1106 1744 1210 1817 Script.
1225 1749 1297 1801 tom.
1315 1745 1376 1817 lli.)

97 2042 181 2107 Quod
198 2058 263 2097 raro
279 2045 394 2097 tantum
411 2041 539 2098 historiae
556 2044 709 2100 commodo
725 2044 785 2101 fieri
805 2045 887 2113 solet,
903 2046 931 2114 Α
946 2051 979 2102 ut
994 2045 1178 2102 interGalliae
1189 2043 1627 2117 civitatcsabantiquoolaraet
1638 2048 1766 2119 primatu

60 2135 94 2187 ut
111 2131 299 2203 antiquorum
322 2146 430 2204 rugum
454 2147 556 2186 casum
583 2132 707 2204 novique
734 2132 888 2190 hominum
943 2133 1077 2207 praculis
1093 2133 1229 2207 insignis,
1246 2133 1287 2189 itu
1299 2132 1492 2191 Adalberouis
1504 2134 1646 2207 regimine
1665 2137 1769 2194 nobili·

59 2220 181 2293 generis
196 2224 291 2275 ortum
305 2220 350 2275 vir
364 2220 497 2292 utrisque
516 2220 733 2278 necessitudine
759 2222 888 2295 quadam
942 2226 1123 2296 tata,eoque
1152 2239 1209 2278 non
1226 2221 1324 2280 minus
1353 2221 1492 2296 exemplis
1516 2240 1606 2295 quam
1635 2223 1768 2292 doctrine

59 2310 239 2380 conjunctus
253 2313 280 2364 et
296 2308 424 2364 historia
439 2309 598 2364 scribendae
616 2325 707 2382 capax
723 2310 796 2384 stylo
807 2328 887 2367 com·
943 2312 1051 2367 animis
1066 2311 1256 2383 moribusque
1267 2312 1410 2382 juvenum
1426 2312 1587 2368 formandis
1601 2312 1706 2370 valida.
1720 2313 1768 2370 Ri-

60 2398 170 2464 mittat,
188 2414 222 2452 ea
237 2397 348 2453 ultimis
363 2396 532 2453 carolorum
547 2402 576 2453 et
586 2398 711 2470 Huguni,
728 2415 830 2472 regum
840 2400 888 2456 ho
942 2398 1047 2457 charus
1058 2399 1285 2474 igiturbouitate
1296 2405 1325 2456 et
1335 2400 1453 2473 ingenio
1464 2400 1624 2457 amicitiam
1636 2400 1766 2459 (terberti

59 2485 506 2559 diequciuGaltiaflorentium
526 2486 662 2560 principi,
692 2486 810 2545 claritas
839 2488 886 2544 fti-
942 2487 997 2545 sibi
1014 2489 1204 2560 comparavit,
1223 2511 1237 2539 (ι
1252 2489 1316 2554 viri,
1334 2494 1367 2545 ut
1382 2490 1447 2561 ejus
1461 2488 1557 2545 verbis
1577 2492 1653 2559 utar,
1667 2489 1768 2564 magui

59 2577 145 2632 chero
174 2581 242 2631 uato
267 2592 408 2632 concessa
437 2580 492 2632 est.
520 2576 582 2644 ilic,
613 2580 646 2632 ut
666 2576 730 2649 ipso
753 2578 886 2634 tradente
941 2575 1050 2650 ingenii
1067 2595 1099 2633 ac
1111 2573 1307 2650 miricloquii,
1318 2594 1376 2649 quo
1391 2576 1596 2634 totaGulliaac
1611 2578 1636 2634 si
1647 2577 1767 2636 lucerua

60 2665 213 2730 discimus,
231 2664 324 2721 sancti
341 2663 465 2737 Remigii
495 2669 575 2721 extra
600 2682 701 2722 muros
728 2667 887 2723 ltemcnses
941 2666 1061 2722 ardente
1090 2666 1274 2722 vibrabunda
1302 2666 1457 2723 refulsit.»
1478 2666 1530 2732 oui
1560 2683 1627 2722 oum
1653 2667 1767 2725 intimis

58 2754 281 2822 monachusfl),
298 2758 411 2826 patrem
427 2753 531 2810 habuit
550 2754 724 2822 liudulfum,
749 2755 885 2812 Ludovici
940 2753 1114 2811 adalberoni
1135 2754 1387 2828 archiepiscopoa
1410 2752 1541 2811 consiliis
1565 2758 1652 2824 esset,
1676 2759 1765 2828 atque

59 2842 262 2898 'transmarini
279 2842 358 2915 regis
370 2841 494 2898 militem
517 2845 546 2898 et
562 2842 772 2900 consiliarium.
804 2844 887 2900 Pater
940 2843 1106 2911 itineribus,
1122 2843 1604 2917 epistolisctmugistcriosummis
1618 2842 1763 2912 iuGaltia,

61 2954 74 2981 κ
90 2930 214 2986 consitio
230 2930 416 3002 commodus,
432 2931 570 2988 facundia
597 2931 686 2988 simul
711 2936 740 2988 et
763 2933 887 2988 audacia
941 2930 1097 2988 Germania
1112 2936 1141 2988 et
1156 2930 1238 2988 italia
1256 2931 1326 2987 viris
1353 2930 1553 2989 familiaritate
1576 2933 1763 3006 jungeretur,

58 3018 221 3091 plurimus,
238 3019 313 3074 unde
330 3022 358 3074 et
373 3036 422 3075 rex
432 3020 591 3076 admodum
602 3021 628 3076 ei
639 3022 849 3077 consuescebat
858 3026 887 3077 et
940 3020 1080 3093 optimam
1092 3021 1193 3094 juveni
1210 3037 1309 3077 rerum
1324 3021 1370 3077 sui
1387 3020 1526 3094 temporis
1548 3023 1763 3095 cognoscenda-

58 3108 140 3178 apud
158 3124 223 3162 eum
238 3108 399 3180 sepissime
414 3107 609 3175 consultabat,
626 3131 640 3160 υ
657 3109 732 3166 inter
750 3109 808 3167 alia
822 3127 886 3181 que
941 3127 1007 3166 rum
1023 3114 1051 3166 et
1066 3109 1334 3183 perspiciendarum
1352 3109 1519 3166 facultatem
1538 3109 1628 3167 dedit.
1653 3109 1765 3168 Medias

60 3197 198 3268 patravit,
214 3214 289 3252 anno
303 3197 358 3252 949
378 3197 509 3254 Lauduui
536 3197 670 3271 capiendi
695 3198 827 3255 ordinem
856 3199 885 3254 in
941 3199 1257 3266 tameninterturbas,
1274 3215 1338 3271 qum
1354 3198 1765 3256 Carolorumoasumetuovi

60 3284 184 3340 consilio
202 3286 278 3357 regis
293 3286 446 3358 proposuit
456 3285 563 3359 etipse
578 3286 637 3342 dux
666 3286 789 3343 feliciter
806 3305 885 3344 exse·
941 3287 1022 3360 regni
1038 3287 1121 3343 initia
1135 3286 1363 3358 comitabantur,
1375 3285 1516 3343 fiicherus
1531 3288 1586 3343 arti
1601 3288 1720 3345 medice
1734 3305 1767 3346 se

61 3381 147 3429 cutus
163 3378 208 3428 est
224 3376 272 3446 (2),
289 3378 376 3446 atque
391 3392 427 3430 an
443 3375 496 3430 956
522 3374 672 3448 Gerbergae
697 3376 803 3449 regina
823 3377 886 3433 vin·
941 3377 1062 3444 addixit,
1079 3392 1168 3449 quam
1185 3393 1243 3448 quo
1253 3375 1351 3432 studio
1363 3377 1401 3431 sit
1415 3375 1619 3449 amplexuuex
1628 3375 1767 3449 plurimis

61 3463 115 3519 dex
139 3463 267 3519 Mentem
293 3462 453 3531 Castriloci,
483 3464 643 3520 Baunonia
670 3469 769 3536 caput,
798 3468 884 3520 noctu
941 3465 1109 3521 morborum
1125 3464 1372 3537 descriptionibus
1396 3465 1475 3538 operi
1509 3464 1767 3535 insertis(6)cotli·

61 3553 249 3624 expugnavit,
274 3556 302 3607 et
331 3552 525 3625 Ragenerum,
552 3552 602 3624 qui
633 3554 737 3626 regina
762 3553 886 3625 injurias
939 3553 1029 3626 gitur.
1043 3555 1127 3610 Anno
1142 3553 1192 3609 991
1206 3571 1307 3612 mense
1318 3553 1421 3611 Martio
1432 3553 1573 3610 abamico
1584 3554 1765 3611 Heribraudo

61 3640 211 3703 intulerat.
230 3657 317 3696 uxore
332 3644 360 3696 et
376 3639 476 3697 liberis
491 3640 559 3697 iude
574 3641 690 3710 ablatis,
716 3642 752 3697 ad
768 3642 885 3699 satisfa-
940 3643 1062 3709 medico,
1079 3642 1249 3699 (tarnatensi
1264 3642 1377 3711 clerico,
1393 3642 1498 3699 litteris
1513 3647 1541 3698 et
1556 3641 1650 3715 legato
1665 3658 1763 3699 arces-

60 3730 198 3783 ciendum
216 3729 322 3802 regina
337 3730 430 3802 coegit
441 3729 556 3796 (aaran
570 3734 652 3802 patre
666 3731 778 3786 editum
794 3734 823 3786 et
834 3732 886 3787 Lo·
940 3731 1026 3799 situs,
1039 3731 1196 3787 Carnutum
1208 3730 1290 3798 adiit,
1304 3730 1352 3784 ubi
1364 3730 1441 3803 apud
1453 3747 1566 3801 magnae
1576 3728 1762 3786 liberalitatis

62 3816 158 3871 thario
182 3834 256 3890 rege,
281 3817 332 3890 qui
363 3817 485 3873 ultimus
513 3818 682 3875 Carolorum
711 3819 884 3892 dignitatem
939 3818 1210 3875 etscientiaevirum
1222 3816 1761 3890 Hippocratisaphorismosctlibrum·

62 3905 172 3975 regiam
184 3905 257 3961 inter
270 3905 347 3963 bolla
361 3906 457 3962 civilia
472 3911 500 3962 et
514 3911 630 3963 externa
642 3908 719 3964 haud
731 3908 886 3964 infeliciter
939 3908 975 3964 de
989 3907 1146 3964 concordia
1159 3906 1353 3980 Hippocratis,
1365 3905 1466 3963 Galeui
1482 3911 1511 3963 et
1525 3905 1640 3964 Suriani
1662 3905 1761 3963 studio

60 3994 212 4061 sustinuit,
229 3995 375 4061 adultum,
392 3994 550 4052 Richerum
565 3996 662 4053 studio
682 3997 753 4069 regii
769 3997 885 4070 generis
939 3995 1001 4052 sius
1017 3995 1139 4066 evolvit;
1156 3996 1241 4067 cujus
1259 3995 1373 4052 itineris
1388 3994 1539 4053 molestias
1567 3994 1641 4052 libro
1656 4011 1695 4063 rv,
1711 4012 1760 4053 ca·

59 4087 87 4137 et
103 4084 203 4155 patria
221 4100 319 4139 amora
335 4084 475 4156 flagrasse
489 4087 518 4140 et
537 4085 663 4158 primam
679 4101 775 4141 rerum
792 4084 886 4159 publi·
939 4084 998 4158 pite
1012 4086 1057 4154 50,
1070 4083 1213 4157 exposuit.
1231 4083 1319 4141 Paulo
1340 4087 1406 4156 post
1420 4101 1499 4154 cum,
1522 4083 1657 4153 Aruulfo,
1673 4084 1761 4141 Adat-

60 4187 161 4226 carum
176 4175 205 4227 ct
221 4171 292 4229 artis
307 4172 444 4230 militaris
458 4172 592 4229 notitiam
604 4173 683 4229 domi
695 4179 884 4230 consecutum
939 4173 1056 4229 beronis
1071 4189 1249 4240 successore,
1267 4173 1409 4245 deposito,
1420 4173 1577 4230 Gerbertus
1589 4189 1691 4248 regum
1707 4173 1764 4230 Hu-

59 4276 133 4328 esse,
152 4259 231 4315 haud
246 4266 291 4316 est
306 4261 383 4333 quod
400 4261 527 4318 mireris.
553 4261 669 4319 Ultimis
690 4262 814 4319 Odelrici
839 4280 885 4318 ar·
939 4261 1024 4334 gonis
1040 4266 1068 4317 et
1082 4262 1223 4329 lietberti,
1239 4261 1376 4334 discipuli
1392 4262 1449 4330 sui,
1462 4262 1557 4319 favore
1572 4261 1764 4334 archiepisco·

59 4348 237 4421 chiepisocpi
266 4350 353 4406 annis
382 4352 432 4418 (4),
461 4337 505 4407 voi
535 4352 612 4424 quod
641 4351 739 4425 potins
768 4351 884 4407 credam
939 4353 1041 4424 patum
1065 4349 1236 4408 Remensem
1265 4341 1452 4424 suscepisset,
1483 4350 1606 4407 Richero
1635 4349 1763 4406 historice

58 4437 241 4493 adalberone
257 4438 475 4512 archiepiscopo
491 4440 702 4497 monasterium
717 4441 813 4496 suncti
831 4440 884 4496 fte-
939 4437 1087 4493 Gallorum
1104 4437 1320 4494 conscribendae
1344 4441 1445 4494 auctor
1473 4437 1569 4492 factus
1595 4440 1650 4491 est.
1679 4434 1762 4500 Quod

11 4573 13 4576 ι
60 4526 140 4597 migii
159 4526 286 4594 intravit,
300 4527 350 4583 ubi
365 4528 421 4585 sub
432 4528 547 4586 fiodulfr
559 4528 884 4601 abbatisdiseipliuaab
940 4526 1060 4599 quidem
1076 4544 1213 4583 munus«
1231 4528 1431 4583 obsummam
1448 4542 1536 4597 quam
1553 4525 1656 4582 afferre
1682 4524 1762 4581 vide·

59 4615 176 4686 egregio
193 4616 333 4688 magistro
348 4617 485 4674 Gerberto
500 4617 606 4674 litteris
628 4618 800 4683 instructus,
815 4617 885 4673 arti·
938 4616 1027 4671 batur
1043 4615 1199 4671 utilitatem
1219 4621 1247 4671 ct
1277 4614 1403 4671 materiae
1429 4615 1592 4670 ubertatem
1611 4630 1644 4670 eo
1672 4613 1763 4670 animi

59 4702 117 4755 bus
133 4702 302 4760 liberalibus
317 4706 449 4763 studium
464 4707 599 4778 advertit,
614 4707 803 4779 diversasque
818 4706 884 4780 phi·
940 4704 1006 4761 nisu
1023 4704 1162 4776 suscepit,
1180 4721 1238 4776 qua
1261 4702 1395 4776 jubentis
1409 4703 1484 4758 mira
1511 4702 1705 4759 benivolentia
1732 4719 1764 4760 so

58 4787 202 4861 losephie
216 4799 313 4864 partes
327 4795 449 4852 edoctus
472 4799 501 4852 et
529 4795 661 4852 classicis
686 4797 883 4852 Romanorum
900 4781 921 4847 C
941 4793 1068 4868 pertrahi
1086 4815 1100 4840 »
1118 4792 1189 4847 dicit
1203 4792 1252 4863 (7),
1268 4793 1452 4865 triennioque
1465 4792 1599 4849 absolvit.
1611 4792 1762 4864 Siquidem

58 4879 264 4951 scriptoribus,
276 4882 470 4958 philosophis,
483 4885 588 4958 poetis,
601 4884 758 4955 historicis,
770 4889 884 4941 cosmo·
940 4882 1026 4938 annis
1040 4881 1094 4935 995
1108 4883 1137 4934 et
1149 4879 1203 4933 996
1218 4877 1329 4936 litteras
1343 4881 1379 4935 ab
1394 4883 1566 4937 Gerbortum
1582 4879 1662 4953 operi
1689 4896 1762 4952 pra·

58 4969 594 5043 graphisimbutus‚uademonacho
622 4973 732 5046 sperari
761 4979 883 5045 poterat,
940 4971 1022 5036 rixas,
1040 4968 1213 5023 librumret
1227 4968 1294 5024 libri
1310 4986 1330 5024 ιι
1345 4969 1529 5041 capital-78,
1547 4969 1656 5041 quibus
1671 4967 1762 5022 histo·

58 5058 171 5114 sanctis
187 5059 321 5117 Patribus
335 5062 424 5117 etiam
438 5066 467 5118 et
488 5062 651 5119 canonibus
679 5062 885 5119 ecciesiasticis
940 5061 1091 5129 risusque
1107 5058 1142 5112 ad
1159 5074 1268 5113 annum
1289 5059 1342 5113 948
1370 5057 1547 5130 perducitur,
1577 5054 1761 5127 conscripsit,

56 5144 192 5218 legendis
207 5165 324 5221 operam
335 5151 416 5207 dedit
430 5152 476 5218 (51.
489 5151 632 5207 llrattunc
645 5151 801 5207 Remorum
814 5153 885 5207 urbs
940 5147 1054 5218 reliqua
1075 5146 1141 5202 libri
1158 5162 1177 5203 ιι
1200 5145 1306 5218 capita,
1329 5145 1437 5202 librum
1463 5164 1492 5202 ιιι
1507 5151 1536 5202 et
1559 5161 1587 5202 iv
1609 5142 1761 5199 historiam

93 5316 133 5376 (tl
148 5315 289 5391 Prologus
303 5320 400 5393 operis
415 5323 445 5376 et
459 5318 510 5377 lib.
526 5338 566 5387 iv,
580 5321 625 5377 50.
940 5320 985 5385 46,
1000 5333 1065 5390 sqq.
1081 5320 1215 5372 auctores
1226 5313 1363 5372 classicos
1378 5315 1545 5371 aGerberto
1560 5310 1708 5371 adhibitos
1722 5330 1764 5371 rc·

149 5387 293 5526 ilfi-'ii'
941 5395 1119 5532 “idaiam
1143 5456 1163 5513 n
1174 5457 1269 5531 gratia
1283 5473 1303 5526 1,
1319 5455 1364 5525 ιι,
1390 5455 1433 5526 13,
1459 5456 1503 5525 rs,
1519 5453 1565 5526 rc,
1590 5456 1636 5523 aa,
1652 5456 1706 5526 ιιι,
1731 5471 1763 5525 11,

106 5508 532 5617 tlcertebaudauteeunum
562 5534 718 5605 9663nam
749 5535 883 5594 flodoar-
942 5535 986 5602 37,
1041 5475 1766 5602 ‚5a5a103211u1a9a40a1v‚⁵‚2t⁵⁰

56 5599 130 5658 dum
147 5618 206 5657 nou
221 5619 336 5661 novisse
347 5609 470 5664 vacetur.
485 5606 529 5662 Cf.
545 5605 712 5680 Prologum.
941 5621 1016 5749 sqpy.>
1029 5604 1074 5660 ur.

90 5670 135 5737 (5)
143 5688 164 5742 ι,
174 5673 202 5742 3,
214 5672 408 5752 Hieronymus
416 5681 446 5734 et
455 5671 604 5751 Sulpicius
613 5683 832 5751 memorantur,·
844 5696 887 5754 ui,
1030 5671 1180 5749 Prologus.

217 5799 352 5891 {aaron
374 5802 564 5869 cxxxviii.
1586 5799 1609 5877 t

61 5856 163 6041 Si&

35 6025 74 6074 Ν
