3878 6098
137 319 197 393 tta
275 376 279 381 .
467 314 636 377 apruna.
663 310 712 372 nu
735 269 828 371 SAEll.
853 311 890 369 X.
909 343 945 352 -
961 304 1212 370 Mounnuu'ra
1236 305 1515 370 tumultantes.
1784 304 1846 369 676

139 452 231 511 nostri
246 451 333 506 talem
356 449 448 521 legem
465 453 493 502 ct
508 445 710 501 rnntrnatncm
737 447 763 496 ct
788 442 844 496 lale
869 440 961 495 salm-
976 442 1002 507 Α
1021 445 1068 512 pto
1086 440 1133 495 illo
1151 441 1226 513 quod
1243 442 1278 496 dc
1292 458 1356 496 nrm
1368 440 1525 496 donatione
1537 438 1626 508 venit,
1636 438 1695 495 illis
1706 440 1846 504 concede,

139 547 272 599 mentum
288 541 318 594 in
331 538 427 611 regnis
439 535 547 591 nostris
560 535 702 596 halieutis,
716 531 792 587 sicut
803 534 965 585 antecesso-
1019 528 1044 583 si
1061 529 1133 583 milri
1149 529 1318 585 firmitatem
1335 529 1457 584 iecerint
1472 529 1549 600 quod
1566 527 1595 582 in
1612 542 1702 599 regno
1717 543 1782 582 meo
1797 542 1849 598 pa-

139 647 186 688 res
197 628 284 685 vestri
300 632 430 697 tempore
446 627 664 679 antecessorum
676 624 843 679 nostrorum
855 617 964 673 habue-
1020 618 1093 674 cilici
1111 617 1180 685 sint,
1194 624 1222 673 et
1238 618 1281 673 sic
1295 618 1335 673 ibi
1352 617 1450 672 vivant
1465 616 1542 672 sicud
1556 615 1708 672 christiani
1723 615 1754 670 in
1769 613 1849 671 chri·

139 719 266 783 runt⁹⁸⁰;
279 721 370 772 einos
381 714 467 769 talem
480 712 619 767 honorem
632 712 660 763 ct
670 711 778 763 rectam
790 709 965 779 potestatem
1020 707 1115 763 aliano
1130 724 1220 779 regno
1234 707 1329 763 vivere
1351 707 1469 762 debent.
1485 706 1516 762 ln
1532 705 1586 761 hcc
1611 709 1636 761 si
1660 705 1751 761 irater
1763 720 1849 759 meus

140 808 171 864 iu
187 811 286 863 nostro
304 804 383 876 regio
407 801 525 857 nomine
540 799 616 869 apud
633 813 684 852 vos
705 795 876 862 habeamus,
890 793 966 850 sicut
1020 794 1413 867 meisbdelibus,quicontra
1425 793 1508 851 illnm
1521 792 1593 850 nihil
1603 793 1793 850 misfecerunt
1802 793 1848 862 ⁸⁷¹,

139 894 233 952 nostri
247 898 445 949 antecessores
464 888 540 959 apud
563 891 675 941 vestros
697 889 896 939 antecessores
911 883 965 938 ha·
1020 889 1049 941 et
1063 901 1109 940 me
1124 885 1242 956 qnando
1258 882 1329 939 mihi
1345 901 1419 956 opus
1435 884 1491 939 luit
1507 884 1729 956 adjuvaverunt,
1746 880 1851 937 simili·

140 984 322 1049 buerunt;et
333 979 450 1050 justina
464 981 493 1032 et
508 977 552 1031 lex
568 974 705 1030 omnibus
721 974 965 1041 conservetur3et
1019 977 1064 1029 ter
1078 974 1195 1029 illorum
1220 972 1329 1039 alodes,
1347 990 1420 1044 quoa
1445 973 1475 1027 in
1503 988 1592 1046 regno
1621 971 1701 1027 illius
1727 970 1850 1039 habent,

139 1086 282 1145 pauperes
293 1067 427 1123 homines
436 1064 523 1121 talem
533 1062 733 1119 defensionem
744 1060 966 1128 habeant,sicut
1019 1062 1205 1119 concesserit.
1223 1062 1277 1118 Sed
1295 1067 1324 1118 et
1339 1062 1375 1117 de
1397 1060 1456 1116 illis
1470 1060 1608 1117 alodibus
1623 1076 1698 1133 quos
1722 1059 1758 1115 de
1781 1075 1851 1114 mea

138 1164 268 1230 tempore
279 1161 496 1213 antecessorum
512 1156 679 1209 nostrorum
690 1150 736 1206 lex
746 1154 772 1205 et
785 1149 964 1205 consuetudo
1019 1151 1176 1209 donatione
1191 1151 1368 1216 habuerunt,
1385 1153 1414 1205 et
1432 1149 1521 1206 etiam
1536 1149 1572 1206 de
1588 1148 1758 1216 honoribus,
1770 1147 1851 1204 sicut

139 1247 204 1314 luit,
218 1250 247 1302 et
263 1246 340 1301 siout
354 1244 402 1299 bic
415 1245 447 1278 ⁹⁶¹
463 1242 565 1298 fideles
580 1241 673 1296 nostri
688 1238 886 1295 communiter
900 1254 966 1293 con·
1019 1258 1086 1296 enm
1103 1239 1152 1296 illo
1168 1238 1274 1296 molius
1295 1238 1497 1303 considerabo,
1510 1237 1568 1294 illis
1583 1238 1634 1311 qui
1656 1238 1692 1293 ad
1709 1253 1755 1293 mc
1770 1253 1804 1293 se
1815 1238 1851 1272 ⁹⁷²

137 1338 295 1393 senserunt
309 1339 337 1389 et
351 1332 459 1404 scripto
472 1331 557 1385 nobis
573 1330 859 1397 demonstraverunt,
869 1331 898 1382 at
912 1342 967 1382 nos
1020 1329 1222 1400 retornabunt,
1231 1327 1525 1385 voluntarietnciam,

137 1441 205 1481 eum
221 1424 340 1478 illorum
367 1419 488 1477 consilio
514 1416 715 1473 consentimus
732 1421 760 1472 et
775 1414 968 1471 observat-1⁹⁸²
1054 1418 1215 1475 Etdnmnas
1234 1418 1393 1474 litotbarias
1410 1417 1508 1486 lingna.
1530 1417 1684 1474 Tteattisaa
1708 1419 1738 1472 in
1761 1433 1850 1489 snpra

137 1511 336 1569 communiter
349 1508 485 1564 volumus
513 1506 585 1562 Etsi
602 1505 710 1576 aliquis
726 1503 781 1558 hoe
796 1503 966 1576 perturbare
1019 1506 1191 1563 adnuntiatis
1205 1507 1335 1580 capitulis
1349 1523 1377 1563 se
1391 1508 1543 1564 consentire
1557 1505 1640 1574 dixit,
1655 1513 1681 1563 et
1702 1522 1730 1561 se
1753 1507 1851 1562 obso-

137 1600 300 1666 volueritn
316 1597 395 1653 nullo
412 1603 544 1652 nostrum
569 1593 735 1665 recipiatur,
753 1592 810 1647 nisi
824 1597 857 1646 ut
872 1592 966 1647 autl⁶³
1019 1605 1149 1653 notarum
1164 1597 1216 1652 itta
1229 1598 1366 1669 promisit.

138 1688 175 1744 ad
191 1691 301 1743 recum
317 1687 459 1741 rationem
475 1688 526 1739 aut
541 1683 578 1737 ad
593 1683 628 1717 ⁹⁶⁴
647 1680 850 1737 rationabilem
867 1680 967 1735 indul·
1055 1685 1088 1739 tt
1103 1691 1169 1740 turre
1182 1685 1299 1742 domnus
1312 1685 1435 1741 Karalus
1448 1687 1547 1741 iterum
1567 1685 1661 1757 liapua
1677 1684 1799 1740 bonuau
1818 1685 1853 1742 de

139 1776 243 1849 gentio
254 1773 472 1831 concessionem
490 1773 660 1827 deducatur.
1018 1789 1084 1846 poce
1098 1775 1272 1840 commonuit,
1288 1782 1314 1830 et
1335 1781 1366 1830 ut
1389 1790 1451 1829 nam
1465 1774 1515 1830 Dei
1528 1776 1619 1844 oratio
1641 1775 1706 1829 soni
1727 1781 1753 1829 et
1777 1774 1853 1830 solari

173 1866 201 1921 b.
217 1865 273 1920 Sed
290 1868 317 1919 et
333 1864 365 1898 ⁹⁶⁵
381 1863 416 1917 de
432 1861 496 1916 istis
518 1860 630 1932 rapinis
645 1865 673 1915 et
687 1857 963 1931 depredationibus,
1020 1863 1101 1932 irent,
1116 1871 1142 1917 et
1157 1870 1187 1918 ut
1204 1879 1248 1918 eos
1270 1879 1352 1919 sanos
1366 1863 1520 1919 reviderent
1534 1865 1631 1928 ornarit,
1644 1871 1671 1919 et
1693 1861 1852 1919 adnuntia·

138 1971 213 2028 quas
223 1955 287 2025 jam
303 1952 387 2024 quasi
403 1968 454 2023 pro
471 1949 533 2022 loge
555 1948 639 2003 multi
657 1965 708 2021 per
722 1949 964 2004 consuetudinem
1018 1952 1139 2007 tionibus
1153 1953 1187 1986 ⁹²³
1200 1950 1286 2022 finem
1301 1954 1438 2025 imposuit.

137 2046 247 2109 tenent,
260 2041 296 2096 ab
312 2040 366 2095 hoc
382 2039 429 2095 dic
451 2044 480 2094 ct
502 2037 639 2109 deinceps
655 2036 756 2092 dallei
773 2038 869 2091 banno
886 2041 914 2091 et
929 2037 965 2092 de

136 2133 171 2169 ⁹⁸⁸
182 2137 281 2186 nostro
292 2130 380 2185 verbo
390 2130 423 2164 ⁸⁶⁷
440 2127 649 2190 bannimus,ut
665 2141 750 2180 uerno
766 2125 821 2181 hoc
836 2125 965 2197 amplius

137 2218 369 2294 11113311ῐῦ115δᾶ
380 2216 584 2288 unusquisbue
595 2216 672 2271 5¹¹ssst
682 2215 806 2286 tulliam
818 2231 883 2270 ⁰³¹1]
896 2231 964 2285 pace
1018 2230 1082 2285 lloee
1096 2244 1159 2299 quae
1172 2236 1323 2301 separentur
1336 2220 1450 2284 domnus
1467 2229 1591 2296 Karalus,
1605 2245 1728 2285 reuersus
1742 2246 1761 2285 o
1776 2231 1851 2287 Con·

136 2305 438 2378 etsineoppressione
450 2321 612 2376 pauperum
623 2309 652 2358 et
666 2302 963 2358 circummanentium
1054 2300 1373 2370 [tuentecumeontitto
1421 2301 1706 2372 leliumsuorumper
1727 2318 1852 2370 reanum

137 2397 289 2460 curisistat,
301 2400 329 2449 ct
346 2395 374 2448 in
392 2397 505 2448 bostem
516 2390 559 2447 vol
576 2392 612 2446 ad
629 2390 768 2463 placitum
785 2391 844 2446 sivo
855 2391 891 2446 ad
902 2407 965 2447 cur·
1053 2388 1135 2427 snum
1149 2370 1318 2427 ‘sewaldi‘
1332 2379 1357 2428 ll
1370 2372 1537 2427 ‘limanda
1551 2371 1664 2427 dimil-

137 2489 196 2540 tam
207 2483 380 2547 veniens,de
392 2499 444 2537 suu
456 2482 497 2536 sio
508 2480 654 2536 straminis
665 2481 697 2515 ⁹¹³⁸
709 2482 783 2548 (135)
794 2485 821 2535 at
831 2482 867 2536 de
877 2480 964 2536 <loma
1055 2486 1119 2541 Haec
1135 2485 1217 2541 missi
1236 2485 1326 2541 nostri
1342 2486 1541 2541 discurrentes
1558 2484 1675 2541 faciant.

137 2590 192 2630 sua
207 2575 331 2635 moveat,
344 2575 375 2625 ut
390 2588 457 2626 cum
475 2586 544 2640 pace
559 2568 656 2624 venire
667 2573 695 2624 et
706 2569 859 2624 nobiscum
875 2574 962 2637 stare,
1056 2576 1080 2629 1.
1093 2573 1236 2629 Omnibus
1247 2574 1277 2628 in
1289 2591 1342 2630 suo
1353 2573 1502 2630 missatico
1514 2574 1682 2630 firmitatem
1694 2592 1760 2648 quae
1771 2575 1853 2630 inter

137 2665 166 2717 et
181 2662 216 2717 ad
234 2662 353 2716 domum
368 2677 451 2715 suam
470 2658 562 2714 redire
578 2658 680 2729 possit.
692 2658 785 2730 lltqui
802 2658 856 2716 hoc
871 2663 964 2714 trans·
1018 2680 1071 2720 nos
1087 2666 1115 2718 et
1130 2663 1316 2718 rarissimum
1333 2663 1449 2717 tratrem
1469 2667 1602 2718 nostrum
1619 2667 1706 2735 atque
1721 2661 1852 2719 dilectos

136 2766 256 2824 gressus
271 2749 368 2815 luerit,
384 2750 460 2804 sicut
473 2752 604 2821 tempore
619 2752 836 2803 antecessorum
853 2753 965 2804 nostro·
1018 2756 1138 2824 nepotes
1155 2756 1270 2807 nostrus
1287 2751 1361 2806 facta
1377 2756 1431 2818 est,
1448 2756 1547 2807 notam
1563 2752 1682 2806 faciant.

137 2856 203 2896 rum
219 2840 399 2894 consuetudo
410 2839 443 2872 ⁹¹⁵⁹
458 2839 523 2903 luit,
536 2843 565 2892 et
579 2836 608 2892 in
622 2835 738 2891 illorum
750 2837 887 2908 capitulis
898 2854 965 2892 con·
1052 2843 1079 2897 2.
1096 2839 1229 2911 capitula
1244 2839 1330 2896 etiam
1348 2856 1411 2912 qua
1432 2841 1509 2911 apud
1524 2838 1709 2896 Conlluentes
1725 2845 1853 2912 accepta

137 2927 258 2994 tinctur‚
269 2927 405 2983 volumus
421 2932 453 2982 ut
472 2927 525 2981 boc
549 2925 579 2981 in
609 2925 667 2981 illis
694 2926 963 2998 transgressoribus
1017 2933 1088 2985 sunt
1102 2947 1120 2984 a
1135 2928 1220 2984 nobis
1236 2934 1265 2984 et
1279 2929 1487 2985 communibus
1504 2928 1640 2985 fidelibus
1654 2929 1779 2997 nostris,
1794 2929 1851 2985 ad-

136 3016 318 3073 emendetur.
1017 3017 1164 3074 nuntient.

75 3136 84 3151 ·
171 3106 200 3160 7.
214 3104 356 3161 Similiter
370 3107 399 3160 et
413 3104 449 3160 de
473 3103 751 3176 conspirationibus,
767 3110 796 3159 et
819 3105 855 3160 de
870 3105 963 3177 raptis
1052 3108 1079 3161 3.
1096 3105 1152 3161 Sed
1168 3109 1196 3160 et
1211 3103 1262 3160 illa
1277 3104 1405 3177 capitula
1420 3123 1484 3177 qua
1501 3111 1569 3162 ante
1584 3121 1635 3178 per
1651 3122 1777 3179 regnum
1793 3122 1849 3162 nc·

137 3192 864 3264 seminarum,tamviduarumquametpuellarum
875 3175 999 3264 atqncb
1018 3200 1112 3251 strum
1128 3195 1309 3250 observanda
1330 3194 1478 3266 misimus,
1495 3212 1561 3251 cum
1581 3195 1717 3268 capitulis
1732 3195 1849 3268 episco-

136 3282 534 3349 nonnarum,bannimusex
556 3282 606 3336 llei
636 3286 665 3337 et
694 3286 793 3338 nostro
817 3282 914 3350 verbo,
933 3287 964 3337 ut
1018 3283 1134 3357 palibus
1150 3290 1178 3339 et
1192 3283 1412 3356 progenitorum
1437 3289 1605 3340 nostrorum
1630 3284 1846 3357 imperatorum

1041 2083 1144 2122 Itanon
1163 2084 1302 2122 CAPITULA
1321 2084 1390 2123 nost
1409 2084 1538 2123 anntnuu
1557 2086 1575 2122 Α
1594 2084 1830 2127 CONFLUBNUBUS

1240 2155 1333 2194 nttssts
1354 2155 1418 2195 suls
1437 2155 1625 2194 commotas.

137 3372 238 3428 nullus
253 3372 308 3429 hoc
323 3371 353 3427 in
370 3371 468 3444 regnis
483 3370 592 3426 nostris
607 3387 691 3442 agero
706 3375 874 3443 prasumat.
888 3372 923 3426 bt
938 3371 963 3426 si

136 3462 203 3535 quis
213 3461 268 3517 hoc
279 3460 509 3534 presumpserit,
521 3460 683 3515 secundum
694 3458 798 3532 legem,
808 3463 837 3514 ct
846 3460 922 3515 sicut
932 3460 962 3514 in

134 3550 346 3622 capitularibus
362 3551 581 3622 progenitorum
602 3552 770 3604 nostrorum
786 3548 961 3616 continetur,

135 3636 178 3696 sic
194 3638 249 3695 boc
264 3639 420 3694 emendare
436 3642 566 3710 cogatur.

169 3729 233 3784 llaec
256 3727 348 3783 eodem
372 3727 488 3783 domnas
508 3727 630 3782 Karalus
654 3728 775 3782 ltomann
798 3727 894 3797 titiano
918 3726 964 3781 ad·

133 3818 284 3884 nuntiauit,
300 3824 326 3872 et
340 3833 375 3872 ex
396 3818 521 3872 nautium
540 3823 619 3888 petru
633 3817 733 3887 tingite
750 3816 905 3871 Tbeotbiacu
920 3831 962 3871 re·

1018 3372 1204 3445 adcognitent
1228 3371 1312 3443 (136),
1333 3377 1361 3427 et
1389 3373 1641 3446 cognitamentum
1667 3372 1741 3446 (tat)
1767 3374 1846 3446 quod

1016 3462 1103 3517 modo
1118 3461 1196 3532 apud
1212 3460 1395 3517 Conssuentcs
1419 3460 1543 3517 lecimus
1567 3461 1705 3517 omnibus
1731 3461 1846 3519 innote-

1018 3554 1115 3617 scant;
1130 3554 1158 3606 et
1173 3549 1341 3605 firmitatem
1352 3551 1388 3605 ab
1399 3549 1539 3605 omnibus
1554 3549 1604 3621 qui
1621 3548 1662 3604 ita
1675 3554 1778 3605 contra
1793 3566 1846 3606 uos

1017 3639 1207 3695 misfecerunt
1222 3639 1300 3694 sicut
1324 3643 1425 3694 notum
1443 3643 1497 3708 est,
1509 3643 1538 3694 et
1552 3639 1589 3694 de
1604 3637 1713 3710 quibus
1729 3639 1845 3695 carissi-

1017 3745 1085 3785 nius
1101 3728 1190 3783 irater
1205 3732 1304 3783 noster
1318 3727 1474 3800 petiitfqui
1484 3726 1583 3783 alodes
1599 3728 1627 3781 in
1643 3743 1735 3800 regno
1747 3732 1845 3784 nostro

1016 3817 1123 3873 habere
1138 3816 1249 3881 volunt,
1266 3815 1342 3871 sicut
1364 3816 1392 3871 in
1409 3817 1625 3889 cognitamento
1648 3820 1749 3872 nostro
1773 3816 1844 3872 seri·

1017 3912 1101 3978 ptum
1117 3910 1173 3972 est,
1185 3906 1404 3960 firmamentum
1425 3905 1576 3977 recipiant.
1594 3906 1636 3960 lta
1649 3909 1762 3972 tamen,
1773 3908 1806 3961 ut
1820 3903 1845 3961 si

1017 3995 1144 4066 majores
1170 3994 1303 4049 homines
1318 3993 1472 4060 voluerint,
1489 3995 1525 4049 ad
1549 4010 1603 4050 nos
1617 3993 1747 4062 veniant,
1762 3998 1793 4051 et
1814 3993 1844 4049 in

1016 4082 1172 4157 praesentia
1187 4088 1287 4138 nostra
1306 4082 1401 4156 ipsam
1425 4083 1595 4138 firmitatem
1613 4082 1736 4151 iaciant,
1753 4081 1845 4139 homi·

136 4169 241 4242 placct,
253 4175 383 4225 vestrum
398 4169 520 4225 verbum
542 4170 649 4226 babere
663 4169 727 4226 volo
742 4172 778 4226 do
793 4169 852 4225 illis
868 4169 962 4226 homi·
1017 4188 1151 4228 nestero
1167 4171 1284 4227 illorum
1298 4177 1365 4228 ante
1385 4172 1492 4227 missos
1516 4177 1634 4228 nostros
1657 4173 1782 4228 eandem
1796 4171 1843 4226 tir·
1930 4223 1935 4232 .

136 4257 225 4314 nibus
240 4258 291 4330 qui
308 4258 343 4314 ad
362 4274 457 4313 meam
474 4258 562 4313 tidem
574 4261 725 4314 venerunt.
1017 4261 1150 4316 mitatem
1167 4261 1284 4316 faciant.

168 4347 202 4403 tt
215 4346 332 4403 donnaus
348 4347 469 4402 Karalus
483 4346 627 4402 excelsiora
650 4362 710 4401 noce
726 4346 825 4416 linono
840 4353 963 4403 ltorauna
1052 4351 1079 4404 1.
1094 4349 1131 4406 Ut
1141 4349 1224 4405 missi
1240 4349 1333 4405 nostri
1344 4349 1387 4406 eis
1399 4349 1449 4422 qui
1460 4350 1630 4406 firmitatem
1644 4349 1842 4417 iecerint,alo-
1886 4391 1935 4407 -

134 4437 208 4494 dnn
218 4456 227 4491 :
239 4434 301 4491 Illis
312 4435 483 4492 hominibus
494 4435 544 4509 qui
554 4439 656 4491 contra
670 4451 716 4491 me
727 4434 768 4490 sic
780 4437 910 4491 lecerunt
925 4436 963 4491 si·
1017 4438 1069 4494 des
1084 4437 1201 4495 illorum
1213 4454 1286 4510 quos
1299 4438 1334 4494 de
1350 4437 1557 4504 hereditatect
1568 4439 1603 4493 de
1613 4436 1665 4493 tali
1675 4438 1841 4510 conquisitu
1863 4462 1935 4507 ῃ

135 4529 185 4582 cut
200 4524 292 4590 scitis,
308 4528 337 4580 et
352 4524 388 4579 ad
409 4541 507 4580 meum
534 4525 654 4580 fratrem
677 4527 829 4589 venerunt,
847 4530 964 4596 propter
979 4545 1001 4608 D
1018 4526 1067 4599 qni
1085 4527 1120 4582 de
1134 4532 1236 4582 nostra
1260 4526 1416 4582 donatione
1441 4543 1498 4582 non
1523 4527 1610 4594 venit,
1625 4525 1803 4595 babuerunt,
1816 4530 1935 4596 alte

135 4613 228 4669 Deum
244 4617 274 4668 et
289 4617 407 4684 propter
417 4612 496 4667 illius
508 4629 648 4678 amorem,
662 4617 690 4668 et
705 4629 755 4684 pro
766 4611 847 4668 illius
856 4612 961 4684 gratia,
1017 4632 1092 4688 quos
1107 4615 1204 4672 senior
1223 4621 1322 4670 nostor
1337 4615 1464 4671 domnus
1486 4615 1645 4688 imperator
1659 4615 1703 4671 eis
1719 4614 1808 4683 dedit,
1819 4613 1935 4680 δ’ἐξ

135 4705 231 4757 totum
247 4701 375 4774 perdono
391 4701 468 4773 quod
489 4705 591 4757 contra
606 4717 651 4756 me
676 4701 864 4758 misfecerunt
874 4703 916 4769 ⁹³⁰,
934 4705 963 4757 ct
1018 4708 1161 4776 praecepta
1175 4702 1256 4758 illius
1270 4702 1461 4770 ostenderint,
1477 4707 1622 4776 quantum
1638 4702 1668 4758 in
1684 4701 1758 4775 ipsis
1773 4720 1870 4776 pra—
1881 4729 1935 4767 a

135 4790 254 4848 illorum
270 4789 369 4846 alodes
384 4791 420 4845 de
442 4789 601 4846 hereditate
624 4795 653 4847 et
676 4792 712 4846 de
742 4791 920 4863 conquisitu,
935 4795 963 4846 et
1017 4791 1109 4865 ceptis
1124 4792 1192 4848 inde
1208 4790 1382 4858 continetur,
1400 4789 1460 4849 illis
1477 4792 1610 4848 reddant.

136 4878 214 4953 quad
230 4878 266 4934 de
282 4876 438 4934 donatione
455 4879 547 4934 nostri
558 4879 682 4935 senioris
696 4879 871 4948 habuerunt,
883 4896 963 4936 exce·
1053 4882 1080 4936 5.
1098 4880 1133 4936 Ut
1147 4896 1249 4935 omnes
1271 4879 1321 4950 qui
1346 4880 1515 4935 firmitatem
1531 4879 1663 4952 iecerint,
1684 4883 1715 4936 et
1736 4880 1850 4953 quibus
1861 4900 1932 4940 ts

813 5011 932 5068 VARIAE
961 5011 1167 5069 anemonas,

133 3922 166 3963 co
186 3906 306 3962 t'tnlouit.

164 3923 234 4050 111031
248 3995 308 4050 baec
321 3993 437 4049 dotianus
451 3993 628 4050 lltudoruieus
639 3993 674 4049 od
685 3993 815 4050 domnam
830 3993 963 4049 Korolum

134 4082 249 4154 [ranem
263 4097 345 4136 suum
366 4081 464 4149 liapuo
485 4081 606 4137 Romanu
620 4081 692 4137 tiata
708 4101 716 4136 :
732 4082 825 4147 Nunc,
840 4082 864 4137 si
880 4081 963 4137 vobis

173 5128 207 5165 “⁰
230 5129 398 5185 habuerunt
426 5146 511 5201 usque
535 5128 701 5184 lrabuerunt
727 5128 824 5185 desunt
854 5131 919 5185 bar.
958 5131 990 5167 ⁰⁸¹
1014 5130 1086 5186 deest
1111 5135 1177 5186 Brtr.
1215 5129 1249 5165 ⁹⁶2
1271 5129 1343 5186 deest
1368 5134 1434 5186 Bor.
1473 5129 1507 5164 ⁹⁸³
1530 5130 1564 5184 ut
1586 5133 1637 5185 aut
1657 5128 1757 5186 dana
1780 5131 1932 5184 Bnrtn

137 5199 172 5237 ”⁸
199 5200 272 5258 deest
295 5204 360 5258 bor.
400 5203 434 5237 ⁹⁶⁸
461 5201 533 5257 deest
557 5205 626 5256 Bor.-
661 5200 694 5235 ⁹⁶⁸
722 5198 794 5256 deest
816 5204 881 5256 Bar.
920 5202 953 5236 ⁹⁶⁷
977 5202 1049 5259 deest
1077 5203 1142 5257 Rur.
1188 5202 1222 5237 ⁰⁵⁸
1248 5201 1283 5257 de
1310 5218 1363 5258 suo
1393 5201 1581 5257 scuvnrintaes
1610 5203 1676 5258 Bur.
1714 5200 1749 5236 ’⁶’
1775 5200 1935 5258 dem

136 5276 203 5329 Bar.
241 5273 602 5330 ”luimisleceruntBun
641 5269 1106 5330 ⁹⁷¹nihilamiuusfeceruntltar.
1145 5274 1179 5308 ⁹³²
1194 5274 1265 5329 deest
1280 5277 1346 5329 Bur.
1384 5271 1658 5330 ‘trannuntiaaaa

931 5397 1047 5458 NOTAE.

187 5510 249 5581 135)
320 5529 366 5572 rna
1056 5514 1129 5596 (tat)
1143 5513 1416 5575 adnuntiationem.

174 5513 248 5661 lato)
278 5584 297 5641 d
312 5589 356 5643 est
369 5558 557 5652 'adnuntient
