3878 6098
62 1364 66 1372 .
172 1297 282 1383 mulus,
297 1327 417 1384 corpore
432 1309 515 1365 exilis
529 1313 558 1364 et
573 1307 706 1380 exiguus,
724 1306 796 1361 lacis
811 1310 839 1361 ct
852 1320 1001 1361 conversa·

172 287 232 349 aot
585 284 773 353 ‚Aeaeam
795 285 847 347 AD
870 284 965 348 SAEC.
987 280 1027 348 x.
1043 312 1084 328 -
1097 280 1225 345 aeaut
1248 298 1445 350 aasunorrat.
1819 283 1883 377 208

173 421 309 479 tractatio
325 423 364 490 (2)
380 419 486 493 regalis
507 419 632 487 consilii,
659 420 684 476 si
711 419 797 476 modo
818 417 867 474 ille
892 415 998 490 praesul
1012 415 1146 489 Arelati,
1164 415 1266 472 sociati
1294 419 1363 472 sant
1391 415 1515 472 artubus
1542 416 1700 473 venerandi
1726 416 1820 491 regis,
1849 425 1884 477 ut

174 509 322 567 maximus
338 512 436 582 posset
450 509 486 564 ad
502 509 555 566 hoo
570 506 755 582 flectiltegis
766 508 864 580 itaque
880 524 913 563 aa
928 504 1000 578 opti·
1055 505 1104 577 qui
1122 505 1275 578 sanguine,
1307 509 1405 561 mente
1435 509 1463 560 et
1491 521 1610 578 corpore
1630 506 1729 578 jaacti
1755 507 1883 580 lucrant,

175 602 291 656 matum
303 597 553 670 ejusimportunis
564 600 694 653 tentatus
706 593 1000 671 precihusvixpotuit
1053 593 1142 649 unius
1158 594 1283 667 sepulcri
1310 592 1466 665 participes
1492 594 1597 651 forent.
1624 594 1731 652 beatus
1747 611 1816 670 arga
1832 615 1884 672 pay

173 688 208 747 ed
224 687 279 744 hoo
295 687 475 760 persuaderi,
491 692 637 760 quatenus
662 691 830 743 sanctorum
855 683 903 756 qui
929 689 999 738 tanc
1052 682 1180 739 triarcha
1194 683 1372 738 Fortunatas
1398 682 1512 738 meritis
1526 683 1645 740 tandem
1660 687 1787 742 utulate
1813 703 1884 743 cou-

172 776 246 833 torte
261 777 383 832 aderant
399 776 583 832 sacerdotum
599 775 705 831 cedens
721 772 896 839 auctoritati,
910 770 1000 828 susci·
1053 775 1230 838 summates,
1247 770 1316 827 huie
1327 769 1536 844 temporalitati
1551 770 1711 829 rvllalend.
1727 773 1826 831 Martii
1836 781 1883 841 est

171 870 253 940 peret
275 882 376 921 curam
408 865 493 922 istius
524 863 709 931 monastarii;
726 864 811 935 cujus
832 859 997 917 sanctitatis
1053 861 1232 928 subtractae,
1250 864 1337 932 atque
1353 860 1387 915 ad
1400 864 1549 932 perpetem
1560 861 1702 918 stantiam
1714 862 1830 920 dieram
1842 865 1885 922 ia·

172 953 342 1013 excellentia
366 953 531 1026 priorisque
556 952 647 1023 apicis
675 951 837 1008 reverentia
863 949 998 1021 stirpitus
1054 948 1196 1005 finitatem
1214 949 1383 1021 perductus.
1400 948 1495 1021 hujus
1515 951 1682 1007 venerenda
1708 950 1794 1025 gleba
1817 958 1885 1026 post

172 1044 326 1116 estsopita
344 1040 510 1098 claustralis
533 1041 688 1108 discordia,
711 1040 854 1097 etsubeo
872 1039 1000 1094 demere
1053 1037 1255 1095 basosaltaris
1272 1039 1301 1094 a.
1321 1055 1402 1110 papa
1432 1038 1562 1112 Gregorii
1579 1039 1691 1095 decenti
1721 1041 1883 1114 sepultum

173 1133 351 1191 effectisunt
380 1131 517 1187 monachi
547 1147 597 1186 cor
626 1147 717 1186 anum
747 1134 775 1185 et
802 1128 901 1185 anima
929 1143 997 1182 ana.
1053 1131 1098 1185 est
1112 1127 1230 1182 tradita.
1247 1127 1322 1182 Anni
1339 1143 1405 1182 vero
1422 1127 1573 1200 regiminis
1585 1128 1649 1199 ejus
1676 1129 1884 1189 Mediuniaao·

172 1222 273 1277 Fuisse
284 1221 420 1293 equidem
450 1219 557 1276 dicitur
572 1218 757 1275 ltecalvaster
768 1216 814 1272 hic
829 1215 940 1272 domini
956 1215 1000 1271 sa·
1053 1217 1172 1272 austerii
1189 1215 1373 1289 reperiuntur
1388 1214 1502 1288 viginti.

1374 1313 1489 1370 CAPUT
1507 1315 1554 1370 VI.

172 1400 251 1456 tione
267 1399 428 1473 angelicus,
444 1398 536 1453 barba
553 1396 698 1469 sublonga
713 1394 853 1466 canisque
867 1410 1001 1466 respersa
1090 1394 1298 1450 suceessorum
1315 1398 1375 1450 tam
1390 1392 1487 1450 idonei
1504 1395 1598 1454 Patris
1623 1396 1744 1453 aomina
1770 1396 1881 1471 raptim

173 1490 337 1552 decoratus,
350 1486 460 1542 Pradia
471 1487 500 1540 in
513 1488 706 1557 augmentum
717 1483 771 1538 loci
783 1483 812 1538 in
822 1482 926 1538 diebus
936 1481 1001 1552 ejus
1054 1483 1249 1556 perstringere
1265 1481 1346 1550 libet,
1363 1481 1433 1555 qaia
1447 1499 1515 1538 eum
1527 1484 1626 1542 stadio
1635 1485 1800 1552 brevitatis,
1814 1490 1880 1545 tum

174 1576 278 1633 collato
293 1580 363 1632 sunt
374 1590 542 1641 numerosa,
563 1573 731 1629 chartarum
754 1571 933 1628 monimento
949 1570 1001 1627 hu·
1054 1571 1142 1627 etiam
1153 1572 1228 1644 qnod
1246 1588 1280 1626 ex
1295 1587 1397 1628 eorum
1414 1571 1488 1629 actis
1501 1573 1548 1631 vix
1562 1577 1650 1631 tenue
1658 1574 1801 1646 quiddam
1814 1575 1886 1632 scri,

174 1681 285 1737 casque
299 1663 463 1720 notissima.
478 1663 574 1736 Ipsius
587 1679 654 1717 vero
665 1661 830 1728 collatione,
843 1678 876 1717 ex
887 1659 1001 1717 eunctis
1055 1664 1141 1733 ptura
1156 1676 1207 1716 sca
1223 1659 1324 1716 relatio
1341 1665 1420 1718 certa
1434 1660 1520 1719 uobis
1543 1663 1745 1719 transmittare
1773 1664 1884 1736 quivit,

174 1744 460 1826 peneinstrumentis
470 1738 605 1808 humanas
619 1749 830 1807 conversationi
844 1754 1000 1822 atquepas-
1014 1789 1039 1858 B
1054 1748 1204 1813 immorari
1216 1749 1303 1822 piget.
1321 1749 1512 1822 Primuspost
1526 1767 1593 1810 eum
1605 1750 1679 1808 rexit
1695 1751 1773 1809 idem
1784 1768 1886 1819 maau-

174 1842 248 1898 sioni
265 1841 378 1898 Domini
391 1841 500 1914 aptatis
512 1839 718 1912 amplexabilia
728 1839 850 1912 pignora
861 1838 943 1894 locas
954 1837 1000 1894 hio
1054 1839 1176 1904 sterium
1191 1837 1296 1894 Waldo
1307 1839 1345 1912 (3)
1355 1855 1390 1895 ex
1400 1856 1499 1895 sorore
1511 1839 1681 1898 Meldawiai
1691 1841 1877 1915 progenitas.

176 1929 827 2003 meruitpereipere‚pariterqucpretiosoram
837 1933 1001 2000 martyrum
1055 1928 1207 1984 Secundus
1230 1928 1398 1984 isimundus
1424 1929 1572 2001 quondam
1598 1929 1766 2002 episeopus,
1797 1931 1885 2003 orrjua

175 2020 326 2094 Stephani,
361 2019 462 2075 Lazari
493 2018 681 2091 quatriduani
725 2016 842 2089 sepulti,
886 2016 1001 2090 Georgii
1055 2021 1186 2089 tempore
1201 2017 1288 2074 cessit
1305 2021 1403 2074 nostro
1418 2015 1482 2073 loco
1497 2019 1575 2089 apud
1588 2018 1730 2076 domnum
1741 2018 1883 2079 lavinum

174 2114 261 2182 atque
271 2107 425 2179 Pancratii,
443 2125 508 2163 cam
520 2107 673 2180 plurimis3
688 2107 766 2179 quod
783 2123 864 2161 nune
880 2105 1001 2178 longum
1056 2106 1175 2162 landus.
1190 2106 1307 2162 Tertius
1318 2105 1648 2174 exstitit'lheodcrieas,
1662 2112 1787 2180 quartus
1799 2107 1884 2180 Regi„

177 2198 296 2254 videtur
311 2197 460 2270 prosequi.
1056 2195 1178 2262 nardus,
1195 2194 1317 2267 quintus
1332 2195 1512 2255 Humbertas
1527 2195 1772 2268 (ilderatusvero
1788 2196 1884 2271 pappi,

499 2286 614 2341 CAPUT
633 2286 667 2340 V.
1057 2302 1113 2365 aas
1126 2285 1174 2340 vix
1199 2285 1315 2357 proluit
1334 2283 1469 2358 pauculis
1494 2285 1647 2343 caenobitis
1659 2285 1772 2358 aliquot
1787 2284 1883 2356 anuis,

208 2376 260 2432 Per
273 2376 332 2432 hae
351 2379 485 2447 tempora
514 2376 549 2431 ab
579 2374 707 2430 Orientis
736 2373 871 2446 partibus
904 2372 999 2429 eidem

175 2463 306 2522 caenobio
322 2463 419 2519 divino
434 2464 522 2519 ductu
539 2464 686 2519 destinata
698 2467 771 2518 sunt
799 2464 857 2518 duo
886 2447 1002 2534 pracla-

178 2552 297 2609 rissima
311 2551 434 2619 lumina,
447 2552 566 2624 quidam
577 2551 710 2608 videlicet
722 2551 798 2607 iuter
809 2568 879 2608 suos
890 2567 939 2608 rex
955 2568 1004 2607 no-

1057 2372 1182 2428 nimiam
1198 2390 1216 2429 e
1228 2375 1401 2446 principibus
1417 2373 1454 2446 (5)
1470 2390 1601 2446 pressas.
1613 2374 1701 2432 Porro
1712 2392 1763 2432 sex
1775 2375 1882 2435 borum

1057 2462 1175 2518 Petrum
1186 2466 1255 2518 atas
1262 2461 1517 2535 habuitprincipes
1524 2462 1700 2537 reipublicae,
1709 2464 1883 2535 pradictum

1057 2550 1247 2616 Ludovieum,
1260 2551 1442 2619 Lotharium,
1459 2551 1529 2612 item
1551 2551 1731 2618 totharium,
1758 2549 1884 2631 Ludoair

176 2642 256 2697 mine
270 2643 393 2697 totores
408 2659 475 2697 cum
493 2640 553 2697 tilia
574 2642 642 2708 deo,
664 2658 727 2714 qaae
743 2641 830 2699 etiam
854 2641 1004 2697 exstiterat
1057 2656 1140 2708 cum,
1154 2656 1207 2696 nec
1221 2657 1279 2696 non
1294 2639 1462 2712 Aruullum,
1479 2658 1606 2713 qaorum
1622 2641 1806 2714 temporibus
1820 2640 1886 2714 ipat

177 2731 207 2786 in
223 2729 331 2786 finibus
347 2729 406 2786 illis
421 2729 531 2803 regina.
550 2729 582 2785 Hi
600 2729 653 2803 pia
669 2730 832 2786 devotionis
848 2729 944 2785 stadio
955 2729 1002 2786 de
1056 2728 1719 2803 abbatiaplurimumattenuata,exigentajam
1728 2718 1882 2791 ascalias}

177 2819 302 2875 terentes
317 2817 443 2892 propria,
456 2818 617 2892 expetivere
628 2818 791 2892 peregrina,
808 2821 955 2891 quatenus
971 2817 1001 2873 in
1057 2817 1451 2891 quitia,perLothariumqui
1464 2819 1776 2879 faetasestauathemu
1792 2834 1886 2895 mum

181 2910 251 2964 urbe
267 2907 410 2964 Itomalea
432 2912 614 2965 mererentur
638 2908 779 2980 attingere
802 2906 1001 2981 apostolorum
1056 2907 1155 2975 natha,
1174 2924 1246 2978 pene
1261 2908 1371 2962 exstitit
1387 2907 1530 2978 desolata,
1546 2925 1609 2981 qua
1626 2925 1720 2980 usque
1734 2909 1771 2966 ad
1782 2908 1883 2981 ipsum

180 2996 293 3068 limina,
305 2996 742 3069 etinsaperadirentmemorias
752 3001 1001 3076 sanctorumquos
1056 2996 1183 3069 pollebat
1194 2995 1342 3068 religione,
1352 3013 1507 3070 rerumque
1516 2998 1610 3070 copia.
1620 2997 1885 3070 Hictergiversator

179 3086 277 3143 trifida
292 3087 485 3143 venerabatur
500 3085 602 3142 Gallia.
624 3086 755 3158 Cumque
783 3084 910 3158 plurima
932 3102 1001 3157 per·
1056 3085 1181 3141 callidas
1201 3085 1465 3158 damnabiliterque
1486 3085 1744 3152 levisaelubricus,
1760 3089 1882 3167 patruo·

179 3177 308 3250 agrando
323 3174 386 3231 loca
400 3179 569 3232 sanctorum
587 3173 940 3247 satisfacerentreligiosra
950 3191 1000 3230 cu·
1015 3154 1040 3231 (i
1057 3173 1883 3255 rumpatientiamsedulusirritabat(6)machinationibuq

179 3263 314 3332 riositati‚
330 3264 449 3320 tandem
480 3265 608 3321 subeunt
637 3263 847 3320 habitationem
876 3261 1002 3319 Mediaai
1057 3263 1883 3336 adversusqaoscumetiamcrebramaoiemprodaceret

177 3353 359 3423 monasterii,
372 3354 456 3409 lamae
469 3353 674 3424 susurriojam
686 3353 799 3409 dudam
810 3352 866 3408 sibi
881 3351 1001 3425 cogniti:

176 3443 227 3499 uhi
242 3442 418 3515 reperientes
434 3443 627 3499 Fortunatam
646 3441 841 3515 patriarcham
855 3441 1003 3498 venerahi-

175 3530 232 3588 lem
249 3531 461 3588 monachorum
475 3529 813 3603 coelestiasuspirantam
826 3529 913 3586 choro
929 3547 1002 3602 prae-

175 3620 279 3690 latum,
298 3637 385 3693 quem
409 3620 478 3677 olirn
504 3620 669 3677 habuerant
683 3637 740 3677 non
755 3619 899 3692 ignotam,
926 3635 1003 3675 corn·

175 3712 274 3784 puncti
289 3717 392 3767 saneta
406 3710 626 3767 conversatione
640 3714 668 3766 et
678 3709 877 3765 admonitione
888 3725 1000 3778 aarum,

176 3804 317 3872 susceptu
334 3799 579 3874 peregrinationis
595 3797 721 3854 fixerunt
736 3797 901 3853 circuitum.
918 3798 1003 3855 Deni-

1056 3369 1151 3424 neque
1166 3369 1340 3426 congressus
1355 3352 1435 3408 illius
1452 3353 1533 3409 latos
1543 3352 1638 3409 exitus
1648 3351 1886 3427 haberetpraela·

1056 3444 1105 3497 tus
1121 3441 1211 3498 abbas
1240 3440 1329 3498 nimis
1354 3441 1493 3497 continua
1517 3458 1551 3497 ex
1568 3440 1627 3497 acie
1647 3441 1685 3516 (1)
1708 3439 1837 3499 militam
1853 3439 1884 3520 ta

1057 3530 1239 3603 expeditione
1255 3529 1567 3603 regelicompulsas,et
1583 3530 1709 3590 maxime
1722 3529 1883 3609 parricida·

1056 3619 1113 3675 lem
1125 3618 1339 3676 dissensionem
1351 3637 1483 3692 perosas,
1498 3617 1575 3675 elam
1591 3618 1781 3676 loricatorum
1792 3634 1882 3693 quam

1056 3708 1208 3777 solebat,id
1225 3714 1269 3765 est
1284 3708 1404 3782 triginta
1420 3709 1528 3764 milites
1539 3725 1606 3763 cam
1617 3712 1755 3766 consueto
1766 3707 1883 3784 clypea·

1055 3801 1090 3853 tra
1103 3815 1208 3855 manas
1223 3814 1356 3865 numero,
1373 3798 1401 3853 in
1424 3797 1583 3854 exercitum
1603 3798 1751 3853 destinare
1776 3796 1882 3868 noluit,

177 3904 233 3961 que
249 3887 394 3944 instantes
409 3888 510 3944 nimiis
525 3887 660 3959 precibus
676 3892 709 3943 ut
724 3886 833 3943 recludi
849 3887 1000 3959 permitte·
1055 3905 1136 3944 orare
1152 3905 1183 3944 se
1198 3888 1297 3945 dicens
1308 3904 1404 3960 regem
1423 3904 1458 3943 ne
1473 3886 1641 3944 istiusmodi
1656 3887 1807 3959 angariam
1823 3886 1881 3943 im·

177 3981 287 4044 rentur,
304 3975 350 4030 vix
365 3975 521 4048 aliquando
541 3976 671 4032 obtinere
696 3974 862 4046 quiverunt.
885 3974 1001 4033 lteclusi
1055 3980 1175 4048 poneret
1189 3976 1383 4031 militantibus
1398 3975 1456 4031 Deo
1475 3974 1638 4043 monachis3
1657 3975 1719 4048 ipse
1734 3975 1836 4048 potius
1848 3990 1883 4032 ex

176 4069 248 4120 sunt
262 4079 330 4137 ergo
343 4080 391 4119 rex
406 4064 435 4118 in
451 4063 525 4119 cella
540 4063 596 4118 sibi
612 4068 776 4136 praeparata
790 4080 879 4136 penes
904 4069 1000 4120 orato·
1054 4063 1191 4121 facultate
1212 4065 1334 4120 ahbatiae
1357 4063 1534 4120 utilitatibus
1551 4063 1715 4121 consuleret
1742 4063 1881 4139 propriis.

176 4151 253 4207 rium
270 4151 346 4207 beati
362 4150 484 4223 apostoli
500 4150 587 4216 Petri,
604 4150 793 4224 reginaaltra
812 4151 926 4207 alveum
947 4153 1001 4210 aa·
1054 4152 1112 4209 Hac
1127 4169 1217 4208 causa
1231 4157 1373 4225 tyrannus
1389 4151 1561 4210 stimulatus
1583 4155 1647 4225 jam
1670 4169 1746 4226 sepe
1768 4153 1883 4221 dictum

176 4240 309 4308 bodonis,
321 4240 408 4312 juxta
422 4237 574 4294 basilicam
588 4239 664 4294 beati
681 4240 858 4296 contessoris
873 4240 953 4312 Apri,
969 4241 999 4298 ia
1054 4242 1263 4298 monasterium
1287 4242 1353 4298 daei
1375 4242 1530 4314 provincia
1550 4243 1618 4315 jare
1643 4241 1832 4309 contradidit,
1848 4258 1884 4299 ea

175 4330 284 4403 quibus
299 4347 393 4402 usque
409 4328 495 4385 hodie
508 4327 664 4383 fenestella
677 4328 807 4400 ipsoram
824 4334 948 4400 possunt
960 4330 1000 4385 vi·
1052 4329 1186 4387 videlicet
1209 4330 1384 4399 conditione,
1415 4334 1560 4403 quatenus
1589 4348 1635 4387 res
1656 4330 1709 4386 loci
1727 4329 1883 4403 prolibitq

174 4418 246 4487 dori,
263 4437 314 4492 per
330 4436 403 4493 qaas
418 4416 618 4490 suscipiebant
631 4417 936 4475 neeessariahumanoe
947 4420 999 4476 irn-
1052 4418 1246 4493 dispensaret,
1274 4419 1461 4497 militumque
1483 4421 1600 4476 turbam
1621 4419 1782 4492 procinctui
1799 4419 1883 4495 regio

173 4508 336 4566 berillitati.
355 4509 466 4567 lbidcrn
482 4524 549 4564 eum
565 4506 677 4579 aliquot
688 4506 829 4563 vixissent
843 4508 939 4576 annis,
952 4526 998 4566 so·
1012 4530 1036 4601 D
1052 4513 1230 4580 procuraret.
1260 4511 1341 4565 Tunc
1371 4510 1477 4566 domus
1502 4509 1552 4566 Dei
1569 4525 1641 4582 pene
1656 4513 1701 4563 est
1717 4498 1883 4595 annullata}

174 4596 325 4655 lummodo
340 4598 508 4654 caelestibus
523 4600 662 4653 vacantes
678 4595 906 4665 conditionibus,
918 4599 998 4656 exuti
1053 4598 1205 4654 monachis
1216 4602 1286 4653 sunt
1305 4600 1455 4655 subtracta
1470 4598 1617 4665 victualia,
1634 4602 1662 4654 et
1672 4598 1708 4652 ob
1724 4597 1752 4652 id
1777 4596 1884 4672 paula-

174 4685 314 4743 membris
329 4687 539 4758 corruptilibus
556 4685 724 4759 migrarant
739 4685 774 4742 ad
792 4685 901 4759 palatia
915 4687 999 4743 ineir·
1053 4687 1105 4740 tim
1122 4685 1216 4758 sparsi
1234 4703 1285 4758 per
1298 4685 1422 4758 diversa,
1448 4692 1577 4760 egestate
1606 4684 1699 4742 coacti
1724 4686 1886 4743 deseruero

174 4772 345 4847 cumscripti
357 4775 488 4847 spiritus;
502 4775 539 4831 ob
550 4776 580 4832 id
593 4776 780 4849 veriusreges
791 4775 999 4849 dicendi,qaod
1053 4773 1142 4831 cellas
1157 4774 1358 4831 circumcirca.
1376 4778 1502 4832 Tantum
1520 4774 1631 4848 aliquot
1655 4779 1726 4835 sunt
1741 4764 1885 4847 permissi

173 4863 998 4939 minimcrognnratpcccatumineoramcorporemortali.
1053 4862 1082 4917 in
1100 4863 1162 4936 ipso
1173 4863 1327 4936 principali
1344 4863 1405 4920 loco
1421 4864 1573 4931 remorari,
1590 4862 1697 4935 quihus
1718 4863 1754 4919 ad
1778 4879 1886 4930 neces·

173 4952 284 5026 Sepulti
301 4957 372 5007 sunt
388 4955 485 5007 autern
502 4951 530 5007 in
547 4953 672 5024 propriis
688 4953 810 5023 cellulis;
828 4956 878 5010 sod
899 4959 1000 5029 postca
1053 4953 1147 5008 sarias
1158 4956 1295 5025 sumptas
1306 4953 1439 5027 delegata
1450 4954 1506 5010 fait
1519 4956 1656 5026 adjacens
1667 4969 1733 5008 cum
1745 4951 1887 5025 agellulis

173 5042 248 5098 sacri
265 5047 345 5098 artus
361 5041 532 5096 veneranda
546 5041 653 5113 regina
669 5058 685 5096 a
702 5042 807 5114 prioris
818 5044 925 5100 tumbe
936 5043 998 5102 loeo
1055 5041 1118 5099 suis
1126 5041 1204 5113 villa,
1217 5058 1283 5097 cum
1293 5043 1426 5100 curtibus
1434 5044 1579 5117 pauculis
1593 5041 1672 5098 Mille
1680 5058 1746 5098 vero
1753 5043 1886 5115 acquin·

208 5152 247 5233 (2)
263 5149 293 5204 ln
316 5147 509 5229 manuscript.
536 5145 694 5272 Codicissus
710 5146 834 5230 legitur:
856 5151 996 5221 detractio,
1089 5150 1128 5222 (t)
1158 5149 1189 5204 ln
1226 5150 1407 5223 manuscrip,
1440 5152 1557 5226 liptera.
1584 5149 1709 5222 legitur:
1747 5150 1886 5207 damber-

171 5220 629 5364 iiiiiitirircoliijlrptoeiilistrwpicsriii
648 5221 897 5362 aruliii¹ririoTli1aaeltset
906 5223 997 5351 iiiii
1053 5229 1124 5365 wib)
1143 5293 1185 5347 lta
1198 5292 1283 5349 toan.
1299 5311 1316 5350 a
1331 5295 1456 5368 Bayono.
1545 5275 1547 5278 ¹

170 5365 265 5419 etalio.
1086 5366 1123 5437 (6)
1140 5363 1171 5419 la
1200 5368 1325 5438 utroque
1349 5365 1542 5440 manuscript.
1565 5365 1646 5424 deest
1672 5363 1727 5421 hoo
1744 5363 1882 5439 verbum,

207 5434 247 5502 (3)
262 5433 367 5490 Waldo
381 5435 472 5492 abbas
488 5450 535 5490 an.
551 5433 612 5490 825.
631 5449 717 5505 quera
733 5433 825 5489 secati
847 5440 917 5491 sunt
941 5436 995 5494 Isi·
1050 5437 1128 5507 quod
1142 5451 1177 5490 ex
1190 5435 1273 5492 dean.
1290 5454 1307 5493 a
1325 5437 1441 5511 anoao
1457 5436 1624 5510 suppletum
1641 5438 1695 5495 est.

172 5504 312 5585 mundus,
327 5506 534 5575 Theodericus,
551 5504 743 5577 Reginardus,
762 5505 941 5564 llumbertus
967 5513 995 5566 et
1085 5509 1123 5585 (7)
1138 5507 1223 5565 toan.
1240 5524 1257 5566 a
1272 5512 1388 5586 Bayono
1403 5508 1519 5585 legebat
1533 5510 1685 5568 exactione.

171 5574 313 5663 ¹Prppmus
328 5593 422 5654 usque
438 5579 473 5636 ad
489 5595 536 5638 an.
552 5579 615 5636 teo.
