3878 6098
65 310 127 368 357
517 308 570 371 uu
592 306 730 372 GES'flS
754 306 874 371 EPlSC.
899 308 1119 371 clarissim).
1137 346 1173 354 -
1188 310 1288 373 Pstis
1312 309 1337 374 l.
1717 314 1776 382 358

65 445 127 496 tam
143 438 359 496 validissimam
371 443 400 497 et
414 443 615 514 pregrandem
631 459 720 514 quam
737 441 894 498 Portellum
910 443 937 509 Α
953 446 1046 514 eoepto
1062 459 1113 514 per
1128 442 1264 498 comitem
1277 444 1344 514 jure
1360 462 1417 500 non
1433 448 1546 517 poterat
1570 447 1728 519 prohiberi,
1743 469 1778 507 cx

65 528 271 602 recaut,plura
284 528 480 586 continentem
496 531 683 588 mansionum
694 530 897 586 interstitiaex
951 530 1135 603 prohibentis
1151 531 1316 588 resistentia
1331 537 1504 605 provocatus
1520 540 1646 607 emptum
1662 554 1735 608 opus
1748 538 1777 592 in

66 618 233 675 muralibus
260 619 364 691 spissa
388 618 552 676 latitudinis
575 624 604 677 ct
616 619 681 676 latai
694 619 896 693 spissitudinis
951 618 1779 695 munitionem,aulamgeminametCapellamnobilitatis

65 712 267 781 constructam
281 707 382 775 crexit,
396 706 475 764 intra
489 713 572 781 septa
587 707 730 780 praedicta
746 707 896 763 fortaritiae
951 707 1100 780 exquisita
1117 711 1246 782 provexit
1261 709 1435 766 habitationi
1461 713 1545 784 regia
1570 719 1776 785 congruentes,

66 795 165 852 aulam
174 795 372 868 episcopalem
380 797 531 869 antiquam
542 796 898 869 quibusdamsuperaddi·
952 797 1049 852 natira
1066 815 1136 869 rupe
1153 797 1382 872 circumquaque
1396 800 1571 872 excisaque
1587 819 1639 873 pro
1650 800 1778 858 sualan-

65 885 104 941 tis
121 887 150 941 et
162 883 230 941 aliis
241 885 271 940 in
283 884 390 941 melius
400 886 616 942 transformatis
626 885 655 940 iu
666 890 774 941 statum
785 885 898 958 redegit
952 884 1264 958 dabilipulehritudine
1273 889 1450 944 intuentium
1463 889 1779 958 moranturoculos‚iu·

66 973 373 1046 selitopulchriorem.
383 974 461 1030 Duas
470 991 586 1047 quoque
597 977 898 1046 cameras,utramque
952 974 1060 1031 tuendo
1077 974 1221 1031 delectant
1235 976 1350 1032 animos
1362 982 1391 1032 et
1400 977 1578 1035 habitatores
1586 980 1720 1051 jucunda
1734 997 1778 1036 re-

65 1062 228 1135 gaminam,
245 1062 432 1136 pregrandes
447 1062 523 1120 aulae
537 1080 690 1136 compares
704 1069 732 1119 et
755 1064 896 1135 contines,
952 1062 1056 1119 ficiunt
1066 1065 1227 1121 mansione.
1239 1066 1352 1122 ltursus
1362 1066 1466 1123 excisis
1477 1067 1506 1122 in
1518 1069 1662 1140 profundo
1679 1070 1781 1126 subter

66 1151 190 1208 alteram
214 1150 350 1207 videlicet
378 1150 529 1206 nobilioris
559 1157 712 1207 structure
737 1151 842 1223 majori
863 1167 897 1206 ax
951 1151 1049 1208 aularm
1066 1153 1148 1208 sicea
1159 1155 1242 1226 rupis
1254 1156 1416 1212 visceribus
1427 1173 1511 1211 cavas
1522 1156 1779 1214 fecitadvinorum

66 1239 898 1312 transversepostcriarispinnaculicoherentemetvitel·
951 1241 1114 1297 custodiam
1143 1259 1207 1314 qua
1233 1245 1417 1316 temporibus
1444 1244 1612 1300 ebullientis
1627 1247 1736 1302 aestatis
1751 1251 1780 1302 et

64 1328 134 1385 linis
150 1328 389 1384 fenestriunculis
403 1328 598 1402 refulgentem
613 1346 647 1384 ex
669 1328 896 1385 cornmeudabili
951 1330 1103 1386 estuantis
1118 1330 1211 1387 leonis
1228 1332 1300 1386 meri
1317 1338 1418 1404 potum
1441 1333 1577 1389 exhibent
1601 1333 1777 1406 glacialem:

65 1416 701 1490 lapideutabulatuconstruxit‚antiquasquc
711 1417 898 1490 logiassupcr
951 1424 1032 1474 extra
1048 1419 1231 1486 forteritiam,
1240 1422 1291 1476 sed
1303 1426 1398 1476 tarnim
1411 1422 1487 1477 infra
1502 1421 1556 1477 lori
1569 1422 1779 1479 continentiam

66 1510 206 1564 leaenam
223 1506 897 1580 vetustatecensumptasetruinajamproxi·
952 1507 1098 1579 depressis
1122 1508 1286 1564 muralibus
1315 1509 1553 1576 circumclusam,
1581 1510 1698 1566 stabula
1726 1528 1779 1583 pro

65 1614 131 1652 mas
146 1613 183 1652 ex
197 1596 311 1668 integro
326 1599 475 1668 reparatas
486 1595 517 1650 in
529 1596 654 1651 formam
672 1595 897 1651 restituitvenu-
952 1597 1035 1668 equis
1050 1600 1078 1651 et
1093 1599 1245 1670 grangiam
1258 1599 1430 1670 capacitatis
1442 1598 1592 1653 immensa
1604 1599 1778 1668 construxit,

64 1691 117 1740 stre
131 1681 364 1757 pulchritudinis
388 1687 418 1738 et
440 1683 645 1755 pulcherrima
670 1683 842 1739 venustatis.
858 1684 899 1739 dx
952 1701 1004 1739 nec
1020 1685 1120 1756 procul
1136 1686 1172 1740 ab
1188 1685 1234 1742 his
1249 1692 1330 1742 extra
1340 1687 1515 1759 proprisium
1527 1687 1781 1760 plantavitvineas

64 1773 124 1829 alla
136 1791 207 1829 vcro
224 1778 306 1845 parte
328 1772 498 1845 appenditia
520 1771 685 1828 necessaria
709 1771 782 1844 ipsis
804 1771 898 1828 muris
952 1790 986 1827 ex
1002 1772 1109 1845 plantis
1121 1773 1303 1830 diversorum
1315 1775 1479 1831 vinctorum
1496 1775 1673 1848 electisque
1686 1779 1780 1832 temu-

65 1862 243 1918 munitionis
262 1860 364 1918 affulta
387 1865 416 1916 et
431 1861 533 1916 ordine
553 1861 667 1916 decenti
684 1865 851 1916 constructa
869 1864 898 1915 et
952 1861 1061 1916 lentam
1078 1862 1163 1916 annis
1179 1861 1305 1933 singulis
1321 1863 1447 1918 afferunt
1462 1864 1635 1920 ubertatem.
1723 1936 1726 1941 1

63 1951 268 2023 locam-Apud
280 1949 392 2006 Bellum
409 1949 658 2016 Rssdli⁰fflsl⁰⁰⁰m
675 1967 709 2006 ex
725 1954 897 2022 stagnorum
1005 1959 1132 2029 Qualiter
1143 1962 1279 2032 profectas
1294 1967 1334 2014 est
1348 1977 1377 2014 tn
1392 1961 1532 2016 cecilium
1547 1961 1640 2017 Cureti
1653 1964 1726 2031 repis

65 2040 249 2096 confluentia
258 2038 389 2113 piscibus
399 2039 550 2111 copiosum
563 2043 591 2094 ct
605 2055 640 2094 ex
652 2055 803 2094 nemorum
819 2039 898 2109 adja-
1307 2032 1426 2087 Sicilie·

65 2129 163 2184 centia
176 2127 320 2200 temporis
333 2127 469 2183 hiemalis
484 2125 633 2200 algoribus
643 2124 898 2183 levandisacrom-
988 2128 1026 2182 lfa
1041 2131 1214 2200 tempestate
1229 2145 1287 2200 qua
1303 2128 1446 2184 damnate
1472 2128 1618 2185 memoriae
1643 2130 1780 2204 princeps

68 2216 897 2288 modum,domumquamdamdepressamreceptaculum
954 2216 1185 2272 nefandissimus
1199 2217 1311 2289 paterni
1329 2217 1447 2272 sceleris
1463 2218 1594 2273 imitator
1609 2218 1779 2274 blanfredus

70 2307 279 2377 episcoporum
298 2304 456 2377 inglorium
467 2305 496 2359 in
507 2303 604 2360 aulam
616 2305 764 2376 geminam
777 2303 899 2376 placidae
953 2303 1031 2360 filius
1047 2305 1189 2361 Fredcrici
1203 2306 1351 2377 quondam
1365 2306 1560 2378 imperatoris,
1574 2323 1663 2380 reguo
1675 2307 1779 2363 Sicilia

67 2393 678 2466 venastatis,ltabitaeulumquegratiosum
689 2394 898 2466 produxiteum
952 2393 1069 2465 proprio
1085 2393 1159 2448 Petri
1177 2393 1353 2465 patrimonio
1368 2398 1397 2449 et
1413 2395 1520 2450 ducatu
1536 2398 1639 2466 Capne
1655 2412 1778 2468 occupa·

68 2484 148 2538 secia
163 2499 282 2538 camera
293 2486 447 2538 structurae
458 2481 564 2538 similis
576 2482 612 2538 ad
627 2481 777 2554 propriam
789 2483 899 2554 episco-
954 2482 1051 2546 tis,res
1064 2481 1277 2538 ecclesiasticas
1288 2482 1495 2539 damnabiliter
1504 2484 1658 2549 tractabat,
1670 2490 1779 2539 everte-

69 2571 491 2644 perumquietem.l3xcursum
502 2570 716 2644 quoqueunius
727 2575 897 2642 stagnorum
953 2570 1002 2625 bat
1017 2570 1200 2637 reclusisset
1216 2571 1336 2643 fugabat
1350 2571 1495 2643 praelatos.
1508 2571 1615 2627 Vocato
1631 2589 1682 2644 per
1699 2589 1780 2628 sum·

70 2678 166 2733 usque
177 2677 280 2716 muros
292 2659 467 2732 ipsiusaulae
479 2661 693 2732 pertingentem
701 2659 897 2731 perinjectam
953 2677 1033 2714 marn
1051 2659 1214 2730 pontificem
1230 2659 1291 2714 viro
1306 2660 1463 2733 magnifico
1478 2660 1590 2726 carolo,
1603 2660 1679 2733 regis
1690 2661 1778 2715 Fran-

69 2755 151 2805 terrae
167 2748 274 2806 molem
288 2749 440 2822 ingentem
457 2748 540 2821 quasi
553 2765 657 2821 aggere
673 2749 831 2804 constituto
854 2766 897 2802 re·
952 2747 1002 2804 eiae
1017 2748 1088 2816 filio,
1104 2765 1155 2820 pro
1172 2748 1359 2821 suscipiendo
1376 2765 1465 2822 regno
1480 2748 1652 2820 hujusmodi
1667 2748 1777 2805 etlibe·

69 2839 151 2894 misit
165 2839 195 2894 iu
207 2838 381 2894 interiorum
394 2855 537 2911 aquarum
553 2836 898 2910 profundiusaccremen·
952 2837 1044 2892 rande
1059 2837 1094 2891 de
1109 2836 1247 2893 manibus
1262 2837 1345 2909 impii
1362 2837 1731 2910 memorati,coneessaque
1741 2839 1777 2894 ab

69 2932 181 2991 tum,et
195 2927 226 2982 in
241 2927 331 2998 hujus
345 2932 427 2982 terre
443 2944 543 2983 massa
554 2927 684 2997 conjecta
694 2931 722 2981 et
732 2925 899 2999 planificata
952 2923 1289 2996 apostolieoomnibusin
1301 2925 1365 2996 ejus
1376 2925 1777 2998 auxiliumproficiseentibus

36 3050 41 3057 -
67 3016 178 3072 diversi
193 3015 310 3088 generis
325 3015 463 3088 plantatis
480 3014 646 3082 arboribus,
661 3014 821 3086 virgultum
845 3032 897 3086 pro
952 3019 1136 3085 peccatorum
1148 3030 1268 3069 suorum
1280 3012 1463 3086 indulgentia
1472 3012 1610 3086 generali,
1620 3014 1681 3070 zelo
1696 3015 1779 3071 devo·

67 3104 124 3161 loci
140 3104 302 3178 capacitate
318 3105 384 3160 fecit
407 3121 565 3160 amoenum.
582 3104 706 3177 insuper
726 3103 899 3176 appendicia
951 3106 986 3156 ta
1002 3101 1243 3175 peregrinationis
1258 3118 1398 3158 accensus
1414 3102 1537 3158 Romam
1553 3102 1626 3158 adiit
1640 3102 1669 3158 in
1683 3101 1778 3160 Caroli

66 3196 148 3249 inter
163 3192 446 3265 aulametcapcllam
459 3192 626 3265 hospitibus
638 3196 666 3247 et
676 3191 792 3247 tanrilla
802 3173 934 3248 neces-C
953 3191 1129 3258 subsidium,
1146 3190 1305 3263 apostolica
1322 3196 1419 3247 tamen
1435 3191 1644 3249 interveniente
1659 3192 1777 3249 licentia

66 3283 149 3339 saria
163 3282 313 3355 logiasque
325 3298 436 3355 magne
451 3279 613 3337 habilitatis
629 3280 665 3335 ab
681 3279 748 3336 aula
764 3281 792 3335 in
804 3279 898 3353 capel·
952 3279 1145 3351 profecturus.
1163 3280 1216 3336 Ubi
1230 3298 1248 3336 a
1263 3280 1450 3335 sanctissimo
1463 3286 1544 3353 patre
1565 3280 1713 3337 Clemente
1728 3281 1776 3352 tV,

62 3371 179 3439 lam,et
193 3387 209 3426 e
221 3387 358 3427 converso
368 3369 637 3442 ducentes,aliaque
648 3368 819 3425 diverticula
829 3370 896 3424 adi·
952 3367 1088 3424 Romanae
1105 3368 1235 3424 Ecclesiae
1250 3373 1320 3424 tunc
1336 3368 1519 3440 presidente,
1535 3373 1563 3423 et
1578 3368 1777 3424 cardinalibus

63 3461 207 3517 liciorum
224 3458 385 3515 construxit
400 3458 508 3515 ibidem
520 3464 549 3515 et
561 3459 723 3530 majoribus
738 3458 810 3514 forte
825 3457 896 3515 locis
951 3455 1109 3513 honorifice
1120 3462 1148 3513 et
1162 3457 1293 3530 gaudens
1319 3461 1465 3529 receptus,
1482 3455 1641 3511 commisso
1664 3456 1720 3512 sibi
1746 3456 1776 3512 iu

58 3548 242 3621 ampliasset
256 3547 362 3604 aedium
377 3547 633 3614 accrementis,sed
648 3547 718 3617 quia
732 3546 821 3602 sitnm
832 3547 896 3618 ejus
951 3545 1015 3618 ipsa
1030 3546 1210 3619 expeditione
1226 3544 1382 3618 legationis
1397 3544 1541 3611 offici0,de
1553 3545 1690 3600 mandato
1701 3547 1777 3618 ejus·
1865 3574 1872 3588 ·

60 3654 124 3692 nen
142 3635 240 3690 multa
253 3635 435 3708 gratificabat
446 3635 600 3690 amoenitas
612 3634 757 3706 variisque
768 3635 897 3691 abunda·
951 3635 1016 3690 dem
1032 3635 1140 3689 summi
1158 3634 1304 3706 pontificis
1318 3634 1347 3688 in
1364 3633 1506 3689 auxilium
1526 3634 1659 3704 ejusdem
1682 3633 1776 3690 Caroli

55 3726 114 3781 bat
131 3724 332 3796 proventibus,
347 3724 410 3780 ideo
422 3724 543 3780 forsitan
555 3723 653 3796 ipsum
665 3724 767 3778 rariori
778 3741 830 3778 nee
840 3722 895 3779 mi·
950 3722 979 3777 in
996 3740 1092 3796 regern
1109 3722 1280 3790 consecrati,
1297 3740 1364 3778 cum
1380 3723 1482 3778 eodem
1499 3739 1565 3796 rege
1580 3726 1608 3777 et
1622 3723 1686 3794 ejus
1698 3740 1799 3779 exer.

56 3831 132 3869 rum
152 3813 382 3885 prosequebatur
397 3811 604 3885 affeetudpud
616 3811 895 3867 Varziaeumaulam
949 3811 1008 3866 citu
1025 3827 1159 3880 gressum
1175 3810 1290 3866 direxit.

52 3901 265 3977 episcopalem
281 3901 429 3974 geminam
446 3902 646 3974 praegrandem
661 3904 689 3956 et
704 3900 789 3972 plura
803 3901 894 3956 conti·
985 3899 1117 3966 Cumque
1126 3899 1189 3970 jam
1201 3899 1695 3972 approximassentBeneventanum
1706 3900 1775 3956 eivi-

53 3997 188 4048 nentem
198 3990 364 4047 habitacula
375 3990 496 4062 iusuper
506 3989 897 4046 incendioconcrematama·
949 3992 1049 4055 tatem,
1067 3988 1115 4043 ubi
1132 3988 1229 4043 stabat
1244 3988 1429 4044 adversarius
1456 4007 1522 4045 cum
1545 3989 1775 4046 Alamannorum

52 4081 131 4156 gnis
150 4078 334 4135 reaedificavit
346 4079 526 4151 sumptibus,
534 4082 563 4134 et
577 4078 606 4133 iu
616 4082 793 4134 structuram
811 4078 894 4134 resti·
949 4076 1137 4133 multitudine
1149 4076 1296 4144 bellicosa,
1300 4079 1486 4151 jamjamque
1496 4083 1608 4134 starent
1620 4078 1697 4134 acies
1708 4078 1776 4136 hine

53 4171 120 4226 tuit
136 4166 304 4232 clariorem,
320 4185 422 4224 muros
438 4171 467 4223 et
483 4167 703 4240 propugnacula
721 4167 894 4223 munitionis
948 4165 1016 4222 inde
1029 4171 1135 4239 paratae
1151 4166 1365 4240 congredi,ipse
1382 4172 1414 4222 ut
1429 4173 1492 4223 erat
1507 4167 1599 4223 armis
1610 4167 1690 4223 intus
1701 4167 1776 4222 divi-

52 4255 156 4315 castri
171 4256 203 4311 in
214 4255 275 4312 suis
284 4256 488 4313 cacuminibus
499 4273 551 4328 pro
563 4256 668 4328 majori
679 4261 761 4328 parte
777 4255 895 4327 dirupta
949 4256 995 4311 uis
1005 4255 1221 4327 precinctus,et
1229 4256 1356 4312 exterius
1367 4256 1488 4312 indutus
1500 4256 1775 4323 militaribus,stans

50 4346 104 4403 vel
116 4344 251 4416 collapsa
261 4345 374 4418 egregie
393 4345 549 4417 reparavit,
562 4344 793 4416 appendiciaque
807 4343 895 4416 placi·
948 4360 1037 4414 super
1053 4343 1130 4416 regis
1143 4342 1313 4410 exercitum,
1331 4343 1469 4399 salutaris
1485 4342 1695 4398 exhortationis
1714 4359 1775 4398 ser-

52 4437 103 4493 dae
117 4432 324 4490 mansioniset
336 4438 441 4507 aperte
453 4432 669 4489 commoditatis
680 4433 894 4488 exstruxitmu-
948 4431 1268 4505 ureuepraernissopro
1288 4431 1361 4505 ipsis
1389 4430 1566 4497 animandis,
1584 4431 1619 4485 ed
1644 4447 1774 4503 pugnam

53 4525 101 4581 ris
112 4520 893 4594 ipsiusmunitionisaffulta,apudvillamtiatulipropc
910 4542 931 4606 D
947 4519 1057 4576 elevata
1072 4538 1162 4576 manu
1177 4519 1477 4592 loricata,apestoliea
1490 4519 1580 4574 fretus
1591 4518 1773 4585 auctoritate,

52 4609 216 4669 Quadam
227 4609 323 4667 lecum
334 4611 364 4666 in
375 4608 892 4683 proprioaeclesiaesolocminentem,
949 4625 1050 4665 omnes
1066 4610 1101 4664 ab
1118 4609 1256 4664 omnibus
1281 4607 1407 4680 peccatis
1432 4605 1565 4678 absolvit,
1582 4606 1773 4663 evolationem

53 4698 892 4774 quemLigerisautecurrit,situsamoenitateconspicuum
946 4696 1006 4753 illis
1029 4698 1203 4770 promittens
1225 4697 1428 4752 incunctanter
1457 4696 1492 4751 ad
1521 4695 1697 4768 patriam,si
1722 4696 1773 4770 qui

54 4795 86 4846 et
102 4786 321 4845 diffundentem
335 4787 421 4861 louge
439 4786 537 4843 radios
557 4786 680 4843 visionis
695 4787 791 4860 elegit,
807 4789 893 4860 cujus
947 4787 1021 4843 forte
1037 4786 1194 4842 morientes
1204 4803 1256 4857 pro
1279 4785 1391 4840 viribus
1416 4785 1545 4841 strenuis
1567 4785 1772 4842 debellassent.

55 4877 287 4935 oblectamentis
302 4876 424 4933 allectus
440 4875 657 4949 receptaculum
682 4876 830 4948 quoddam
855 4877 891 4933 ad
947 4876 1071 4947 Moxque
1087 4879 1118 4930 ut
1134 4874 1347 4947 predicationis
1364 4891 1422 4931 suae
1437 4873 1612 4947 exemplaris
1633 4874 1773 4946 probare-

57 4964 892 5037 recreationemnaturaeilevamenfatiscentisinquietn-
947 4968 996 5021 tur
1023 4965 1124 5020 doctor
1152 4980 1210 5019 non
1238 4963 1334 5036 sequi,
1363 4964 1413 5020 sed
1442 4964 1605 5036 praecedere
1630 4962 1711 5017 visus
1735 4963 1772 5018 ad

59 5054 237 5123 dinis,sieut
251 5055 400 5112 interdum
410 5054 535 5128 expedit,
544 5053 692 5111 inchoavit
702 5054 821 5110 ibidem.
835 5055 891 5111 Sed
947 5052 1088 5127 prelium.
1103 5053 1229 5108 'fantum
1245 5051 1442 5109 animositatis
1458 5053 1560 5108 ardore
1575 5051 1662 5106 cerda
1676 5049 1773 5105 viden-

61 5160 114 5216 per
139 5143 305 5217 principem
334 5143 515 5211 saecularem,
529 5143 663 5199 videlicet
691 5147 758 5199 aute
780 5144 890 5200 dictum
946 5142 1020 5196 tium
1036 5140 1238 5208 inflammavit,
1256 5141 1334 5213 quod
1350 5141 1463 5214 passim
1478 5158 1530 5213 per
1544 5139 1644 5195 hostes
1666 5141 1695 5192 ct
1709 5135 1771 5209 gla-

61 5232 193 5290 Odonem
207 5232 305 5290 filium
320 5233 404 5290 ducis
420 5231 594 5306 burgundia
609 5236 680 5288 tuuc
696 5232 830 5289 comitem
841 5232 890 5287 Ni·
946 5231 1010 5288 dios
1026 5231 1170 5286 irruentes
1187 5246 1243 5286 non
1260 5231 1388 5303 aggredi,
1404 5230 1453 5286 sed
1471 5230 1566 5285 furere
1585 5225 1770 5281 videbantur.

62 5337 233 5380 verdensem
249 5321 307 5378 fuit
325 5321 363 5379 ab
387 5338 473 5395 opere
494 5325 587 5394 coepte
612 5320 789 5394 prohibitus,
805 5322 890 5393 cnjus
945 5321 976 5377 ln
992 5337 1050 5392 que
1065 5335 1224 5392 congressu
1240 5319 1388 5375 modestiae
1401 5315 1577 5391 pontificalis
1593 5330 1650 5371 non
1666 5314 1770 5371 imme·

62 5409 291 5483 prohibitionem
304 5410 337 5467 in
351 5410 434 5468 curia
448 5410 525 5484 regis
539 5411 611 5467 adeo
625 5410 742 5466 victrice
753 5414 889 5467 constan·
945 5426 1019 5474 mor,
1033 5424 1111 5463 nunc
1128 5406 1205 5463 acies
1220 5407 1409 5478 erumpendo,
1426 5422 1504 5461 nuuc
1524 5419 1615 5476 equos
1639 5401 1769 5460 hostium

62 5496 98 5555 tia
104 5501 285 5572 prosecutus
300 5497 367 5567 fuit,
376 5497 453 5571 qnod
465 5497 697 5570 demumiujure
708 5497 814 5556 comite
825 5514 890 5554 suc·
943 5495 1040 5569 gladio
1056 5493 1277 5569 prosternendo,
1289 5509 1367 5549 nunc
1383 5490 1537 5547 clamando
1560 5495 1589 5547 et
1612 5491 1769 5549 animando

75 5589 211 5652 umbeute
227 5592 258 5654 et
272 5586 355 5670 regia
368 5587 534 5651 declarante
548 5587 785 5667 seutentia,quod
800 5588 836 5647 ab
847 5587 890 5647 iu·
943 5591 1028 5665 gestu
1043 5589 1071 5643 et
1086 5584 1192 5663 lingua
1205 5581 1366 5640 redimebat
1380 5578 1567 5655 ofsscio,quod
1583 5579 1613 5636 iu
1628 5596 1768 5657 personae
