3878 6098
74 303 117 369 aa
488 298 762 367 nrsronnnou
782 300 885 366 niani
907 294 1109 377 ouaroou.
1124 338 1164 350 -
1178 302 1282 369 amor
1304 305 1357 369 m.
1743 295 1785 374 tt

76 439 234 509 conlaeuti,
268 435 451 513 principibus
480 437 625 511 predictis
648 437 847 503 internuntiis,
874 438 903 493 in
920 440 945 506 Α
960 439 1103 494 viatorum
1120 439 1211 495 relatu
1227 439 1380 512 comperit,
1397 440 1540 512 quosdam
1556 441 1606 514 qui
1623 442 1784 502 latrociniis

76 549 228 591 summanr
250 530 434 585 concordium
462 528 671 600 benignissime
695 528 854 582 redieruut.
872 534 904 582 ct

76 627 189 697 quanto
215 619 417 676 vehementius
442 622 508 673 ante
524 618 553 672 in
574 633 638 672 sese
664 617 789 689 grassati
812 617 903 683 luere,

75 718 160 769 tante
178 709 307 782 amplius
323 707 426 763 exinde
439 706 568 761 amicitia
584 723 614 762 se
630 706 843 778 coluere.llugo
855 706 906 761 ita·

77 817 135 875 que
150 801 210 855 dux
225 815 278 872 per
292 813 399 852 manus
414 798 443 850 et
453 799 669 850 sacramentum
681 793 758 866 regis
768 794 903 863 efficitur,

75 908 112 947 ac
127 889 235 946 turrim
246 885 515 943 Laudunicamsuis
531 884 778 956 evacuatam,ragi
795 884 904 950 reddit;

78 980 204 1035 maltam
217 977 324 1032 abinde
339 975 427 1030 fidam
443 989 474 1028 sc
488 979 672 1029 servaturum
688 973 837 1045 pollicens.

114 1069 159 1124 98.
168 1068 256 1139 (951.)
271 1065 377 1120 Jussus
389 1063 499 1136 ergoab
509 1063 617 1135 rege,in
628 1062 816 1134 Aquitaniam
826 1079 905 1118 exer·

76 1159 171 1214 eitum
194 1155 256 1229 regi
272 1155 429 1228 paratouo
440 1152 469 1207 in
479 1152 557 1207 brevi
565 1150 906 1215 cellect0‚causisrerum

77 1246 266 1320 exigentibus
282 1244 318 1298 ad
333 1241 487 1298 interiores
503 1240 679 1313 Burgundiae
690 1245 787 1312 partes
798 1258 847 1296 rex
863 1255 906 1296 se·

77 1354 148 1392 cum
164 1334 325 1390 exercitum
340 1329 449 1403 dirigit.
465 1331 539 1385 Cum
554 1345 621 1400 ergo
636 1328 665 1384 iu
681 1346 751 1401 agro
772 1327 908 1384 Matisco-

78 1424 221 1481 nensium
237 1426 332 1478 castra
346 1419 457 1492 tigerat,
473 1417 584 1473 occurit
594 1417 618 1472 ei
632 1417 751 1473 llarolus
766 1418 908 1478 Constan:

77 1515 172 1578 tinus,
188 1511 309 1566 Viennae
329 1508 455 1563 civitatis
475 1507 620 1579 princeps,
636 1507 759 1578 ejusque
772 1505 907 1574 efficitur,

78 1603 169 1659 fidem
186 1598 383 1673 jurejurando
395 1600 509 1670 pactus.
520 1595 569 1651 llic
584 1613 618 1651 ex
632 1594 711 1667 ragio
727 1595 846 1667 quidem
860 1612 909 1668 ge-

79 1709 149 1748 nere
161 1694 250 1746 natus
260 1691 332 1755 erat,
344 1687 395 1743 sed
406 1683 590 1742 concubinali
603 1689 756 1741 stemmata
767 1686 908 1757 usquead

959 532 985 582 et
1002 528 1234 583 ‹lisrursionilius
1246 529 1618 601 provinciaminfestabant,
1629 532 1784 604 Angelber·

959 621 1022 672 tum
1039 618 1149 674 scilicet
1165 623 1192 674 et
1213 618 1398 686 Gozbertum,
1412 620 1604 676 munitionem
1622 639 1686 694 quaa
1703 622 1781 678 dice·

959 707 1047 762 batur
1061 707 1166 763 Briona
1182 707 1368 775 exstruxisse,
1381 725 1438 780 quo
1453 709 1542 764 etiam
1558 714 1626 782 pest
1642 710 1785 785 flagitiosa

960 796 1096 851 exercitia
1104 813 1167 851 sesa
1179 796 1448 868 recipiebant.Hauc
1459 797 1548 870 igitur
1558 817 1607 854 rex
1616 816 1783 874 aggressus,

960 885 1113 940 obsidione
1128 884 1309 951 circumdat,
1326 902 1483 959 pugnaque
1498 888 1636 944 continua
1652 907 1685 944 ac
1709 891 1785 947 lama

961 975 1076 1041 atterit;
1094 979 1122 1029 et
1137 975 1255 1030 tandem
1275 975 1362 1046 capit,
1380 975 1587 1049 solotenusque
1603 978 1702 1035 diruit.
1732 985 1784 1037 La-

961 1063 1185 1119 trunculosvero
1194 1068 1308 1136 petente
1319 1062 1437 1119 Letoldo
1447 1066 1502 1119 sub
1515 1070 1785 1126 sacramenteabire

961 1153 1113 1225 permittit.

998 1242 1059 1298 lot.
1077 1242 1154 1297 luter
1170 1241 1231 1296 hac
1247 1259 1314 1296 cum
1337 1260 1386 1298 rex
1409 1243 1439 1297 in
1464 1245 1596 1316 partibus
1613 1250 1785 1321 Burgundiae

963 1330 1058 1386 adhuc
1072 1331 1258 1398 detineretur,
1286 1331 1418 1403 AEtgbiva
1443 1338 1535 1389 mater
1558 1336 1622 1406 ejus
1639 1337 1739 1410 regina
1752 1355 1787 1394 eo

963 1420 1115 1493 ignorante
1132 1419 1282 1475 Heriberto
1308 1420 1406 1475 comiti
1423 1421 1533 1493 nupsit,
1559 1428 1587 1478 et
1597 1423 1698 1481 relicta
1714 1428 1785 1483 arbo

964 1509 1106 1564 Lauduno
1121 1507 1157 1562 ab
1173 1525 1206 1563 eo
1222 1508 1347 1564 deducta
1360 1513 1413 1564 est.
1432 1511 1512 1574 Quod
1539 1528 1587 1566 rex
1601 1513 1789 1572 vehementer

962 1597 1120 1670 indignans
1129 1597 1174 1665 ³⁸⁸,
1192 1597 1284 1652 redire
1301 1602 1439 1663 maturat,
1457 1603 1485 1653 et
1500 1616 1566 1654 cum
1583 1601 1789 1676 Gerberga,re-

963 1687 1032 1759 gina
1047 1703 1135 1742 uxore
1151 1686 1326 1741 Laudunum
1339 1687 1511 1759 ingreditur.
1525 1688 1560 1744 ut
1575 1696 1696 1747 amatre
1712 1693 1791 1749 aule-

77 1783 221 1837 tritavum
228 1772 755 1847 sordebat,virgrandevus,etmultis
766 1772 907 1829 bellorum
924 1809 948 1874 Β
964 1793 1031 1831 rens
1047 1775 1154 1847 pradia
1168 1779 1197 1831 et
1211 1775 1298 1843 aedes,
1314 1774 1409 1848 reglas
1424 1777 1504 1831 uxori
1512 1777 1546 1813 ³⁸⁰
1561 1778 1683 1852 delegat.

80 1869 200 1927 casibus
213 1865 375 1938 sepissime
396 1862 524 1927 attritus,
541 1867 570 1918 et
592 1861 641 1933 qui
660 1863 690 1916 in
706 1862 907 1935 superioribus

1000 1865 1059 1921 toa.
1078 1865 1192 1919 Interea
1205 1862 1351 1935 Gerherga
1372 1864 1483 1937 regina,
1499 1865 1632 1923 Lauduni
1656 1870 1790 1941 geminos

79 1960 244 2032 piratarum
256 1952 432 2010 tumultibus
444 1950 907 2032 felicicongressuinsignismul-
964 1953 1047 2011 enixa
1067 1956 1120 2008 est.
1137 1955 1265 2018 Quorum
1290 1951 1363 2009 alter
1382 1953 1517 2021 Karalus,
1540 1955 1613 2012 alter
1636 1957 1789 2016 Heinricus

81 2048 167 2103 toties
181 2042 298 2101 enituit.
314 2041 404 2098 Alluit
426 2040 516 2097 etiam
532 2040 698 2112 Stephanus
713 2045 908 2096 Arvernorum
963 2047 1082 2098 vocatus
1093 2045 1146 2098 est.
1156 2043 1192 2096 At
1202 2041 1354 2097 Heinricus
1365 2058 1430 2097 mox
1446 2044 1594 2113 postsaeri
1604 2045 1790 2117 baptismalia

81 2134 200 2209 praesul,
217 2150 251 2189 ae
266 2133 327 2205 regi
343 2148 406 2188 sese
416 2129 573 2186 commisit.
581 2129 698 2185 Necnon
707 2133 736 2184 ct
746 2147 763 2184 a
774 2128 909 2185 Wilelmo
965 2133 1181 2204 perceptionen,
1196 2129 1226 2185 in
1248 2129 1321 2185 albis
1333 2129 1456 2186 decedit.
1474 2131 1597 2189 Karalus
1609 2138 1706 2190 autem
1722 2152 1789 2192 cum

82 2223 295 2298 Aquitanorum
310 2220 439 2293 principe
461 2217 547 2291 legati
569 2218 705 2273 industrii
722 2219 840 2284 affuere,
858 2235 909 2291 pro
965 2219 1091 2275 naturali
1107 2218 1215 2274 virium
1232 2219 1334 2274 robore
1349 2219 1499 2275 educatur.

82 2329 135 2370 suo
151 2312 285 2385 principe
308 2327 343 2365 en
367 2309 423 2364 fide
447 2307 582 2363 habenda
602 2312 786 2362 sacramenta
801 2307 906 2362 daturi.
1002 2311 1062 2364 103.
1080 2308 1244 2364 Ludovicus
1255 2308 1504 2375 verorex,Remos
1520 2310 1644 2378 rediens,
1656 2327 1722 2367 cum
1736 2313 1790 2369 llu-

84 2402 196 2469 Quibus
223 2404 381 2472 postquam
401 2398 488 2468 jussa
511 2394 622 2468 regalia
637 2396 705 2451 data
720 2400 799 2463 sunt,
815 2413 864 2451 rex
881 2396 909 2451 in
965 2399 1010 2454 vio
1039 2400 1144 2453 Axona
1168 2397 1386 2470 propinquaret,
1417 2414 1468 2469 per
1489 2400 1665 2470 campestria
1688 2400 1790 2473 lupum

82 2493 186 2548 urbem
197 2487 370 2544 Vacontium
383 2501 447 2557 qua
458 2488 502 2541 est
509 2483 678 2555 metropolis
690 2485 909 2551 Genaunorum,
966 2488 1067 2561 preire
1085 2487 1238 2559 conspicit.
1255 2488 1345 2552 Quem
1355 2503 1431 2558 equo
1447 2487 1554 2543 emisso
1566 2487 1728 2556 insecutus,
1741 2507 1792 2562 per

83 2580 130 2636 cni
146 2579 237 2635 etiam
249 2578 279 2631 in
293 2575 416 2647 Alpibus
438 2574 502 2629 sitae
516 2571 597 2628 Aldis
614 2573 704 2628 Dubis
728 2574 909 2644 preterfluit,
966 2577 1048 2633 devia
1064 2575 1199 2649 exagitat.
1213 2575 1254 2630 Ad
1267 2591 1368 2630 omncs
1386 2575 1450 2630 lere
1460 2574 1667 2633 declinationes
1683 2594 1792 2651 equum

85 2685 151 2725 cum
171 2668 247 2722 duce
267 2663 425 2721 exercitum
450 2661 577 2718 deducit.
600 2662 695 2733 Atque
709 2661 749 2716 ibi
776 2661 910 2718 Letoldus
966 2665 1123 2739 impatiens
1142 2663 1320 2720 obvertebat.
1354 2664 1411 2719 Nec
1435 2665 1585 2736 quiescere
1609 2667 1789 2737 paciebatur,

83 2758 218 2830 ejusdem
226 2752 461 2826 urbisprinceps,
470 2751 505 2807 ad
513 2749 720 2823 ejusmilitiam
729 2755 911 2807 sacramento
966 2751 1190 2824 denecequestri
1202 2750 1359 2807 certamine
1368 2752 1526 2824 lugientem
1538 2753 1793 2826 evincerettiquns

84 2847 199 2903 transit.
967 2858 1035 2916 erge
1052 2858 1103 2913 per
1117 2840 1196 2895 invia
1217 2827 1346 2908 coactus,
1363 2841 1471 2914 cespite
1487 2841 1607 2897 attendit
1622 2847 1711 2914 atqua
1726 2861 1792 2916 pro-

118 2935 162 2990 99.
189 2933 305 3000 Quibus
324 2929 446 2987 feliciter
469 2933 557 3001 atque
581 2928 693 2984 utiliter
707 2928 827 2996 habitis,
844 2944 911 2985 eum
966 2930 1085 2986 labitur.
1103 2929 1162 2985 Rex
1176 2945 1243 2984 vero
1258 2929 1430 3002 gravissime
1444 2928 1562 2986 attritus
1573 2936 1691 3001 casu,et
1706 2932 1793 2990 esuis

87 3018 912 3090 autumnomaturante,elementorumimmutatiolieret,
967 3023 1115 3092 exceptus,
1143 3035 1210 3073 cum
1234 3016 1327 3073 multo
1348 3019 1480 3074 omnium
1497 3022 1659 3087 meroressffl,
1686 3020 1793 3078 Remos

86 3131 134 3171 rex
162 3111 290 3169 colerico
311 3113 441 3175 vexatus,
463 3108 491 3162 in
515 3113 631 3163 acutam
656 3108 766 3163 febrem
793 3108 910 3165 decidit.
968 3107 1147 3180 deportatur.
1173 3105 1291 3161 lulestis
1312 3104 1411 3177 itaque
1428 3104 1578 3162 doloribus
1599 3111 1658 3163 toto
1674 3125 1795 3182 corpore

85 3209 155 3261 Cum
170 3217 241 3275 ergo
257 3197 429 3272 egritudine
444 3213 573 3269 pressus,
590 3195 728 3252 militaria
742 3214 910 3253 curarenon
926 3178 948 3245 C
967 3196 1135 3252 vexabatur.
1152 3195 1186 3250 Et
1201 3198 1267 3266 post
1281 3194 1426 3250 diutinam
1436 3195 1633 3252 valetudinem
1649 3197 1795 3272 corruptis

85 3296 195 3368 posset,
213 3290 273 3346 dax
288 3288 324 3343 ab
339 3302 372 3342 eo
387 3287 492 3357 jussus
505 3285 664 3341 exercitum
680 3285 802 3340 reducit.
820 3286 913 3342 Letol-
970 3283 1094 3341 interius
1108 3284 1313 3340 visceribusob
1324 3283 1482 3340 humorum
1495 3284 1793 3358 superfluitatemele·

85 3385 142 3439 dus
156 3397 226 3437 vere
243 3378 392 3451 princeps,
407 3375 513 3447 inipso
528 3374 604 3447 regia
621 3373 794 3447 egritudine
806 3374 914 3430 fidelis·
969 3372 1090 3429 sanciasi
1106 3377 1197 3445 peste,
1214 3376 1273 3429 toto
1288 3371 1494 3428 miserasiliter
1505 3389 1626 3446 corpore
1640 3375 1793 3447 perfundi-

84 3473 259 3542 simcatquc
273 3464 488 3522 humanissime
498 3464 558 3538 regi
568 3462 738 3519 famulatur.
749 3465 784 3518 At
794 3464 842 3519 die
852 3480 913 3520 ere·
968 3467 1022 3518 ter.
1039 3464 1101 3528 Qua
1117 3461 1229 3517 diutius
1239 3461 1479 3530 conlectus,anno
1494 3463 1576 3536 regui
1592 3463 1638 3518 sui
1651 3462 1684 3518 l8
1696 3480 1713 3519 a
1723 3468 1794 3520 natu

83 3562 143 3617 tica
155 3564 226 3632 post
235 3555 326 3613 lebria
336 3552 466 3622 initium,
479 3551 630 3624 impariter
639 3553 783 3621 veniente,
792 3553 915 3609 tirmiter
969 3556 1065 3607 autern
1083 3553 1117 3607 36
1132 3551 1208 3605 diem
1220 3551 1284 3605 vitre
1295 3550 1400 3606 clausit
1414 3554 1588 3617 extremum,
1598 3551 1792 3624 sepultusque

84 3655 113 3707 et
130 3646 288 3704 inrecidive
303 3643 460 3700 convaluit.
476 3641 702 3714 'transactisque
717 3641 821 3697 diebus
838 3641 913 3697 30⁸⁸⁷
968 3644 1012 3696 est
1027 3639 1056 3694 in
1073 3638 1204 3694 cenobio
1225 3638 1434 3693 monachorum
1451 3640 1544 3693 sancti
1562 3640 1698 3712 Remigii,
1715 3640 1792 3710 qued

83 3742 151 3810 post
160 3733 293 3808 corperis
304 3731 528 3804 reparationem,
537 3747 604 3787 cum
612 3730 731 3787 Letoldo
740 3730 871 3802 principe
882 3729 912 3785 in
968 3729 1058 3783 distat
1069 3728 1128 3782 lere
1136 3725 1261 3780 miliario
1273 3743 1329 3780 uno
1338 3725 1373 3780 ab
1381 3727 1462 3794 urbe,
1471 3741 1537 3780 cum
1551 3726 1652 3782 multis
1660 3726 1794 3781 omnium

85 3826 240 3882 Prunciam
257 3822 343 3878 redit.
967 3814 1116 3873 lamentis.

120 3905 183 3972 sta.
200 3913 236 3968 at
249 3924 318 3967 cum
330 3910 393 3981 jam
409 3907 583 3981 burgundia
602 3912 731 3964 extrema
746 3908 911 3981 attingeret,

763 4049 882 4104 VARlAE
901 4047 1111 4105 LECTIONES.

120 4168 215 4223 ³⁰²ss
228 4184 302 4224 corr.
319 4166 398 4223 llllll.
436 4164 504 4219 ⁸⁸⁸1.
520 4180 589 4220 cum
603 4163 746 4238 gerberga
760 4164 857 4220 deletu
896 4164 974 4218 ⁸⁸⁰u.
992 4161 1240 4219 omniadeletcm.
1280 4159 1497 4217 ³⁰⁰lootucorr.
1515 4178 1638 4217 merore.

706 4454 875 4542 LlBllll
905 4455 1173 4542 TttltttUS.

124 4787 149 4842 l.
166 4786 296 4842 Peractis
310 4790 407 4842 autem
424 4785 566 4857 exequiis,
583 4786 728 4858 Gerbcrga
743 4784 853 4858 regina,
870 4785 913 4841 le·
928 4789 951 4853 1]
968 4799 1072 4840 omnes
1094 4783 1124 4837 in
1140 4781 1242 4837 urbem
1258 4779 1416 4835 Remorum
1433 4780 1510 4852 apud
1525 4781 1701 4854 Gerbergam
1718 4780 1793 4853 regi-

90 4881 172 4949 gatus
188 4874 290 4948 dirigit
304 4875 442 4930 tratribus
457 4873 530 4943 tuis,
543 4874 641 4930 Otteni
653 4874 725 4947 regi,
737 4890 771 4929 ue
785 4874 913 4930 Brunoni
970 4888 1038 4927 nam
1054 4870 1116 4943 pari
1133 4875 1197 4925 voto
1204 4867 1315 4924 collecti
1332 4868 1558 4925 sunt.0mnium
1569 4871 1601 4925 fit
1611 4886 1792 4937 consensus;

89 4979 123 5019 ex
133 4959 258 5036 praesule
270 4961 337 5017 duci
350 4980 357 5030 ;
373 4979 485 5018 necnon
496 4966 524 5018 et
539 4962 652 5036 Hugoni
665 4961 826 5018 Galliarum
835 4962 913 5030 duci,
969 4961 1107 5016 omnibus
1119 4959 1218 5014 animo
1229 4958 1490 5024 inest,Lotburium
1499 4958 1575 5030 patri
1587 4959 1794 5014 deiunctesuc-

90 5059 192 5125 petens
206 5067 331 5122 pereas,
349 5050 518 5107 Letharium
533 5051 626 5107 filium
642 5067 729 5106 suum
745 5051 775 5106 in
791 5068 913 5124 reguum
968 5050 1079 5104 cedere.
1696 5097 1706 5107 ,

90 5140 164 5213 patri
180 5138 317 5195 defuncto
334 5139 498 5207 succedere,
513 5140 678 5195 Adueniant
693 5139 792 5212 itaque
812 5141 848 5195 ab
865 5139 913 5196 ot·
1003 5142 1030 5192 2.
1047 5137 1255 5193 Universorum
1280 5135 1380 5209 itaque
1402 5152 1557 5204 consensu,
1584 5134 1723 5189 adomne
1739 5134 1791 5187 Ar·

89 5235 157 5286 tane
172 5230 240 5301 rege
254 5227 744 5301 omnesexllelgicaducellrunoue
755 5230 914 5302 principes,
968 5227 1046 5282 toldo
1073 5227 1231 5282 Remorum
1262 5223 1494 5296 metropolitano,
1520 5222 1633 5276 favente
1658 5221 1793 5276 Rrunoae

89 5318 139 5375 sed
156 5319 185 5373 et
199 5333 234 5371 ex
248 5314 403 5373 Germania
425 5314 527 5389 aliqui.
538 5318 627 5373 Adest
640 5317 728 5372 etiarn
744 5318 827 5390 Hugo
847 5317 914 5373 Gal·
968 5317 994 5387 ej
1000 5333 1033 5371 as
1045 5314 1197 5382 avunculo,
1214 5314 1454 5387 principibusque
1464 5310 1644 5366 diversarum
1658 5309 1792 5381 gentium

89 5404 270 5465 liarumdux.
282 5403 462 5462 Conveniunt
473 5422 589 5478 quoque
600 5406 773 5478 burgundiae
783 5410 810 5462 et
824 5406 914 5478 Aqui·
969 5405 1169 5472 laudantibus,
1187 5403 1342 5460 Lotharius
1367 5399 1543 5467 duodennis,
1560 5415 1609 5454 rex
1633 5401 1748 5453 creatur
1763 5398 1791 5453 in

88 5497 175 5555 taniae
190 5492 339 5565 simulque
348 5498 377 5551 et
387 5494 496 5551 Gothia
512 5494 669 5567 principes.
681 5494 815 5567 Episcopi
825 5496 913 5551 etiam
969 5492 1091 5551 basilica
1106 5491 1198 5547 saneti
1224 5489 1358 5561 Remigii,
1376 5487 1425 5544 ubi
1446 5491 1528 5560 pater
1542 5503 1615 5543 suus
1629 5485 1793 5542 tumulatus

88 5581 242 5645 ediversis
261 5581 414 5654 regionum
439 5582 562 5639 urbibus
577 5582 762 5639 conveniunt.
779 5585 870 5657 Atque
884 5584 913 5640 bi
968 5599 1036 5640 eum
1051 5580 1117 5638 aliis
1131 5580 1251 5654 regibus
1275 5576 1397 5650 sepultis
1420 5575 1597 5654 quiescebat.
1613 5576 1792 5650 Crestusque
