3878 6098
75 294 153 393 rer¹

476 332 685 399 eumaeus
707 335 740 398 S.
762 332 943 398 MDDllllDl
965 333 1169 404 SUDSSIDN.
1193 339 1386 410 DECANUS·

71 465 148 521 Ante
169 464 248 523 diem
263 481 380 523 sacrum
401 483 459 542 quo
474 467 556 541 plebs
572 485 645 526 nova
660 467 901 525 Christicolarum
915 465 944 536 Α
959 472 1079 529 Dextera
1093 472 1219 543 virtutis,
1237 476 1316 550 pacis
1331 491 1461 551 veraque
1476 473 1582 535 salutis

72 553 165 610 Dulce
180 554 250 611 colit
270 553 390 628 Pascha,
407 575 464 630 quo
480 559 611 631 gaudens
626 558 733 614 transit
747 558 783 614 ad
801 562 900 613 astra:

72 643 124 699 Hie
140 643 236 700 athtla
252 643 312 710 Dei,
329 646 463 719 quamvis
479 647 535 702 sibi
550 645 651 703 sedulo
663 663 779 720 parcus,

71 733 155 787 Tunc
171 733 267 806 magia
282 737 405 808 urgebat
416 720 538 791 confecti
554 735 684 808 corporis
698 739 789 801 artus,

71 820 210 877 Excubiis
225 823 351 892 instans,
367 823 512 895 precibus,
530 823 599 880 rivis
614 823 813 891 lacrimarum,

72 910 171 966 Hostis
186 914 215 966 et
230 911 346 968 insidiis
361 929 447 968 curae
463 912 606 969 adhibens
622 913 800 969 animarum.

72 999 197 1071 Jamque
212 1000 276 1056 dies
292 1000 373 1073 pacis
388 999 547 1074 populique
561 1001 768 1057 reconciliandi

72 1092 207 1158 Venerat,
224 1093 253 1144 et
267 1105 382 1146 sacram
398 1090 493 1147 turbis
509 1089 681 1163 impleverat
696 1089 805 1158 aulam,

73 1179 151 1233 ‘lhnc
168 1177 237 1250 pius
252 1179 375 1235 antistes
390 1180 477 1236 fletus
492 1178 581 1235 dabat
596 1179 756 1247 uberiores,

73 1267 147 1322 Inter
164 1266 311 1340 lugentes,
325 1267 402 1324 inter
417 1285 470 1324 sua
486 1268 611 1325 crimina
626 1270 738 1334 flentes,

75 1357 162 1426 ltque
179 1355 237 1428 piis
252 1356 388 1427 precibus
403 1356 517 1412 veniam
534 1358 678 1430 poscendo
695 1361 803 1423 reatus,

73 1443 173 1499 Plebes
191 1444 327 1510 absolvit,
337 1446 434 1501 oleum
450 1445 608 1502 chrismate
623 1445 755 1502 sacravit.

72 1531 171 1589 Clarus
186 1536 217 1588 at
234 1532 350 1589 incaute
365 1534 464 1591 minus
480 1534 552 1591 illud
569 1535 708 1606 providus
723 1551 809 1592 omne

71 1620 176 1676 Dividit
193 1620 336 1688 ecclesiis,
351 1622 399 1678 vix
413 1640 470 1678 una
485 1624 631 1697 superfuit
645 1623 704 1680 illis

70 1710 109 1764 ad
127 1709 237 1766 lavacri
253 1727 365 1766 morem
376 1711 505 1767 retinens
520 1710 651 1785 ampulla
665 1703 834 1784 liquorem.¹

70 1800 167 1854 Tertia
182 1815 311 1871 cumque
326 1800 388 1855 dies
402 1800 577 1856 venerabilis
593 1800 771 1871 emicuisset,

65 1889 179 1943 Gaudia
195 1905 304 1962 magna
319 1888 424 1954 ferens,
439 1887 508 1945 imis
522 1890 651 1945 coeleslia
661 1891 790 1962 jungens

68 1977 195 2033 Phoebus
209 1981 239 2034 et
252 1977 419 2033 accelerans
428 1979 504 2049 jam.
514 1978 551 2050 (l)
562 1995 670 2034 nonam
687 1978 892 2034 clauderetho·

718 2066 803 2140 [ram,

62 2154 177 2212 Presul
192 2155 230 2211 ad
245 2155 375 2211 officium
391 2158 510 2211 sanctus
527 2157 668 2228 processit
684 2157 830 2229 agendum

61 2247 137 2302 Hinc
154 2246 232 2301 inter
246 2261 334 2301 sacre
350 2245 420 2300 dum
437 2261 488 2317 per
498 2244 640 2301 solemnia
655 2245 751 2301 missa

59 2336 209 2392 Fontibus
225 2339 334 2390 astaret
350 2334 499 2390 lavacrum
516 2350 574 2407 quc
590 2334 794 2402 sanctificaret,

55 2425 120 2480 Vas
132 2425 222 2496 jubet
235 2422 330 2480 afferri
345 2439 464 2479 sacrum
480 2421 638 2479 chrismale
653 2422 782 2479 ferentis.

58 2514 152 2570 Forte
168 2513 219 2569 sed
235 2512 405 2585 impreceps
420 2512 507 2567 turba
523 2510 650 2585 stipante
665 2511 808 2581 minister,

56 2604 143 2659 Dum
157 2603 231 2674 pede
243 2602 371 2671 festinat,
388 2619 424 2657 ne
439 2601 569 2674 pontifici
586 2596 668 2656 mora
683 2602 743 2667 frat,

56 2693 192 2748 Labitur
204 2706 220 2745 e
232 2688 379 2758 manibus,
396 2690 519 2746 fractum
535 2707 586 2745 vas
601 2694 768 2758 evacuatur,

58 2782 143 2837 Pene
160 2797 248 2835 vorax
261 2796 378 2835 omnem
394 2779 465 2852 quin
481 2777 580 2834 hausit
594 2795 683 2834 arena
698 2777 851 2851 liquorem.

58 2870 213 2927 Pontibus
223 2867 330 2924 astanti
344 2884 392 2924 res
406 2872 450 2923 est
464 2871 497 2922 ut
507 2868 623 2940 cognita
637 2867 723 2939 patri,

57 2958 108 3015 Nil
122 2976 162 3014 ex
173 2957 228 3013 hoc
240 2956 382 3030 trepidus,
399 2955 465 3012 fidei
481 2957 532 3012 sed
548 2955 650 3011 robore
666 2956 781 3026 firmus,

58 3047 230 3121 Fragmina
245 3063 336 3119 parva
349 3045 460 3118 legens,
478 3046 514 3101 ad
531 3044 680 3101 Christum
696 3044 816 3101 brachia
830 3049 896 3102 ten·

727 3134 821 3205 [dens

954 560 995 615 Ad
1012 563 1138 632 speciem
1155 563 1225 620 solis
1241 566 1429 639 resplendens
1444 566 1509 622 luce
1524 565 1647 631 decoris.

955 650 1021 714 Quae
1038 649 1249 722 paradisiacam
1261 660 1343 711 vocat
1357 654 1436 711 hunc
1447 656 1607 712 clementer
1616 655 1652 710 ad
1668 652 1777 720 aulam,

955 742 1076 793 Dextera
1091 756 1217 812 namque
1240 742 1319 813 piam
1335 743 1434 817 signat
1453 761 1542 817 super
1556 744 1664 799 athera
1677 742 1779 809 vitam,

957 825 1117 895 Pacificam,
1134 828 1298 900 pulchram,
1315 831 1407 888 nitido
1421 832 1534 906 fulgore
1547 847 1709 889 coruscam.

954 914 1034 968 Hanc
1047 916 1250 988 amplexantur
1265 919 1315 991 qui
1330 918 1401 975 leva
1417 937 1474 976 uon
1491 919 1666 992 spatiantur,

954 1003 1007 1068 Qui
1023 1003 1165 1087 subigunt
1175 1004 1263 1062 istam
1281 1007 1413 1080 fragilem
1426 1008 1514 1064 simul
1528 1026 1561 1064 ac
1576 1009 1740 1083 fugitivam.
1827 1037 1832 1043 ·

989 1092 1145 1165 Postquam
1161 1095 1204 1148 vir
1218 1095 1333 1152 Domini
1349 1097 1489 1170 mysteria
1503 1114 1587 1152 sacra
1601 1096 1722 1169 peregit,

954 1181 1062 1253 dgmen
1074 1182 1222 1253 justorum
1234 1185 1319 1254 jubet
1334 1185 1473 1241 accersire
1488 1185 1628 1254 virorum,

953 1269 1055 1325 ucetica
1071 1271 1133 1326 visa
1149 1273 1246 1340 refert,
1263 1290 1298 1327 ac
1311 1273 1415 1329 leniter
1426 1274 1495 1330 inde
1510 1274 1663 1331 subinfert.

953 1358 1070 1424 Discite,
1086 1358 1178 1425 filioli,
1189 1360 1281 1432 patris
1297 1361 1417 1430 ultima;
1430 1364 1552 1434 jamque
1566 1362 1667 1428 valete,

953 1448 1168 1520 Excessumque
1183 1465 1281 1504 meum
1298 1466 1381 1521 prece
1397 1467 1480 1505 sacra
1494 1451 1686 1523 protegitote,·

952 1536 1041 1600 Quem
1055 1536 1117 1605 jam
1135 1536 1260 1593 coelestis
1274 1542 1357 1593 vocat
1371 1539 1406 1593 ad
1423 1555 1454 1594 se
1469 1538 1564 1611 gratia
1579 1539 1667 1612 regis,

952 1625 989 1681 Ut
1002 1626 1119 1681 tandem
1136 1626 1244 1698 proprii
1261 1627 1334 1683 ditet
1348 1628 1479 1683 mercede
1493 1627 1616 1684 laboris.

951 1713 1009 1770 Vos
1024 1719 1122 1770 tamen
1139 1716 1281 1771 admoneo
1298 1733 1388 1782 nunc,
1404 1716 1518 1784 fratres,
1536 1716 1593 1771 ista
1606 1715 1699 1781 silete,

911 1836 935 1902 B
952 1803 1045 1874 Hujus
1061 1806 1089 1858 et
1104 1805 1253 1872 oromatis,
1271 1821 1379 1876 quase,
1397 1808 1507 1860 secreta
1520 1808 1634 1872 tenete;

950 1893 1045 1947 Donec
1060 1909 1111 1947 vas
1125 1892 1247 1961 luteum,
1271 1911 1322 1949 seu
1343 1892 1472 1966 corporis
1496 1892 1551 1948 hoe
1571 1896 1774 1964 tegumentum

948 1981 1061 2037 Matrici
1076 1986 1157 2036 terrae
1173 1985 1258 2054 cogat
1273 1987 1378 2037 natura
1393 1980 1509 2037 referre.

948 2070 1097 2142 Extemplo
1107 2069 1221 2142 gelidus
1236 2075 1312 2126 totos
1328 2087 1416 2143 pavor
1431 2074 1553 2141 occupat
1568 2074 1660 2137 artus,

949 2159 1074 2215 duribus
1089 2164 1121 2214 ut
1136 2159 1234 2214 senuit
1246 2160 1321 2215 tanti
1337 2176 1401 2215 sors
1416 2159 1524 2214 extima
1541 2157 1641 2231 patris,

948 2251 1079 2315 Quorum
1094 2265 1247 2304 moerorem
1259 2247 1438 2321 compescuit
1453 2254 1541 2319 atque
1557 2245 1706 2314 dolorem;

930 2337 1007 2418 ‚Sat
1025 2337 1117 2405 favus,
1134 2337 1257 2409 eloquiis
1273 2337 1412 2410 prudens,
1429 2341 1458 2392 et
1472 2337 1509 2391 ad
1525 2335 1625 2391 omnia
1638 2334 1729 2390 mitis.

949 2427 992 2481 Ad
1007 2427 1130 2497 patriam
1146 2427 1405 2511 senctugDomino
1417 2425 1575 2480 miserante
1587 2427 1716 2491 vocatus,

949 2516 1094 2571 instanter
1108 2514 1221 2587 vigilat,
1238 2531 1344 2586 corpus
1360 2514 1465 2570 sudore
1481 2512 1593 2586 fatigat,

950 2603 1136 2660 Praetolatur
1151 2603 1253 2658 herum
1269 2602 1375 2658 veluta
1389 2601 1528 2657 thalamis
1544 2599 1717 2669 rediturum,

950 2692 986 2747 Ut
1001 2692 1057 2747 cita
1071 2690 1201 2764 pulsanti
1216 2694 1325 2747 reseret
1339 2708 1393 2746 sua
1408 2690 1511 2745 limina
1525 2688 1610 2761 patri,

949 2785 971 2837 A
985 2781 1088 2835 mundi
1098 2780 1220 2852 strepitu
1237 2779 1377 2835 semotior
1390 2782 1478 2850 atque
1492 2776 1633 2845 tumultu,

949 2868 1064 2925 Arctius
1080 2869 1110 2925 in
1126 2867 1199 2924 cella
1214 2868 1324 2924 ditatur
1338 2866 1441 2923 caelibe
1455 2867 1524 2922 vita.

952 2958 1066 3014 lividus
1082 2957 1142 3013 haec
1158 2956 1252 3013 hostis
1267 2974 1388 3012 cernens
1403 2955 1482 3012 dolet
1495 2955 1634 3011 omnibus
1648 2953 1738 3011 horis.

951 3046 1084 3103 calcibus
1100 3046 1220 3102 attritus
1237 3046 1401 3102 reverendis
1415 3045 1463 3102 hic
1475 3043 1615 3101 basilicus

951 3134 1076 3209 Ingemit
1090 3134 1193 3201 iratus,
1211 3133 1354 3207 furiisque
1369 3134 1451 3190 novis
1466 3133 1678 3201 stomachatus,

60 3225 201 3282 Membra
215 3223 276 3280 solo
291 3223 406 3292 sternit,
423 3223 526 3279 devota
542 3221 710 3295 precamina
721 3221 814 3291 fudit;
909 3202 931 3269 G
951 3222 1055 3281 sibilat
1070 3223 1237 3297 exsanguis,
1254 3222 1322 3279 fano
1338 3221 1481 3295 spoliatus
1497 3225 1526 3277 et
1540 3220 1610 3277 aris.

60 3315 198 3370 horsus
214 3311 298 3368 illum
315 3311 366 3386 qui
382 3312 505 3368 fractum
521 3311 639 3367 cardine
653 3311 798 3366 mundum

62 3402 190 3458 Mirifice
206 3405 333 3474 reparat,
350 3400 501 3473 preprium
518 3399 645 3455 ludendo
661 3414 805 3468 cruorem,

64 3492 103 3548 Ut
115 3491 224 3547 reddat
238 3490 351 3546 moeslis
365 3491 443 3562 quod
460 3488 551 3544 diruit
565 3485 671 3543 emula
686 3487 788 3560 pestis.

65 3581 144 3646 Ouid
160 3596 257 3635 morer
270 3578 300 3634 in
316 3578 432 3634 verbis?
446 3578 482 3632 ad
500 3581 604 3632 nutum
620 3576 855 3647 cunctipotentis

66 3670 141 3724 Ecce
157 3669 342 3736 reformatur,
359 3666 520 3724 resolutum
537 3664 736 3721 consolidatur

68 3757 127 3812 Vas
140 3756 213 3812 illud
228 3756 354 3812 vitreum
368 3754 530 3811 volutante
544 3753 657 3827 liquore
674 3752 823 3809 refertum.

71 3846 176 3902 Sancte
191 3845 286 3914 Pater,
298 3844 425 3901 famulos
440 3843 549 3917 peccati
565 3842 630 3899 labe
643 3842 754 3898 solutos

73 3935 238 4003 Consolida,
254 3951 370 4007 repara,
387 3933 513 3989 subeant
527 3937 560 3987 ut
574 3932 685 3988 fortiter
700 3935 788 3986 astra.

76 4024 127 4088 Oui
141 4029 168 4078 te
182 4023 350 4095 pontificem
366 4038 506 4095 magnum
522 4024 654 4077 statuens
670 4024 698 4075 et
713 4019 833 4074 herilem

78 4112 190 4167 Datilum
205 4111 319 4167 ornavit
333 4110 490 4167 virtutibus
504 4113 533 4166 et
548 4108 691 4178 solidavit,

79 4200 185 4272 Dirigat
195 4200 422 4272 hanctrepidam
431 4215 496 4272 quae
509 4215 586 4254 nuuc
596 4201 676 4253 tenet
686 4195 745 4253 alta
755 4195 895 4265 carinam,

81 4287 113 4344 tt
125 4291 196 4345 bene
221 4305 386 4356 curramus,
398 4303 454 4344 uec
469 4288 498 4342 in
513 4287 560 4343 hie
576 4284 712 4358 scopulos
727 4286 895 4341 subeamus.

83 4376 129 4432 llic
144 4381 225 4449 pater
238 4375 372 4450 apprime
386 4375 478 4432 Chisti
493 4391 653 4431 succensus
667 4391 777 4440 amore,

83 4464 157 4537 Saepe
171 4465 331 4521 theoricam
346 4470 466 4537 cuperet
480 4480 546 4519 eum
560 4464 665 4518 ducere
680 4462 781 4529 vitam,

950 3312 1086 3380 Insidiae,
1101 3312 1218 3367 fraudes
1233 3311 1306 3368 alias
1320 3311 1451 3379 molitur,
1467 3315 1495 3367 et
1507 3315 1609 3378 artes,

950 3402 1048 3458 Dxerit
1065 3400 1226 3473 ingenium,
1242 3402 1396 3473 tenditque
1412 3399 1544 3455 libidinis
1557 3414 1669 3463 arcum,

950 3490 1083 3560 Quojam
1108 3490 1292 3557 Samsonem,
1309 3507 1366 3561 que
1391 3487 1556 3561 perculerat
1571 3485 1767 3552 Salomonem,

951 3579 1070 3634 Pectora
1082 3578 1280 3642 debilitatans,
1296 3578 1428 3633 mulieris
1443 3592 1542 3632 amore
1555 3575 1709 3648 sagittans.

950 3667 1025 3738 Ergo
1041 3665 1139 3722 dolore
1155 3667 1282 3721 fremens
1298 3667 1381 3737 cujus
1398 3681 1480 3720 sacer
1494 3663 1592 3720 obruit
1605 3678 1701 3718 arcem

951 3756 983 3811 ln
998 3755 1118 3811 Veneris
1129 3754 1225 3826 specie
1238 3754 1317 3809 vafra
1327 3771 1358 3809 se
1374 3752 1483 3826 colligit
1499 3757 1571 3818 arte,

952 3843 1117 3900 Mendicam
1131 3841 1285 3908 simulans,
1298 3846 1327 3896 et
1341 3840 1476 3913 presulis
1491 3838 1565 3896 atria
1579 3837 1721 3908 lustrans,

951 3932 1081 3988 Drraudo
1095 3930 1201 3986 clausa
1217 3947 1281 3985 sero
1293 3929 1364 4002 petit
1379 3929 1478 3986 abdita
1490 3927 1580 3997 cellae,

953 4021 1065 4078 Limine
1080 4024 1139 4076 stat
1154 4019 1283 4092 plorans,
1302 4019 1344 4074 sic
1361 4018 1445 4073 illum
1460 4016 1566 4074 flebilis
1581 4033 1686 4074 crans:

952 4112 974 4167 Ο
990 4114 1081 4182 paler,
1098 4127 1114 4165 o
1130 4112 1220 4179 pater,
1238 4125 1254 4163 o
1270 4113 1376 4164 sanctae
1388 4107 1504 4180 pietatis
1520 4110 1642 4171 amator,

952 4198 1037 4254 Urbis
1051 4197 1231 4270 praesidium,
1248 4196 1338 4252 totius
1354 4195 1465 4268 egentis
1478 4194 1602 4268 asylum,

954 4287 1115 4358 llcspitium
1132 4284 1242 4341 urieerae
1259 4289 1409 4356 prestans,
1427 4283 1506 4356 inopi
1522 4283 1669 4338 miserere.

953 4376 1048 4430 Pande
1065 4377 1139 4430 fores
1154 4374 1232 4440 tecti,
1249 4373 1375 4429 vicinam
1392 4372 1512 4444 subripe
1528 4369 1625 4436 morti,

952 4466 1020 4531 Quae
1035 4480 1117 4535 vaga,
1135 4480 1198 4534 quae
1218 4464 1308 4532 nuda,
1326 4479 1390 4533 quaa
1405 4458 1544 4531 languida
1556 4472 1622 4512 sum
1636 4454 1776 4527 peritura.

83 4551 206 4625 litgrava
221 4552 313 4609 sensit
327 4569 413 4618 onus,
429 4569 513 4608 curas
529 4555 558 4606 et
572 4551 820 4624 ponderarerum‚
914 4569 936 4632 D
952 4553 1013 4608 Huc
1029 4570 1099 4621 agor
1111 4550 1210 4606 infelix
1221 4550 1344 4605 immani
1362 4548 1478 4621 frigore,
1494 4545 1615 4611 nimbis,

82 4642 119 4695 ad
133 4642 261 4714 requiem
276 4641 358 4715 pacis
372 4657 532 4714 properans
547 4640 577 4695 in
593 4641 650 4694 fine
661 4639 787 4706 dierum,

83 4729 184 4803 Nempe
199 4730 268 4787 Sion
288 4728 429 4796 recolens,
451 4729 574 4802 Solyma
593 4727 726 4801 speciosa
740 4725 899 4798 revolvens,

83 4818 218 4875 Exsilium
233 4819 332 4888 flebat,
348 4818 447 4891 patria
458 4819 592 4890 jucunda
603 4817 729 4890 petebat.
866 4815 868 4820 ’

83 4908 206 4971 Quadam
222 4924 350 4980 namque
364 4907 411 4962 die
426 4906 534 4980 presul
549 4905 756 4962 sanctissimus
772 4904 836 4971 istc,

83 4997 181 5052 Annua
194 4997 267 5052 dum
279 5013 368 5052 sacrae
383 4995 510 5052 celebrat
525 4994 670 5051 solemnia
684 4993 791 5061 missae,

83 5082 176 5140 hostia
189 5083 255 5141 viva
267 5083 328 5154 Dei,
345 5083 488 5157 templum
502 5082 666 5141 venerabile
681 5081 761 5155 pacis
773 5099 780 5149 ;

84 5177 212 5247 Dumque
225 5172 301 5247 polis
315 5172 412 5230 inhiat
424 5172 512 5229 veluti
527 5189 692 5245 suspensus
707 5171 742 5226 ad
760 5169 828 5236 alta,

81 5261 137 5316 lma
150 5261 382 5335 supergreditur,
398 5261 535 5336 seraphin
550 5259 654 5318 ardor'e
669 5263 825 5317 crematur.

81 5349 129 5407 llis
142 5350 317 5423 intendenti,
327 5349 472 5408 libamina
485 5367 570 5408 sacra
585 5349 688 5407 ferenti

79 5440 203 5514 Apparet
215 5439 333 5497 Domini
348 5456 530 5512 superarem
547 5441 665 5496 dextera
680 5435 800 5508 Christi,

954 4643 1062 4696 Druma
1078 4641 1143 4694 terit
1159 4641 1300 4702 membra,
1318 4636 1425 4710 glacies
1439 4640 1519 4690 secat
1543 4651 1648 4706 aspera
1663 4632 1779 4706 plantae

954 4730 1004 4784 Vis
1021 4729 1100 4800 angit
1117 4729 1223 4792 Borem,
1239 4730 1314 4782 tetra
1328 4742 1445 4798 premor
1459 4722 1546 4779 anxia
1557 4727 1654 4779 nocte.

955 4818 983 4873 Si
1001 4817 1104 4873 saltem
1122 4815 1200 4882 trita,
1218 4815 1241 4870 si
1254 4831 1321 4869 cum
1334 4830 1440 4886 perone
1456 4811 1573 4868 lucerna

955 4904 1072 4962 Teneris
1087 4904 1163 4958 hanc
1179 4904 1299 4970 nudam,
1317 4902 1413 4975 gelido
1424 4902 1489 4972 jam
1507 4919 1571 4958 rose
1587 4901 1713 4957 solutam

954 4995 1022 5067 Igne
1037 5009 1140 5065 parum
1156 4993 1262 5060 foveas,
1280 4992 1358 5047 intra
1372 4996 1424 5047 tua
1438 4990 1542 5046 limina
1557 5005 1670 5062 pascas.

954 5086 1020 5149 Qum
1037 5080 1155 5136 dabitur
1165 5080 1266 5152 justia,
1283 5085 1313 5136 tu
1330 5099 1388 5136 non
1405 5081 1538 5136 mercede
1553 5075 1676 5133 carebis.

955 5171 990 5223 nt
1005 5172 1086 5240 paler
1100 5167 1160 5222 hac
1174 5169 1265 5224 surda
1279 5169 1357 5241 cepit
1372 5184 1440 5222 aure
1456 5165 1589 5222 susurria
1604 5160 1708 5227 multa,

957 5259 990 5312 et
1005 5255 1174 5311 contectalis
1190 5257 1298 5330 refugit
1312 5255 1459 5312 consortia
1475 5251 1551 5307 talis.

993 5343 1085 5400 Pestis
1100 5344 1135 5399 ad
1157 5344 1219 5399 haec
1233 5345 1330 5400 dirum
1353 5357 1492 5413 rumpens
1506 5357 1524 5394 a
1538 5342 1653 5411 pectore
1668 5338 1781 5394 luctum

957 5433 1031 5489 Altis
1045 5433 1208 5507 ingemuit;
1225 5433 1371 5505 planetus,
1388 5427 1550 5484 ululamina
1565 5427 1650 5482 fudit.

112 5550 149 5620 (l)
180 5546 309 5603 Sabbato
333 5550 435 5603 sancto
466 5551 533 5603 ante
564 5546 666 5602 horam
692 5560 809 5609 nonam,
840 5559 903 5614 quaa
960 5559 1017 5596 non
1034 5539 1253 5603 conveniebant,
1269 5555 1320 5592 nec
1342 5540 1499 5607 antequem
1525 5531 1609 5590 stella
1629 5535 1784 5608 appareret

80 5624 184 5676 nostrae
200 5616 714 5692 tertiaepomeridiana-respondebat,
728 5615 764 5671 ad
774 5614 903 5671 officium
961 5614 990 5670 in
1006 5611 1088 5681 caclo,
1106 5611 1227 5667 missam
1243 5608 1429 5683 incipiebant.
