3878 6098
77 251 138 313 l3'l

499 245 795 319 *ntstnntnnntt
819 256 924 319 LlBlll
947 258 1145 330 suttune.
1164 295 1201 304 -—
1216 262 1290 322 LlB.
1314 262 1367 324 tv.

1730 267 1789 330 138
1823 308 1833 369 ,Ι

75 383 213 445 dentium
224 382 451 451 ordinationem,
463 387 638 444 sacramenti
652 389 822 445 auctoritato
834 389 905 444 milri
928 394 947 458 q
964 393 1040 457 ariis,
1051 392 1120 446 illud
1132 397 1226 448 tarrreu
1236 394 1701 467 intertuniigenusarbitrobatnr‚
1710 403 1787 471 quod

74 489 207 528 conexus
218 474 269 529 sit.
288 495 302 524 a

110 561 157 616 29.
176 562 341 635 Cireprnpbi
359 564 546 638 ⁸⁸⁸scriptum.
573 598 606 605 —
633 588 646 613 κ
673 567 706 622 Et
730 573 763 622 ut
788 567 905 639 penitus

72 650 185 706 mentis
200 656 374 724 conceptum
391 653 532 725 aperiam,
548 658 613 726 post
624 655 784 727 jurationis
806 673 904 712 sacra-

72 743 222 805 mentum,
238 740 444 814 cirographum
460 742 496 797 ab
512 759 545 798 eo
570 743 757 800 scribendum
776 750 854 816 puto.
872 745 904 800 ln

72 846 132 901 quo
149 829 367 887 maledictionis
382 831 539 887 anathema
563 832 706 889 habeatnr
720 833 902 906 hujusmodi,

71 919 149 991 qnod
167 919 193 973 ei
210 918 397 992 imprecetur
410 937 463 993 pro
474 920 608 976 felicibus
619 923 838 987 contumeliosa,
852 939 903 994 pro

71 1006 255 1064 salutaribus
271 1008 439 1082 pernitiosa,
451 1028 504 1083 pre
515 1011 646 1067 honestis
659 1012 766 1084 turpia,
778 1029 829 1084 pre
841 1012 904 1068 diu·

70 1098 215 1155 turnitate
229 1104 384 1172 punctum,
398 1117 450 1173 pro
464 1100 574 1156 honore
586 1105 797 1174 contemptum,
814 1106 854 1169 ct,
871 1106 903 1158 ut

69 1191 165 1243 totum
183 1188 387 1268 concludatur,
403 1206 455 1262 pro
471 1189 609 1246 omnibns
624 1190 709 1246 bonis
725 1190 824 1246 omnia
839 1208 902 1247 ma·

69 1276 107 1333 la.
117 1276 201 1340 Quod
213 1277 481 1351 etiambipertitum
501 1278 562 1334 lieri
571 1278 675 1352 placet.
686 1278 816 1336 Alterum
829 1278 901 1334 mibi

68 1364 124 1420 sibi
141 1364 273 1444 alterurn
289 1367 475 1424 concedatur.
491 1368 671 1440 Quandoque
686 1367 773 1424 etiam
790 1368 844 1424 hoc
858 1366 900 1423 illi

66 1453 236 1511 calumnias
251 1455 375 1528 ingeret,
391 1456 415 1513 si
431 1455 557 1529 turpiter
571 1474 588 1512 a
602 1457 658 1511 fide
670 1455 803 1512 declinet.
817 1480 830 1504 a
841 1456 900 1513 Hae

962 481 968 534 i
973 498 1024 551 pse
1035 489 1184 554 superstes
1195 483 1230 537 de
1243 483 1336 555 patrie
1348 500 1453 556 genere
1464 482 1580 540 nullum
1589 491 1693 557 prater
1703 492 1791 543 Karo-

961 568 1020 623 lnm
1040 569 1175 625 babebat.
1191 571 1388 627 Miserrimum
1406 589 1522 644 quoquc
1538 572 1592 626 sibi
1605 573 1707 631 videri.
1723 573 1748 628 si
1760 562 1789 631 is

960 657 1068 723 honore
1085 659 1285 725 frustraretur,
1302 659 1332 714 in
1357 677 1414 732 quo
1439 659 1501 716 selo
1527 677 1595 732 spes
1615 648 1788 719 restituendi

959 762 1052 819 genus
1069 751 1223 818 paternum
1240 748 1296 804 sita
1311 750 1393 804 toret.
1418 748 1524 804 Patrue
1549 749 1648 820 itaque
1663 749 1787 807 misere·

959 836 1058 890 seebat
1070 853 1076 904 3
1090 834 1172 890 illum
1185 837 1340 909 cogitabat,
1352 836 1436 892 illum
1448 837 1570 904 colebat,
1582 838 1664 894 illum
1675 855 1726 911 pro
1737 855 1787 911 pe·

959 924 1090 979 rentibus
1106 925 1293 980 carissimum
1310 925 1445 980 babebat.
1462 926 1545 997 Apud
1569 943 1656 998 quem
1679 927 1785 983 collato

958 1013 1089 1080 consitio,
1103 1014 1243 1085 (querebat
1254 1030 1381 1086 quonam
1394 1015 1481 1069 modo
1494 1015 1522 1068 in
1535 1015 1651 1070 culmen
1664 1015 1784 1073 honoris

957 1102 1040 1157 illum
1057 1103 1213 1174 provehere
1228 1109 1336 1176 posset,
1352 1103 1393 1157 sic
1409 1107 1507 1159 tamen
1524 1108 1556 1159 ut
1571 1104 1633 1177 ipse
1648 1105 1726 1177 regis
1737 1105 1784 1161 de-

956 1195 1050 1246 sertor
1065 1209 1122 1246 nen
1138 1197 1300 1264 appareret.

991 1280 1035 1335 33.
1063 1281 1206 1336 Remorum
1229 1283 1328 1352 captio.
1346 1282 1483 1352 —Cujus
1505 1281 1545 1336 rei
1571 1281 1714 1336 rationem
1739 1281 1782 1338 sic

956 1367 1017 1423 fieri
1033 1369 1240 1436 arbitrabatur,
1266 1374 1299 1424 ut
1322 1372 1501 1424 statuentur
1521 1370 1555 1405 “⁹
1569 1374 1696 1442 tempus,
1723 1386 1781 1441 quo

955 1458 1096 1529 primates
1110 1462 1180 1530 quot
1197 1462 1304 1529 posset,
1318 1459 1347 1513 in
1360 1458 1431 1513 urbe
1444 1458 1503 1514 acsi
1516 1456 1626 1530 aliquid
1640 1474 1779 1534 magnum

65 1543 255 1619 promulgata
266 1544 422 1613 sententia,
438 1544 467 1600 id
484 1546 524 1601 ita
536 1545 700 1601 laciendum
713 1547 749 1602 ab
761 1545 900 1603 omnibns
954 1547 1144 1602 ordinaturus
1159 1547 1221 1619 ipse
1232 1546 1390 1619 colligeret.
1403 1546 1580 1602 'Peucetiam
1594 1545 1715 1602 Karalus
1730 1564 1783 1619 per

65 1632 221 1688 laudatum
238 1637 291 1688 est.
309 1631 442 1689 Procedit
468 1633 567 1705 itaque
591 1633 729 1689 ttrnultus
745 1651 852 1690 coram.
870 1635 896 1688 Si
955 1635 1048 1690 nectis
1065 1634 1180 1689 silentia
1195 1651 1262 1689 cum
1279 1634 1405 1690 exercitu
1422 1634 1457 1688 ad
1481 1639 1580 1706 portas
1595 1634 1677 1689 urbis
1692 1635 1780 1689 adve-

66 1721 91 1775 id
109 1722 266 1777 inventum
293 1720 405 1791 laudet,
430 1721 603 1778 consulitur.
629 1725 671 1778 An
697 1722 738 1778 sic
754 1723 899 1795 suscipiat
954 1720 1039 1776 niret.
1057 1722 1112 1776 Nec
1129 1725 1199 1777 tunc
1211 1722 1324 1777 deesset
1335 1720 1385 1794 qni
1400 1722 1536 1776 exercitui
1547 1721 1668 1776 irruenti
1681 1726 1780 1795 pertas

66 1811 141 1882 qnod
158 1811 244 1883 petit,
261 1808 438 1867 sciscitatur.
456 1810 506 1867 lllc
522 1811 641 1866 honeris
652 1811 787 1884 cupidus,
801 1811 898 1867 inven-
954 1810 1102 1880 panderet,
1115 1811 1234 1880 juratus
1249 1811 1351 1865 secreti
1367 1809 1455 1865 fidem
1470 1810 1514 1863 ⁸⁷⁰.
1526 1811 1675 1866 Exercitus
1690 1811 1780 1867 intro·

66 1904 126 1954 tum
142 1899 258 1956 laudat.
270 1899 339 1955 Sese
350 1898 393 1956 sic
402 1917 488 1975 posse
498 1899 646 1972 suscipere
658 1905 813 1956 asseverat.
828 1901 844 1958 J
848 1919 896 1957 us·

67 2005 115 2043 ans
129 1982 451 2062 itaqueciregraphirm
463 1987 634 2062 bipertitum
646 1989 765 2044 notavit.
778 1990 846 2064 Regi
858 1989 897 2045 al-

68 2080 172 2143 terum,
186 2074 315 2133 alterum
331 2075 387 2133 sibi
404 2077 536 2133 servavit.

98 2166 144 2220 30.
162 2164 326 2221 Euknristia
341 2165 375 2200 ³⁶⁶
389 2182 472 2222 censa
494 2165 660 2238 perditionis
675 2165 748 2221 data.
767 2198 800 2206 —
815 2167 894 2230 Orred

68 2270 130 2309 cum
142 2252 206 2329 regi
219 2253 338 2327 penitus
349 2253 507 2321 sufficeret,
523 2255 668 2327 episeopis
678 2259 787 2319 tamen,
802 2260 831 2311 ut
843 2256 897 2310 ler-

68 2347 121 2410 lnr,
132 2360 193 2398 non
202 2343 277 2399 satis
286 2343 478 2412 idrisumest,
488 2343 542 2399 nisi
553 2342 623 2398 illud
632 2343 719 2399 etiam
730 2344 894 2413 adderetur,

12 2442 21 2465 ·
69 2429 896 2489 utinmissarumcelebrationeeutraristiamasacerdete

953 1898 1062 1954 missus
1075 1898 1175 1954 urbem
1189 1899 1346 1965 invaderet,
1357 1902 1445 1970 atque
1454 1915 1517 1955 sese
1527 1899 1778 1977 cumprimatibus

951 1986 1081 2043 collectis
1106 1987 1374 2059 comprehenderet,
1401 1987 1461 2041 vim
1486 1987 1616 2056 inferret,
1642 2003 1674 2043 ac
1695 2004 1777 2061 erga·

951 2077 1028 2133 stulo
1045 2078 1076 2111 ⁵¹¹¹
1093 2077 1270 2132 detruderet.
1288 2076 1388 2148 ltaque
1400 2076 1508 2131 tactum
1521 2076 1603 2143 toret,
1616 2080 1649 2130 ut
1659 2080 1688 2132 et
1698 2076 1778 2149 regia

951 2168 1080 2239 potestas
1095 2164 1303 2228 infirmaretur,
1319 2169 1348 2219 et
1371 2168 1474 2236 patruo
1490 2164 1583 2218 virtus
1605 2162 1776 2218 dominandi

951 2258 1130 2328 augesceret,
1147 2270 1199 2309 nec
1214 2253 1277 2325 ipse
1294 2252 1591 2308 desertorvideretur.
1602 2252 1683 2319 Quod
1696 2256 1725 2307 et
1739 2252 1779 2306 ef-

950 2344 1058 2400 lectum
1076 2343 1190 2399 habuit.

985 2433 1030 2487 3-4.
1048 2433 1080 2489 G.
1097 2438 1125 2488 et
1139 2432 1173 2487 t’.
1191 2432 1322 2500 comites,
1339 2436 1426 2503 atque
1451 2429 1524 2485 alios
1548 2429 1625 2487 viros
1641 2429 1778 2486 consula-

69 2524 205 2591 mmmet,
217 2520 524 2595 eamqueperditionis
535 2538 654 2576 cansam
667 2520 721 2576 sibi
735 2522 895 2592 imprecari·
951 2538 997 2577 res
1012 2523 1046 2556 ⁵⁷*
1060 2522 1172 2578 invitat.
1189 2521 1333 2587 Ouiddam
1345 2536 1484 2593 magnum
1497 2536 1560 2575 sese
1572 2519 1777 2575 ordinaturum

68 2609 100 2665 do
117 2626 220 2666 coram
236 2615 359 2684 optaret,
377 2609 401 2664 si
413 2609 645 2666 fidemvielando
658 2610 894 2682 unquamdeser·
951 2612 1087 2666 mandat:
1101 2612 1178 2666 unde
1194 2615 1222 2666 ct
1237 2608 1362 2666 multum
1375 2608 1416 2665 eis
1432 2608 1652 2665 maturandum.
1678 2607 1721 2664 llli
1737 2608 1777 2664 si-

68 2698 217 2755 tertiaret.
234 2698 315 2765 Quod
330 2703 359 2754 et
375 2699 484 2755 iactum
501 2698 565 2754 snit.
583 2699 655 2754 Nam
673 2699 809 2754 sacerdos
821 2698 896 2753 inter
950 2715 986 2754 ne
1002 2698 1140 2754 dilatione
1156 2699 1345 2763 advenerunt,
1363 2698 1391 2753 in
1409 2697 1549 2769 obsequio
1565 2696 1676 2752 domini
1693 2713 1778 2768 para-

67 2786 483 2858 celebrandum‚enlsnristiam
493 2786 607 2860 optulit,
615 2791 644 2842 et
652 2785 700 2842 ille
711 2803 876 2860 consequen
948 2788 1080 2843 tissimos
1096 2805 1126 2844 se
1142 2789 1387 2843 demonstrantes.
1403 2786 1543 2841 Arnullus
1558 2785 1615 2840 alia
1631 2800 1683 2857 pro
1709 2784 1776 2840 aliis

67 2881 107 2932 ter
116 2875 260 2949 sumpsit,
277 2880 365 2948 atque
380 2876 415 2931 ad
428 2875 569 2949 juditium
586 2875 642 2931 sibi
658 2876 719 2930 ficri
736 2874 856 2948 optavit,
868 2875 893 2930 si
949 2877 1033 2945 dans,
1043 2878 1120 2949 qued
1130 2894 1194 2932 vere
1206 2873 1691 2948 meliturpanitusdissimulatrtd
1702 2874 1773 2948 quid

67 2963 122 3021 nllo
146 2964 237 3021 modo
260 2964 326 3020 fidei
350 2952 473 3020 violator
496 2964 641 3021 existeret.
668 2964 749 3030 Quod
773 2964 892 3018 tandem
947 2966 1045 3038 potins
1060 2966 1202 3033 intendat,
1214 2981 1316 3021 omnes
1327 2963 1539 3038 ignorantUni
1549 2968 1666 3020 tanturn
1677 2964 1712 3020 de
1723 2980 1771 3020 cu-

65 3054 122 3127 regi
138 3057 169 3110 et
184 3054 363 3126 primatibus
379 3053 466 3110 fidem
484 3053 560 3109 tecit.
943 3056 995 3128 jus
1011 3053 1247 3110 taciturnitateet
1257 3055 1380 3110 fidenen
1391 3053 1551 3120 diffidebat,
1563 3052 1697 3110 ibtotum
1708 3069 1769 3109 ere-

95 3143 141 3200 3l.
158 3144 341 3219 Reprehensio
353 3142 387 3178 ⁵⁶⁷
402 3142 434 3199 de
454 3141 555 3199 eedem.
573 3175 606 3183 —
622 3141 777 3199 Nonnullis
789 3146 888 3197 tamen
905 3133 926 3200 C
946 3144 1034 3200 dulas
1050 3142 1207 3200 commisit.
1224 3145 1286 3210 Qua
1301 3148 1384 3199 nocte
1400 3142 1522 3199 Karolus
1537 3143 1572 3178 ⁸⁷³
1585 3142 1771 3199 intromiten-

63 3248 187 3305 querum
198 3231 512 3306 menspurgatiorcrat
523 3231 666 3288 netarium
677 3235 814 3287 etcontrn
825 3231 890 3286 ildei
945 3235 1001 3290 itus
1016 3235 1049 3269 ⁵³⁸
1064 3238 1139 3289 esset
1155 3233 1285 3303 aperuit3
1302 3238 1331 3288 et
1346 3241 1377 3288 ut
1392 3237 1461 3287 tunc
1472 3236 1624 3304 portarum
1642 3231 1737 3288 claves
1752 3248 1769 3286 a

59 3320 525 3393 insidereditumestlijusmodi
536 3319 889 3377 cnimnaturreheminem
945 3340 998 3378 siro
1015 3322 1147 3377 cervicali
1170 3320 1295 3389 tolleret,
1311 3322 1472 3394 urbemque
1497 3321 1618 3376 armatis
1632 3321 1767 3394 aperiret,

62 3424 123 3466 esse
134 3410 271 3476 aiebant,
288 3414 320 3465 ut
335 3409 419 3466 facile
434 3428 486 3484 per
500 3428 563 3466 sese
579 3413 784 3483 corrumpatur
798 3410 827 3464 in
848 3426 887 3476 sc,
939 3411 1041 3483 jussit.
1059 3412 1115 3467 Ncc
1127 3410 1220 3466 multe
1234 3416 1378 3483 postnex
1391 3410 1436 3466 cui
1448 3411 1502 3465 hec
1513 3408 1767 3480 debebaturllagi-

62 3498 189 3573 amplius
200 3515 270 3554 vero
280 3499 509 3573 impulsionibus
520 3501 554 3556 ad
565 3499 696 3573 tlagitum
708 3499 889 3554 extrinsecus
944 3501 1028 3572 tium,
1039 3500 1130 3556 alluit.
1143 3499 1266 3556 Karolus
1278 3516 1345 3555 eum
1355 3499 1480 3554 exercitu
1491 3505 1621 3570 tempore
1629 3497 1768 3570 deputato

61 3605 145 3660 posse
160 3587 304 3661 pertrahi.
321 3589 497 3645 asserebant
513 3605 628 3662 quoque
644 3605 678 3643 ex
700 3588 824 3644 decretis
837 3605 887 3659 pa·
943 3590 977 3644 ad
995 3593 1093 3661 pertas
1108 3590 1188 3645 urbis
1204 3593 1366 3644 nocturnus
1377 3588 1468 3642 attuit.
1481 3587 1604 3659 elgerus
1618 3587 1770 3659 presbyter

61 3682 149 3743 trum,
165 3683 196 3733 et
210 3679 244 3712 “⁸
260 3695 405 3734 canonum
431 3677 557 3751 scriptis,
583 3695 677 3751 neque
701 3677 826 3733 invitum
852 3679 886 3731 ad
943 3679 1030 3733 -sic
1043 3679 1119 3733 enim
1134 3678 1291 3732 vocabatur
1302 3709 1336 3716 -
1347 3678 1507 3731 introrsum
1519 3692 1586 3730 cum
1597 3675 1727 3730 clavibus
1738 3691 1769 3729 se

59 3767 250 3822 eucaristiam
263 3765 483 3840 impellendum,
496 3785 589 3841 neque
600 3767 785 3823 eucaristiam
796 3767 889 3839 perdi-

58 3855 146 3911 tionis
156 3856 394 3929 causacniqnam
403 3857 590 3925 offerendam,
602 3874 668 3912 cum
680 3855 887 3928 redemptionis

57 3945 151 4016 gratia
165 3949 197 4002 et
210 3945 382 4018 petentibus
407 3945 595 4013 offerendam,
612 3949 640 4001 ct
655 3945 754 4000 inritis
779 3962 887 4019 negan-

57 4033 123 4089 dam
138 4034 321 4091 credendum
333 4035 381 4090 sit.
397 4035 557 4109 Indignum
573 4034 661 4090 etiam
674 4033 765 4089 sideri
781 4050 885 4109 panem

58 4122 230 4197 angelorum
247 4126 276 4178 at
289 4122 444 4180 hominum
459 4129 567 4180 temere
583 4123 712 4196 indignis
727 4123 801 4189 dari,
818 4140 885 4178 cum

57 4211 121 4284 ipsa
134 4211 281 4269 Divinitas
297 4219 326 4268 ct
336 4213 505 4271 immundos
515 4212 681 4283 abhorreat,
694 4217 721 4268 ct
732 4229 821 4284 puros
830 4212 885 4267 mi·

942 3771 1113 3840 praesentem
1127 3766 1239 3820 imbuit.
1251 3767 1273 3819 A
1285 3783 1341 3837 qun
1354 3782 1419 3819 inex
1430 3769 1517 3835 portae
1528 3764 1675 3834 patefactae
1687 3767 1766 3828 sunt,

942 3855 1144 3926 exercitusque
1157 3853 1356 3907 intromissus.
1374 3852 1448 3907 Urbs
1463 3867 1580 3923 quoque
1595 3867 1612 3906 a
1628 3850 1770 3922 praedeni·

942 3944 998 3999 bus
1014 3943 1127 4015 direpta
1137 3948 1165 3998 et
1180 3941 1314 4013 spoliata.

977 4034 1022 4087 32.
1053 4032 1158 4102 Aranttl
1188 4032 1222 4065 ⁵⁷⁵
1249 4047 1413 4104 suorumque
1439 4032 1526 4102 captio
1552 4031 1595 4085 ³³¹.
1625 4061 1658 4071 -
1685 4029 1768 4086 Unde

941 4139 1008 4178 cum
1025 4121 1135 4177 clamor
1149 4137 1200 4192 per
1214 4120 1317 4175 urbem
1331 4119 1422 4188 steret,
1438 4119 1643 4192 tumultusque
1654 4119 1767 4176 discur-

940 4211 1159 4267 rentinmeives
1187 4209 1322 4265 incantos
1352 4210 1500 4281 excitaret,
1527 4207 1669 4265 Amulius
1685 4226 1766 4282 aqua

55 4318 86 4357 ra
99 4302 247 4375 parcitate
262 4302 368 4369 levent,
385 4303 470 4374 juxta
486 4301 564 4375 quod
582 4300 724 4374 scriptum
742 4306 803 4357 est:
822 4300 885 4372 Spi-
939 4301 1091 4356 turbatum
1109 4300 1234 4355 clamore
1250 4315 1313 4355 sese
1324 4297 1454 4354 simulat.
1468 4298 1500 4353 tet
1511 4298 1626 4371 fingens
1641 4303 1764 4363 metum,

53 4392 124 4446 ritas
137 4400 252 4447 sanctas
265 4391 421 4464 disciplinae
442 4391 553 4464 effepiet
565 4391 667 4463 minin,
684 4397 709 4445 ct
738 4392 842 4461 necteret
857 4407 885 4445 sc
939 4390 1045 4445 turrim
1072 4389 1156 4461 petiit
1178 4393 1266 4461 atque
1291 4387 1470 4444 conscendit.
1487 4389 1578 4453 Quem
1595 4387 1717 4460 comites
1732 4387 1766 4420 ⁶³⁶

55 4480 297 4551 ampiectlenibus
315 4497 376 4552 qne
389 4488 453 4550 seat
468 4482 529 4536 sine
553 4480 701 4547 intellectu,
717 4487 742 4535 ct
757 4481 884 4551 corripic·
900 4500 924 4566 D
939 4479 1043 4546 secuti,
1068 4484 1134 4550 post
1156 4495 1186 4534 se
1211 4478 1286 4533 ostia
1308 4477 1486 4532 obseravere.
1515 4474 1635 4530 Karalus
1660 4474 1766 4529 Arnul-

55 4576 100 4622 tnr
114 4586 132 4624 o
144 4571 354 4641 superveniente
367 4571 516 4642 iniquitate
530 4568 605 4641 (Sep.
622 4586 642 4638 1,
658 4568 695 4640 5).
712 4568 755 4623 ab
775 4568 885 4640 episce·
942 4569 1003 4623 tum
1019 4568 1191 4641 perquirens
1203 4583 1256 4622 nec
1267 4565 1424 4638 reperiens,
1436 4563 1557 4618 ubinam
1568 4562 1673 4618 lateret
1688 4579 1767 4619 scru-

57 4655 101 4728 pis
115 4674 186 4732 ergo
203 4657 362 4714 ltemerum
379 4658 528 4715 dioceseos
539 4658 694 4717 ordinatus
706 4657 842 4712 tranltus
857 4661 886 4712 et
940 4659 1066 4712 tabatur.
1084 4656 1136 4712 Cui
1152 4673 1218 4711 cum
1244 4655 1415 4726 proderetur
1439 4653 1468 4708 in
1497 4652 1587 4708 turris
1612 4653 1766 4709 cacumine

60 4745 293 4804 sacerdotalibus
307 4746 408 4803 intulis
424 4747 559 4804 decenter
584 4745 742 4820 insignitus
758 4749 812 4801 est.
829 4746 885 4802 Nec
940 4744 1040 4811 latere,
1056 4744 1130 4801 ostio
1156 4762 1222 4800 mox
1237 4743 1373 4798 custodes
1400 4741 1545 4798 adhibuit.
1571 4743 1607 4798 tlt
1626 4741 1765 4814 quoniam

59 4833 151 4890 multo
161 4840 240 4908 post,
257 4852 274 4891 a
288 4853 364 4910 papa
378 4835 508 4892 Romane
521 4835 643 4893 missum
656 4833 819 4909 apostolica
833 4852 885 4889 aa·
940 4852 993 4890 nec
1007 4835 1104 4891 cibum
1121 4850 1173 4889 nec
1188 4849 1271 4888 arrrra
1286 4836 1352 4888 ante
1368 4836 1583 4905 congesserant,
1600 4831 1705 4888 Karelo
1720 4847 1765 4886 ce·

61 4924 203 4979 ctoritatis
218 4924 342 4997 pallium
358 4926 494 4998 sumpsit.
940 4925 1024 4989 dunt,
1042 4929 1129 4996 atque
1145 4921 1246 4978 aturri
1262 4922 1372 4995 egressi
1390 4927 1470 4978 sunt.

92 5011 136 5066 32.
152 5011 232 5083 ecoe
253 5013 374 5086 amplios
395 5015 470 5087 justo
499 5013 631 5069 licentem
654 5013 788 5085 atraeque
817 5013 885 5068 dite·
975 5015 1019 5069 36.
1033 5013 1301 5086 comprehensique
1312 5018 1340 5070 et
1351 5013 1527 5070 Laudunnm
1539 5010 1767 5080 ducti,eustodi·

62 5100 184 5153 eern-
194 5098 250 5165 Qui
262 5115 329 5156 cum
340 5117 375 5156 ex
388 5104 467 5157 tanta
477 5100 620 5174 dignitate
631 5101 799 5174 procederet
813 5100 885 5156 insi·
940 5103 996 5158 bus
1011 5103 1141 5175 deputati
1157 5107 1236 5159 sunt.
1253 5101 1356 5160 liarole
1372 5104 1513 5160 redeunte
1529 5107 1557 5158 et
1567 5102 1655 5157 fidem
1671 5101 1707 5155 ab
1723 5099 1765 5156 eis

735 5272 858 5328 VARIAE
884 5272 1089 5331 LECTIONES.

97 5401 191 5458 mCir
219 5403 317 5461 atae.
339 5405 372 5442 ⁵⁸⁶
394 5405 416 5462 n
440 5405 538 5463 obses.
568 5407 648 5463 ‘⁶⁷11
676 5408 771 5464 abacis
802 5407 880 5462 'ttet
904 5407 1003 5464 etcert.
1034 5407 1350 5465 ⁵⁸⁹statnerturcoctee.
1380 5407 1414 5442 ⁵⁷⁰
1437 5409 1583 5463 secretum
1612 5404 1667 5463 hoc
1688 5423 1764 5464 nun·

103 5489 148 5529 am
174 5474 360 5548 proditurum
387 5477 486 5535 deleta
517 5479 550 5514 ¹⁷¹
566 5479 698 5535 custodie
721 5496 806 5552 separo
828 5481 917 5551 posito
945 5479 1094 5554 ergastulo
1109 5480 1201 5539 cedre.
1228 5480 1261 5516 Μ’
1278 5495 1333 5536 ,uc
1359 5479 1392 5514 ⁶⁷³
1407 5477 1551 5534 exercitus
1577 5494 1662 5553 serpen
1677 5481 1764 5554 posite

111 5546 204 5605 codes.
221 5547 255 5582 ¹³⁴
269 5549 308 5604 ito
317 5548 376 5606 cod.
387 5549 422 5586 ⁸⁷⁵
436 5550 457 5620 i,
473 5566 492 5625 p
521 5550 637 5610 atsere.
650 5551 684 5588 ⁵7⁶
696 5551 849 5609 commites
862 5551 920 5610 ced.

219 5673 588 5742 rarma.cxxxu11.-
1051 5746 1056 5754 ,
1585 5678 1604 5752 l
1685 5676 1690 5686 “
