3878 6098
109 275 181 342 917·
783 272 898 338 uisse
921 270 1149 339 AETHIOPUM.
1758 278 1819 342 ete

110 416 269 480 terrarum,
285 406 469 484 inepostelis
483 405 734 482 tuiscongregata
748 408 979 477 [tuttelstet
1029 409 1165 466 diaconas
1190 411 1290 468 circuit
1318 411 1460 470 ecclesiam
1483 410 1626 470 clamando
1655 430 1664 470 r
1691 413 1817 489 surgito,

110 502 247 569 Domina,
272 498 343 573 qnia
371 497 498 555 mlatem
525 501 658 554 sanctam
684 499 886 575 deprecamur.
915 498 939 554 o
994 498 1092 555 audite
1105 498 1294 573 Evangelium
1309 506 1446 559 sanctum
1461 505 1489 559 et
1502 501 1818 560 bonamannuntiatio-

108 592 211 666 Virgo,
228 591 321 647 ldater
334 587 386 644 Dei
400 591 429 643 ct
450 585 567 654 Christi,
585 587 709 642 inomni
726 591 857 659 tempore
870 585 940 643 oller
995 605 1062 645 nem
1077 588 1190 645 Domini
1207 590 1350 659 nostri,et
1358 591 1515 648 salvatoris
1523 592 1693 649 nestritesu
1702 590 1820 650 Christi.

108 696 233 741 sunum
248 683 276 735 et
291 677 320 735 in
336 676 431 734 altum
446 676 608 732 orationem
624 678 755 731 nostram
772 676 849 747 apud
866 673 939 731 elee-
1029 680 1136 744 Postea,
1165 677 1305 751 coadjutor
1330 681 1431 753 accipit
1455 681 1627 737 thuribulam
1652 684 1679 737 tt
1703 682 1822 753 porrigit

108 769 230 829 teaEilii
244 767 298 835 tui,
315 772 349 822 ut
370 765 805 837 remittanturpeccatanostra.
819 765 939 834 Laetare,
993 767 1134 833 sacerdoti,
1162 769 1210 839 qai
1233 776 1275 824 ter
1303 771 1437 837 incenset,
1458 769 1616 843 accipiendo
1641 756 1829 840 Eeanoctisrs'

108 859 246 926 Domina,
264 856 335 929 quia
349 854 489 928 peperisti
505 854 592 910 nobis
601 852 700 911 lumen
714 869 828 921 verum,
839 853 941 910 desum
994 870 1061 926 erpa
1073 856 1216 929 populum,
1231 864 1258 913 ct
1270 856 1337 913 dicit
1351 875 1361 913 .·
1811 848 1826 863 ”

107 948 270 1012 Christum,
286 943 445 1001 Dominum
456 947 600 999 nocuum.
618 942 674 999 Ora
688 959 741 1015 pro
761 942 847 999 nobis
862 942 940 1013 apud
1031 944 1156 1017 lingnus
1169 945 1256 1012 Deus,
1272 944 1394 1002 benedic
1409 951 1424 1012 †
1442 963 1506 1014 nos,
1523 950 1552 1005 et
1567 946 1708 1020 populum
1719 946 1822 1005 'chris-

108 1040 227 1105 enm‚ut
241 1034 416 1091 misereatur
429 1032 533 1088 anima
544 1036 649 1088 nostra
662 1049 669 1100 ;
683 1048 734 1089 era
744 1048 796 1104 pro
811 1030 935 1087 nobisin
995 1033 1119 1101 danum,
1137 1037 1166 1089 et
1182 1034 1226 1090 iac
1247 1034 1399 1104 introitum
1425 1040 1558 1092 nostrum
1582 1035 1612 1091 in
1628 1035 1751 1093 eeclesia
1770 1040 1823 1093 tua

107 1130 270 1200 conspeetu
288 1123 387 1178 throni
403 1120 467 1178 Filii
481 1121 608 1190 tui‚Jeeu
618 1120 860 1187 Christibetare,
878 1120 934 1176 lm·
997 1126 1108 1190 sancta,
1126 1141 1185 1180 una
1200 1140 1267 1179 cnm
1282 1124 1394 1197 angelis
1409 1125 1520 1182 sanctis
1539 1124 1589 1198 qul
1605 1124 1736 1182 semlant
1751 1126 1820 1194 Dee,

107 1214 270 1280 maculata,
284 1222 350 1270 sere
373 1211 493 1285 Regina.
509 1212 629 1277 Laetare,
645 1209 744 1265 Gloria
767 1213 935 1265 nostrorum
996 1215 1025 1266 ct
1038 1210 1161 1268 laudant
1174 1228 1241 1268 eum
1256 1213 1488 1287 omnitempore,
1513 1215 1542 1270 in
1568 1213 1675 1272 secula
1698 1212 1825 1272 seculo-

110 1296 942 1380 matum,quiapeperistinobisEmmanuelemovera

108 1392 269 1451 mediatrix
280 1392 348 1447 nate
356 1386 515 1445 Dominum
526 1390 660 1444 uestrum
670 1387 769 1442 lesum
780 1385 940 1452 Christum,

109 1488 136 1540 te
151 1479 302 1554 supplices
316 1494 472 1535 exeramus
485 1481 519 1533 nt
533 1492 647 1533 memor
658 1476 701 1532 sis
715 1475 880 1533 nostri0ra
890 1489 943 1547 pro

108 1571 199 1629 robis
214 1574 248 1626 ut
260 1566 414 1625 deleantur
427 1566 599 1638 iniquitates
613 1570 732 1622 nostre.

146 1658 299 1731 coadjutor
310 1655 444 1723 sacerdes,
460 1663 608 1728 semaam
632 1655 762 1724 tepenter
781 1653 848 1709 dcto
863 1667 941 1724 apos-

109 1751 251 1809 totorum:
266 1747 326 1802 lloc
337 1748 385 1801 est
398 1761 473 1817 opus
487 1747 516 1800 et
531 1743 610 1800 dicta
624 1747 792 1800 nestrorum
807 1743 939 1808 Petrum,

110 1837 311 1913 apostolerum
325 1837 496 1890 sanctorum
511 1837 541 1889 ot
557 1830 825 1888 immaculatorum.
841 1829 941 1886 Gratia

109 1926 240 2002 Spiritus
253 1922 359 1992 sancti,
384 1927 413 1978 ct
436 1921 637 1978 misericordia
662 1920 829 1992 duplicetur
853 1933 942 1990 super

111 2033 178 2087 aee,
193 2017 222 2071 et
237 2029 339 2071 omnes
350 2009 542 2068 Christianae.
555 2011 658 2065 Amen.

145 2108 245 2163 Postea
268 2103 371 2172 kedar
401 2116 437 2157 cc
467 2101 539 2156 Actis
571 2098 764 2171 apostoloram,
792 2095 943 2152 secandam

108 2195 186 2252 dicia
198 2198 377 2249 acaronem.
393 2190 488 2247 Finita
503 2189 626 2254 lecticae,
643 2187 787 2260 mandor:

147 2281 246 2338 Verba
260 2278 376 2337 Domini
402 2295 521 2351 magua,
546 2276 741 2350 multiplicata
764 2274 794 2330 in
814 2273 944 2331 Ecclesia

111 2376 229 2436 sancta,
245 2368 369 2443 populos
384 2367 535 2424 credentes
545 2365 851 2423 inDemiuuchsum
861 2362 943 2419 Chri-

110 2469 197 2520 stum
211 2457 491 2532 multiplicaverunt,
509 2454 556 2513 dui
577 2455 670 2529 gloria
683 2455 713 2510 in
729 2452 836 2511 secula
851 2468 943 2509 sacu-

109 2551 224 2609 lorum.

147 2639 271 2712 Papulas
283 2635 425 2710 respondet
440 2653 448 2690 t
464 2636 567 2690 Amen.

147 2731 244 2785 Postea
256 2727 382 2799 namur
399 2727 557 2791 :Sanctus
581 2726 712 2793 sauctus,
735 2726 866 2788 sanctus,
884 2720 942 2776 De-

110 2818 217 2876 miaus
232 2816 315 2872 Pater
324 2814 663 2886 omnipotemssanctus,
675 2813 941 2880 sanctuasanctus,

110 2907 222 2966 unicus
236 2905 322 2961 lesus
336 2902 471 2960 Christus
486 2901 587 2967 Filius,
603 2901 732 2957 Verbum
748 2899 852 2956 Patris.
867 2903 943 2954 Sau-

110 3000 193 3064 ctns,
221 2997 352 3060 mactus,
377 2994 510 3058 sanctus,
536 2990 663 3062 Spiritus
691 2993 820 3056 sanctus,
845 2987 942 3044 sciens

111 3083 227 3144 omnis.

151 3175 229 3232 Dr'cit
242 3172 372 3229 diaconas
388 3188 395 3226 :
410 3170 527 3242 Surgite
541 3169 571 3225 in
587 3168 759 3226 orationem.

148 3261 272 3335 Papulas
288 3278 295 3316 τ
311 3259 444 3327 Domine,
461 3259 599 3315 miserere
614 3258 710 3314 nobis.

148 3349 281 3410 Sacerdos
297 3347 481 3407 :Patrobio

149 3440 275 3514 reputas
289 3457 297 3496 t
313 3438 347 3495 Et
362 3452 429 3495 cum
444 3436 550 3511 spiritu
566 3441 627 3493 tue.

149 3528 286 3588 Sacerdos
301 3546 308 3583 ε
323 3528 455 3594 nemine,
478 3526 555 3583 Deus
585 3529 695 3590 noster,
719 3525 787 3580 lesu
816 3522 942 3587 Christe,

112 3621 166 3695 qui
183 3615 284 3675 dixisti
305 3615 460 3689 discipulis
483 3615 543 3670 tuis
554 3613 666 3671 sanctis
681 3617 709 3669 et
723 3611 822 3669 electis
839 3610 944 3667 :Multi

112 3707 265 3785 propheto
281 3708 310 3762 et
330 3705 405 3776 justi
430 3703 670 3761 desideraverunt
692 3701 789 3757 videre
814 3717 878 3773 que
893 3715 944 3755 vos

113 3797 234 3863 videtis,
250 3798 280 3851 ct
293 3793 395 3850 audire
411 3809 475 3865 qua
491 3790 610 3859 auditis,
626 3793 655 3847 et
669 3807 727 3846 non
743 3789 878 3845 viderunt
893 3804 942 3842 uc·

114 3902 176 3960 que
190 3882 410 3950 audieruut‚sad
426 3881 502 3937 beati
512 3879 588 3937 oculi
599 3879 687 3935 vestri
698 3881 727 3934 et
736 3893 823 3934 aures
831 3881 943 3944 vestre,

114 3975 250 4031 ridentes
265 3974 294 4028 et
308 3970 480 4037 audientes;
496 3967 538 4025 sie
548 3984 601 4024 noe
622 3968 666 4024 iac
679 3967 786 4041 dignes
800 3964 946 4021 audirent

115 4064 214 4121 lacere
228 4061 317 4117 verba
331 4057 477 4133 Evangelii
499 4057 541 4114 tui
557 4057 661 4124 sancti,
686 4073 738 4129 per
756 4054 902 4112 orationes
917 4057 946 4110 ct

116 4167 221 4228 preces
233 4154 402 4207 sanctorum
417 4151 547 4204 tuorum.

154 4240 294 4297 Diaconss
308 4239 378 4294 dicit
392 4255 399 4306 ;
415 4237 512 4294 Orate.

152 4329 285 4402 Sensim
307 4326 431 4385 sacerdos
456 4342 464 4381 ε
491 4325 637 4382 Memento
664 4322 782 4388 iterum,
812 4321 945 4388 Domine,

116 4420 275 4477 verberum
290 4420 419 4483 tucrum,
435 4431 488 4488 pro
503 4413 562 4470 illie
577 4413 627 4486 qui
643 4429 674 4468 sc
697 4411 881 4468 orationibus
897 4428 947 4467 no-

996 1316 1073 1357 rum.
1089 1302 1192 1357 Amen.

1030 1390 1160 1447 Sacerdos
1174 1393 1325 1448 anaanttat
1337 1391 1531 1463 Euangeliou,
1546 1394 1585 1449 sic
1600 1392 1737 1450 cantando
1752 1408 1759 1448 :

1032 1483 1170 1535 Sanctum
1205 1479 1406 1554 Evangelium‚
1432 1481 1510 1553 qaod
1538 1481 1722 1538 annuntiavit
1749 1484 1822 1540 last·

996 1567 1100 1635 theos,
1116 1567 1159 1623 vel
1176 1568 1302 1636 ldarcus,
1321 1567 1365 1625 sel
1381 1569 1485 1635 Lucas,
1502 1568 1546 1625 sel
1559 1568 1696 1627 ioannes.

1032 1659 1160 1714 Ministri
1174 1658 1325 1714 accendant
1351 1659 1467 1726 tamisia,
1484 1666 1509 1715 ct
1521 1666 1683 1732 preparant
1702 1661 1761 1717 otia
1774 1676 1822 1717 nc·

996 1748 1124 1815 cessaria,
1140 1746 1318 1827 ctdicaats.
1403 1746 1422 1783 a

1031 1835 1129 1891 Gloria
1143 1834 1268 1905 Christo,
1284 1840 1314 1892 et
1328 1835 1451 1893 Domino
1467 1840 1577 1905 nostro,
1594 1841 1622 1894 ct
1646 1838 1704 1894 Deo
1723 1842 1823 1896 nostre

996 1940 1131 1996 semper;
1147 1923 1291 1982 exsultate
1306 1925 1337 1981 in
1361 1924 1496 1993 Domino,
1520 1926 1570 1998 qui
1596 1926 1755 1983 auxiliatur
1769 1945 1823 1984 ne·

996 2013 1051 2081 bis,
1068 2015 1097 2069 et
1111 2013 1229 2086 psallite
1250 2015 1308 2071 Deo
1322 2014 1424 2080 laceb,
1448 2012 1570 2087 accipite
1595 2014 1767 2088 psalterium
1791 2016 1821 2071 in

996 2102 1125 2175 cythare,
1139 2113 1188 2160 etc.
1840 2150 1846 2161 .

1030 2192 1160 2249 Sacerdos
1184 2193 1242 2249 atta
1261 2202 1326 2250 'cecc
1347 2193 1414 2262 lecit
1441 2193 1622 2266 Eeanpcttum
1639 2192 1705 2251 diei.
1730 2189 1824 2253 iliaco·

996 2297 1058 2349 nus,
1074 2282 1155 2353 finito
1166 2282 1324 2352 Evangelio,
1339 2281 1429 2338 dicit.-

1032 2371 1113 2426 Exite
1129 2372 1216 2436 sonas,
1233 2371 1283 2444 qui
1309 2388 1367 2427 nen
1386 2369 1476 2427 vultis
1502 2370 1633 2445 accipere
1658 2380 1824 2429 sacramen-

996 2464 1070 2527 tum‚
1087 2458 1148 2516 sive
1163 2459 1387 2517 Eucharistiam.
1402 2461 1444 2516 lte
1458 2460 1672 2516 catechumeni.
1890 2520 1893 2525 ,

1032 2549 1153 2606 ittaistrt
1175 2548 1293 2606 dicarat:
1314 2549 1348 2605 Et
1378 2548 1430 2618 illi,
1455 2548 1602 2606 Cherubin
1628 2552 1657 2606 et
1685 2548 1826 2624 Seraphin

997 2639 1121 2695 reddant
1149 2634 1272 2712 gloriam
1290 2642 1443 2705 :Sanctus
1473 2642 1605 2705 sanctus,
1635 2643 1767 2707 sanetus,
1794 2642 1827 2698 rt

997 2731 1117 2784 sanctus
1141 2727 1341 2801 Omnipotens.
1360 2727 1441 2783 Pleni
1457 2731 1528 2783 sunt
1542 2727 1607 2783 coeli
1620 2730 1650 2783 et
1663 2732 1741 2784 terra
1765 2727 1825 2802 glo-

996 2817 1045 2873 rie
1060 2821 1089 2873 et
1102 2815 1267 2873 sanctitatis
1281 2819 1346 2871 tue.
1370 2815 1535 2873 ideramus
1558 2818 1597 2885 te,
1611 2815 1737 2885 Christe,
1754 2830 1822 2873 cem
1874 2862 1880 2873 .

995 2905 1080 2963 Patre
1095 2910 1144 2962 tuo
1160 2905 1281 2979 optimo,
1291 2909 1320 2962 et
1340 2904 1537 2973 misericorde,
1553 2908 1583 2962 et
1594 2904 1703 2978 Spiritu
1718 2907 1820 2962 sancte

994 2994 1074 3050 vitali
1089 2999 1141 3062 ;ut
1156 2994 1261 3051 uenisti
1275 2997 1305 3050 et
1318 2992 1449 3050 liberasti
1465 2982 1529 3050 nod.

1032 3085 1169 3140 Diaconos
1183 3083 1251 3139 dicit
1267 3101 1274 3138 ε
1290 3081 1404 3156 surgite
1418 3082 1449 3137 in
1465 3080 1637 3139 orationem.

954 3154 976 3221 G
1030 3172 1151 3245 Papulae
1166 3189 1174 3228 t
1190 3171 1321 3237 Domine,
1338 3171 1476 3228 miserere
1490 3171 1594 3229 aedri.

1032 3261 1161 3318 Sacerdos
1177 3278 1183 3317 :
1200 3262 1258 3317 Pax
1271 3259 1364 3317 vobis.

1032 3351 1155 3423 Populus
1171 3368 1179 3406 :
1195 3349 1229 3405 Et
1243 3366 1310 3405 cum
1327 3347 1433 3421 spiritu
1448 3351 1510 3405 tuo.

1032 3441 1168 3497 diaconas
1182 3438 1249 3494 dicit
1266 3455 1273 3494 ε
1288 3438 1403 3511 Surgite
1416 3438 1453 3493 ad
1468 3436 1639 3494 orationem.
1726 3456 1730 3465 ·

1033 3528 1162 3585 Sacerdos
1177 3527 1245 3583 dicit
1262 3545 1268 3583 :
1286 3527 1344 3582 Pax
1365 3525 1503 3582 omnibus
1530 3525 1623 3582 vebia.
1653 3524 1689 3582 Et
1714 3524 1822 3582 iterum

998 3632 1136 3690 rogemus
1164 3615 1393 3687 omnipotentem
1418 3617 1509 3669 Deum
1533 3612 1648 3670 Patrem
1668 3613 1825 3670 Dominiet

998 3705 1047 3761 Dei
1064 3723 1097 3761 ae
1112 3703 1269 3761 salvatoris
1291 3702 1383 3759 nostri
1397 3701 1468 3759 lesu
1491 3701 1610 3758 Christi.
1626 3702 1774 3775 {tammus
1795 3705 1825 3757 et

997 3794 1125 3869 petimus
1141 3809 1158 3849 a
1172 3793 1303 3848 bonitate
1317 3796 1377 3858 tua,
1389 3808 1407 3847 o
1421 3795 1535 3847 amator
1545 3791 1700 3847 hominum
1713 3808 1720 3859 ;
1732 3806 1826 3848 recor-

998 3885 1077 3951 dere,
1094 3881 1225 3947 Domine,
1252 3879 1332 3953 pacis
1353 3878 1483 3936 Ecclesia
1498 3884 1605 3936 saneta
1619 3879 1649 3936 ia
1665 3896 1757 3937 unum
1773 3894 1826 3953 per

998 3971 1108 4045 apostol
1113 3987 1145 4027 es
1156 3973 1347 4042 congregatae.

1033 4061 1170 4117 Diaconos
1184 4058 1252 4115 dicit
1267 4076 1273 4114 :
1291 4058 1376 4114 Orate
1391 4073 1443 4130 pro
1459 4057 1514 4114 hae
1529 4057 1658 4114 Ecclesia
1671 4061 1783 4127 sanem,
1794 4057 1825 4115 in

999 4165 1091 4206 unum
1107 4165 1160 4222 per
1174 4146 1322 4219 apostoles
1336 4149 1603 4220 congregatorem
1619 4148 1649 4203 in
1671 4147 1806 4205 nomino.

1033 4238 1155 4310 Populus
1176 4237 1266 4293 dicit:
1283 4236 1416 4299 Domine,
1442 4237 1519 4293 Esus
1543 4240 1653 4303 noster,
1678 4236 1716 4293 de
1741 4234 1827 4294 uobis

999 4342 1101 4402 pacem
1114 4344 1120 4394 ;
1134 4325 1266 4393 Domine,
1293 4329 1370 4384 Deus
1395 4331 1504 4393 noster,
1531 4325 1676 4383 danobis
1701 4340 1824 4398 pacem:

999 4415 1123 4481 Christe,
1139 4430 1189 4470 rex
1204 4418 1312 4482 noster,
1328 4414 1467 4471 miserere
1480 4408 1576 4469 uobis.

118 4508 189 4566 stris
203 4504 493 4569 commendaverunt,
506 4502 625 4575 quando
648 4518 768 4558 oramus
783 4501 819 4556 ad
839 4505 878 4567 te,
895 4501 986 4588 lien
1037 4503 1167 4561 Sacerdos
1181 4502 1273 4559 dicit:

118 4584 289 4655 miaelleue
298 4595 558 4661 noeter‚memeeto
567 4590 818 4657 dormientium‚et
827 4589 856 4645 in
867 4594 947 4645 recta

118 4684 205 4743 tidele
220 4681 454 4758 quiescentium
471 4679 943 4745 etconcedeintlrmiesenitatem‚

118 4774 190 4848 quia
204 4777 237 4828 tu
252 4787 285 4829 es
298 4771 367 4838 vite,
383 4787 461 4844 spes,
477 4769 625 4836 liberator,
640 4773 670 4824 et
695 4767 868 4825 resurrectio
883 4783 946 4824 em-

119 4863 205 4921 nium
218 4878 227 4930 ;
241 4860 295 4917 tibi
309 4859 420 4935 gratias
434 4859 589 4916 referimus
602 4858 633 4914 in
648 4862 800 4924 eternum,
810 4861 839 4913 et
852 4855 882 4913 in
897 4873 948 4912 sa·

119 4951 187 5010 cula
202 4949 387 5009 seculorum.
403 4951 507 5005 Amen.

155 5041 294 5097 dinem
308 5040 447 5111 recipiens
461 5054 578 5107 cruceni,
594 5036 662 5093 dicit
677 5056 686 5092 .·

155 5132 245 5187 Orate
259 5131 292 5183 nt
303 5127 386 5201 digni
400 5126 568 5184 efficiamini
584 5125 685 5182 audire
699 5125 897 5199 Evangelium.

156 5222 255 5275 Postea
267 5225 381 5273 cantat:
397 5215 568 5273 benedicam
593 5215 717 5271 Domino
731 5215 761 5270 in
776 5215 856 5271 omni
872 5218 949 5270 tem·

122 5324 202 5382 pere,
220 5321 338 5379 semper
351 5304 417 5361 laus
431 5306 495 5377 ejus
510 5305 540 5360 in
555 5320 604 5360 ore
617 5320 693 5360 meo.
710 5304 740 5360 ln
757 5304 879 5359 Domino
890 5302 952 5359 lau·

122 5396 244 5453 dabitur
258 5393 359 5450 anima
372 5408 449 5460 mee,
465 5401 515 5449 etc.

156 5483 289 5541 Sacerdos
310 5481 382 5538 idem
408 5481 494 5549 deur
514 5482 635 5554 Papulas
658 5490 698 5538 tcr
720 5482 793 5537 idem
815 5481 881 5537 dicit
902 5490 951 5538 :ct

122 5576 153 5630 isc
167 5575 268 5630 ultimo
283 5588 363 5629 occsa
372 5586 478 5643 senspcr
492 5570 603 5639 dicitur,
619 5568 752 5626 Alleluia.

1036 4595 1106 4650 llam
1117 4608 1181 4664 que
1196 4591 1283 4648 luite
1299 4590 1483 4664 principiani
1497 4588 1553 4646 erit
1576 4604 1670 4663 usque
1691 4589 1720 4646 in
1737 4590 1826 4646 tinem

1000 4680 1109 4748 saeculi,
1126 4695 1229 4736 omnes
1254 4678 1386 4751 populos,
1403 4683 1432 4734 et
1454 4694 1557 4734 omnes
1572 4692 1675 4752 greges
1694 4676 1826 4736 benedic.

1000 4772 1104 4828 Pacem
1120 4769 1156 4824 de
1171 4765 1242 4824 cole
1257 4765 1340 4823 mitte
1350 4782 1439 4840 super
1451 4783 1554 4824 omnes
1565 4766 1679 4825 animae
1691 4772 1826 4836 nestrasr

1001 4874 1102 4932 pacem
1115 4856 1182 4912 sito
1199 4859 1305 4911 nostre
1320 4852 1457 4912 danobis
1472 4872 1524 4929 per
1544 4855 1640 4930 ipsam
1655 4855 1825 4913 Ecclesiam.

1002 4948 1053 5014 Da,
1084 4945 1215 5010 Domine,
1245 4959 1346 5015 pacem
1375 4945 1437 5018 regi
1465 4950 1566 5002 nostro
1591 4946 1637 5012 N„
1667 4948 1697 5001 et
1719 4928 1827 5019 priiici·

1003 5036 1090 5108 pibus
1104 5034 1179 5105 ejas,
1196 5049 1230 5087 ac
1247 5031 1399 5103 judicibus
1414 5035 1488 5106 ejua
1504 5037 1534 5090 et
1559 5032 1685 5089 subditis
1708 5033 1784 5104 ejus,
1800 5034 1829 5088 et

1004 5125 1080 5181 circa
1096 5138 1151 5178 nes
1165 5119 1359 5195 congregatis,
1368 5124 1429 5178 tam
1443 5126 1526 5179 extra
1537 5138 1627 5196 quam
1642 5121 1721 5177 intra
1732 5118 1828 5177 Eccle-

1005 5215 1088 5272 siam.
1106 5213 1184 5268 Onna
1199 5226 1248 5266 cos
1272 5210 1352 5266 omni
1376 5227 1481 5284 genere
1495 5210 1649 5285 pacis‚ltex
1662 5208 1763 5282 pscis3
1778 5224 1829 5281 pa-

1005 5321 1066 5360 oem
1083 5302 1120 5357 da
1136 5299 1230 5363 nobie,
1246 5299 1385 5370 quoniam
1402 5298 1502 5355 emnia
1515 5296 1622 5355 dedisti
1644 5292 1749 5364 nobis3
1765 5310 1832 5353 cen-

1006 5407 1088 5448 sorve
1103 5405 1167 5456 nos,
1185 5387 1324 5453 Domine;
1341 5385 1479 5459 quoniam
1506 5390 1613 5459 prater
1634 5388 1663 5441 te
1682 5383 1831 5440 neminem

1006 5477 1210 5551 cognoscimus
1227 5478 1588 5531 :nomensnnctumtuum
1605 5471 1793 5529 nominamus
1803 5475 1833 5529 ct

1007 5569 1189 5633 invocamus,
1205 5568 1238 5620 ut
1251 5564 1327 5619 vivat
1338 5563 1437 5620 anima
1451 5566 1551 5620 nostra
1566 5563 1594 5619 in
1609 5561 1719 5636 Spiritu
1730 5565 1831 5619 sancte
