3878 6098
162 283 221 346 363
596 277 764 345 Apesas.
788 285 840 345 AD
863 280 956 346 SAEC.
980 276 1015 340 Χ.
1033 313 1072 321 -
1086 273 1215 339 OPERA
1239 274 1433 326 temporina.
1820 274 1880 335 stt

163 421 283 493 garant,
313 420 341 472 et
370 432 422 488 pro
451 416 516 488 ejus
546 417 747 474 concessionis
777 416 929 488 repensiva
958 414 994 469 de
1008 415 1034 481 Α
1051 415 1116 469 sent
1131 410 1287 478 curricula,
1304 411 1490 484 interipsum
1506 409 1716 483 episeopumat
1731 407 1881 465 loannem

165 524 312 563 consensu
329 505 375 562 sui
391 505 510 578 capituli
534 506 706 563 servitutem
729 524 835 562 uranus
862 511 994 568 mortua,
1050 500 1244 567 deCabilone,
1270 499 1404 556 comitem
1424 499 1721 564 Antissiodorensem,
1745 503 1812 554 orta
1837 506 1883 554 est

167 595 252 651 linea
281 595 404 650 humani
435 594 550 666 generis
579 594 759 659 inhumana,
791 596 826 650 de
854 593 916 648 loco
945 590 995 646 illo
1050 589 1171 663 grandis
1199 589 1370 656 dissenssio,
1400 587 1602 661 proterviaque
1624 587 1743 644 comitis
1764 587 1881 643 erebre-

166 684 296 741 totaliter
320 683 473 751 abdicavit,
490 686 519 738 et
544 682 657 738 talliam
677 683 845 755 praedictam
864 682 996 738 volunta-

167 773 244 830 riam
273 775 309 829 ad
333 772 420 829 octies
439 771 541 844 viginti
571 771 663 827 libras
692 773 875 827 Turonenses
905 770 995 826 annui

168 863 301 919 redditus
330 860 505 927 coarctavit;
521 864 725 915 verumtamen
750 861 780 915 in
809 860 997 915 concessione

167 950 255 1008 dicta
283 950 400 1006 decima
426 948 608 1021 episcopales
636 948 769 1004 redditus
800 949 828 1004 in
859 948 996 1004 trecentis

167 1038 255 1096 libris
270 1037 489 1094 'turonensibus
505 1037 732 1102 redditualibus,
748 1043 777 1093 et
789 1037 918 1110 amplius
929 1054 997 1109 aug-

169 1126 321 1184 mentavit.

206 1215 307 1270 ltema
332 1214 480 1270 nobilibus
503 1215 573 1271 vicis
593 1215 700 1272 Milone
727 1217 762 1272 de
786 1214 997 1282 Antissiodoro,

169 1308 199 1360 et
223 1303 335 1360 Joanne
363 1305 428 1375 ejas
457 1304 545 1360 tratre
576 1303 721 1360 militibus
751 1305 883 1371 turnum,
908 1304 998 1375 justi-

169 1391 254 1458 tiam,
284 1396 311 1448 et
339 1391 438 1464 plures
467 1408 514 1448 res
539 1392 613 1449 alias
644 1410 718 1465 quas
747 1393 894 1449 habebant
921 1393 999 1464 apud

171 1480 345 1555 pradictum
369 1480 614 1553 Appoigniacum,
640 1481 830 1552 comparavit,
846 1485 874 1536 et
901 1481 929 1535 in
946 1480 1000 1535 hoc

173 1568 353 1641 episcopales
379 1569 512 1624 redditus
536 1569 567 1623 in
591 1573 694 1640 quater
718 1569 817 1641 viginti
844 1569 927 1625 libris
943 1570 1000 1624 Tu-

1051 682 1160 745 scente,
1188 679 1259 733 dum
1285 677 1380 733 dictus
1400 693 1498 733 comes
1517 677 1586 748 jura
1613 674 1883 733 Autissiodorensis

1051 766 1185 824 llcclesiae
1211 767 1319 823 violare
1348 771 1376 822 et
1406 766 1542 821 invadere
1570 772 1738 836 conaretur,
1768 765 1882 821 dictum

1052 855 1200 925 comitem,
1227 861 1257 911 et
1283 857 1347 927 ejus
1377 871 1496 911 uxorem
1526 855 1610 911 ferire
1639 871 1782 910 mucrone
1813 871 1882 910 ana·

1053 945 1192 1001 thematis
1208 961 1266 1001 non
1283 944 1417 1018 neglexit.
1435 945 1471 1000 nt
1485 944 1556 1000 dum
1572 961 1669 1000 comcs
1683 949 1713 1000 et
1728 944 1795 1016 ejus
1812 959 1884 998 nxor

1052 1034 1082 1089 in
1098 1051 1152 1090 sua
1168 1033 1280 1089 malitia
1290 1034 1527 1106 perdurarent,ut
1542 1033 1621 1105 ipsos
1637 1032 1733 1105 magis
1748 1031 1884 1088 ecclesia·

1053 1123 1127 1178 stica
1142 1123 1282 1178 severitas
1297 1127 1450 1190 coerceret,
1477 1120 1623 1177 civitatem
1644 1121 1884 1177 Antissiodoren·

1054 1228 1127 1283 sem,
1144 1211 1297 1279 suburbia,
1325 1214 1474 1283 totamque
1501 1215 1619 1277 terram,
1641 1227 1733 1282 quam
1758 1209 1885 1265 habebat

1054 1300 1150 1356 dictus
1166 1317 1263 1356 comes
1277 1301 1306 1356 in
1320 1300 1462 1356 comitatu
1477 1300 1737 1366 Autissiodorensi,
1756 1297 1885 1373 generali

1055 1389 1213 1462 supposuit
1227 1388 1393 1445 interdicto.
1419 1390 1455 1444 Et
1477 1389 1549 1444 dum
1572 1388 1667 1445 dictus
1692 1405 1794 1444 comes
1820 1386 1885 1443 sacti

1055 1478 1101 1533 sui
1128 1476 1270 1533 malitiam
1296 1478 1437 1533 niteretur
1461 1476 1665 1551 appellationis
1692 1477 1885 1533 remediocu·

1056 1566 1236 1639 lur·are,ipse
1255 1566 1368 1638 jurium
1393 1566 1521 1622 ecclesia
1545 1583 1604 1622 suae
1625 1566 1791 1638 acquisitor
1805 1566 1885 1621 inde-

175 1656 351 1713 ronensibus
367 1657 583 1712 redditualibus
597 1657 755 1730 ampliavit.
768 1658 839 1713 ltem
857 1658 943 1713 insui
957 1658 1001 1713 ul·
1057 1655 1163 1721 lessus,
1190 1672 1242 1727 pro
1267 1656 1359 1728 ipsias
1385 1655 1514 1711 ecclesia
1538 1655 1656 1727 juribus
1680 1655 1774 1710 vitam
1801 1671 1885 1710 suam

175 1746 249 1800 tima
277 1745 426 1800 voluntate
465 1763 554 1818 super
585 1746 732 1818 praedietis
762 1747 924 1819 acquisitis,
940 1765 1003 1820 qua
1058 1743 1197 1818 periculis
1223 1761 1365 1817 exponere
1392 1762 1449 1800 non
1476 1744 1638 1800 formidans
1663 1761 1715 1817 pro
1736 1744 1887 1816 dictisjo-

177 1833 286 1890 tecerat
300 1835 377 1906 apud
392 1835 626 1906 Appoigniacum
642 1834 719 1889 ultro
734 1836 887 1908 praedictas
902 1841 1006 1908 quater
1059 1833 1142 1889 ribus
1159 1833 1348 1889 defendendis
1374 1833 1410 1888 ad
1435 1834 1598 1889 Romanam
1619 1833 1732 1888 curiam
1750 1850 1782 1888 se
1796 1838 1889 1888 trans

175 1921 279 1995 viginti
296 1922 386 1977 libras
401 1921 590 1989 reddituales,
607 1922 732 1979 contulit
757 1923 885 1980 ecclesiia
900 1926 928 1980 lt.
946 1925 1006 1980 Ste-
1060 1922 1211 1977 serendum
1226 1921 1322 1978 studio
1347 1923 1399 1993 pia
1425 1921 1644 1978 deliberationis
1659 1920 1760 1993 elegit.
1775 1922 1811 1976 Et
1825 1920 1890 1977 licet

175 2010 266 2085 phani
282 2009 487 2089 vigintilibras
502 2010 688 2067 'turonenses
704 2013 795 2068 annui
812 2013 942 2069 redditus
958 2013 1005 2070 die
1059 2010 1089 2064 in
1113 2010 1251 2083 predicto
1280 2011 1396 2083 negotio
1423 2010 1547 2067 viriliter
1575 2028 1607 2067 se
1634 2009 1769 2076 haberet,
1798 2014 1891 2065 morto

175 2099 221 2156 sui
237 2099 427 2155 anniversarii
445 2099 626 2155 dividendas.
643 2105 715 2157 Item
732 2101 937 2159 scholastriam
956 2103 1004 2158 Ec·
1059 2103 1158 2156 tamen
1183 2104 1345 2173 praeventus
1369 2098 1441 2155 illud
1466 2099 1548 2155 finali
1574 2099 1688 2155 ellectui
1720 2098 1891 2155 nullatenus

176 2186 270 2243 olesiae
291 2186 555 2242 Autissiodorensis
581 2189 617 2244 de
645 2190 733 2245 rebus
761 2189 946 2262 episcopatus
975 2192 1005 2246 in
1061 2188 1246 2261 mancipavit.
1262 2188 1349 2244 lllum
1376 2188 1635 2261 siquidem,cujus
1655 2188 1831 2245 odor-tamar
1848 2205 1889 2244 ne·

176 2276 277 2332 decem
292 2275 377 2333 libris
389 2277 612 2333 Turonensibus
623 2278 1004 2353 redditualibnsampliavit;
1060 2276 1163 2334 dolens
1173 2278 1237 2348 jam
1253 2294 1311 2332 non
1327 2277 1421 2333 solum
1438 2279 1467 2333 in
1483 2279 1661 2335 Francorum
1678 2279 1800 2351 regione
1811 2294 1892 2333 ama-

178 2363 322 2436 ampliora
339 2365 415 2420 bona
429 2366 689 2437 sperabatardenti
707 2368 850 2425 desiderio
866 2369 948 2425 dicta
963 2387 1007 2426 ee-
1060 2365 1122 2432 bili,
1152 2383 1252 2421 verum
1282 2367 1370 2422 etiam
1396 2367 1425 2420 in
1456 2366 1574 2439 regione
1600 2366 1701 2423 italica
1730 2367 1893 2440 conflagra-

179 2451 493 2519 clesiesalactururn,
516 2455 572 2510 nisi
600 2459 659 2510 tam
685 2457 763 2512 brevi
789 2461 918 2531 tempore
941 2458 1005 2514 uni·
1060 2459 1115 2524 rat,
1146 2455 1285 2511 dominus
1311 2456 1440 2511 loannes
1466 2472 1544 2528 papa
1571 2455 1734 2529 vigesimus
1764 2456 1891 2528 primos,

179 2542 373 2597 versacarnia
384 2541 1005 2602 inevitabiledebitumexsolvissetltuorum
1061 2548 1089 2600 et
1105 2561 1206 2600 omnes
1222 2544 1385 2600 cardinales
1400 2544 1559 2600 honorifice
1574 2550 1758 2617 receperunt.
1774 2545 1812 2600 Et
1822 2545 1893 2600 dum

181 2628 327 2702 siquidem
352 2647 496 2687 annorum
517 2631 561 2688 vel
587 2633 664 2688 cirea
688 2635 814 2690 currenti
843 2634 1005 2705 intervallo,
1061 2631 1278 2688 circaduorum
1294 2649 1437 2688 annorum
1460 2632 1587 2705 spatium
1613 2634 1644 2688 in
1668 2633 1749 2688 dicta
1773 2634 1894 2706 regiano

180 2718 252 2772 dum
268 2719 345 2789 apud
362 2718 540 2776 Charitatem
557 2722 918 2797 superligerimtempore
929 2725 1006 2797 prio·
1061 2721 1166 2777 suisset
1189 2722 1415 2790 mansionarius,
1436 2721 1494 2790 ille,
1525 2723 1575 2794 qui
1603 2723 1632 2777 in
1662 2721 1797 2795 regionis
1826 2722 1892 2779 Gal·

181 2808 222 2861 ris
238 2806 366 2876 Milonis,
380 2810 539 2879 quamdam
566 2810 718 2867 mulierem
743 2813 922 2887 burgensem
937 2813 1006 2869 dicti
1060 2810 1162 2867 licanre
1177 2812 1316 2883 temperie
1342 2812 1436 2867 suerat
1458 2810 1615 2878 enutritus,
1642 2810 1824 2868 ebullientes
1846 2828 1893 2867 ca·

180 2894 286 2968 prioris
322 2901 488 2969 suspectam
523 2899 557 2955 de
586 2899 688 2955 haresi
716 2900 800 2957 vellet
830 2901 1005 2970 examinare,
1060 2900 1136 2957 lorcs
1165 2898 1244 2956 illius
1271 2901 1397 2973 regionis
1420 2901 1494 2956 terre
1519 2917 1576 2956 nou
1605 2901 1718 2967 valens,
1746 2900 1846 2957 febres
1866 2904 1893 2956 et

181 2988 209 3039 et
224 2984 322 3041 dictus
338 2984 417 3058 prior
436 2985 505 3042 licet
529 2988 638 3059 pluries
663 2990 794 3046 monitus
818 2990 925 3047 dictam
942 3009 1007 3047 mu·
1062 2989 1173 3046 tluxum
1202 2990 1310 3045 ventris
1329 2991 1443 3063 patiens
1467 2990 1649 3062 aegritudinis
1673 2989 1825 3045 chronica
1849 2990 1892 3045 io·

180 3069 280 3128 lierem
297 3072 322 3129 ei
338 3074 452 3130 tradere
468 3082 626 3143 recusaret,
647 3077 802 3150 episcopus
826 3078 933 3135 dietam
958 3079 1008 3135 vil·
1062 3079 1154 3133 currit
1179 3078 1374 3134 incommoda.
1406 3079 1438 3133 ln
1467 3080 1584 3151 regione
1617 3082 1719 3134 tamen
1751 3077 1805 3134 ilta
1832 3084 1891 3134 tam

176 3159 236 3215 lam
252 3161 380 3234 generali
396 3165 551 3236 supposuit
567 3166 843 3224 interdicto.Dictua
858 3150 1247 3240 siquidemGlaudabititer
1284 3184 1316 3223 se
1354 3167 1465 3236 babuit,
1506 3168 1583 3239 quod
1616 3168 1696 3239 apud
1734 3167 1890 3224 dominum

175 3248 256 3320 prior
269 3255 297 3304 et
311 3250 375 3321 ojus
391 3253 526 3308 monachi
552 3253 580 3308 in
602 3254 805 3325 praejudicium
829 3256 1004 3329 episcopalia
1059 3255 1212 3312 Nicolaum
1241 3274 1348 3329 papam
1364 3257 1413 3323 ΙΙΙ,
1429 3273 1627 3313 successorem
1643 3256 1763 3329 prefati
1781 3256 1889 3314 domiui

169 3338 388 3409 jurisdictionis
404 3340 514 3396 dictum
539 3341 728 3398 interdictum
752 3345 860 3400 violare
884 3363 942 3400 non
956 3364 1003 3403 ve·
1058 3345 1193 3417 loannis,
1210 3350 1238 3401 et
1253 3346 1330 3419 apud
1347 3345 1507 3401 cardinales
1523 3346 1588 3417 ejus
1607 3345 1713 3402 merita
1739 3351 1803 3403 tam
1818 3344 1889 3401 dilu-

176 3431 283 3495 rentes,
310 3444 430 3500 corpora
454 3430 656 3487 decedentium
673 3432 819 3489 faciebant
843 3433 959 3506 sepeliri
975 3435 1004 3490 in
1058 3434 1122 3489 cide
1138 3434 1317 3504 claruerunt,
1335 3436 1412 3507 quod
1436 3436 1471 3490 ad
1488 3436 1660 3509 dignitatem
1686 3435 1888 3492 cardinalatus

176 3517 350 3572 caemeteriis
366 3517 448 3573 dicta
472 3518 611 3576 villalta
626 3521 681 3577 hoc
706 3526 804 3579 autem
830 3528 1004 3595 procurante
1060 3529 1232 3597 assumptus
1258 3525 1351 3581 lactus
1369 3524 1422 3580 tuit
1441 3523 1635 3580 Praenestinus
1651 3525 1816 3598 episcopus
1830 3541 1887 3581 car·

176 3603 298 3660 humani
315 3605 431 3679 generis
453 3607 582 3676 inimico,
599 3611 676 3666 inter
692 3611 862 3683 episcopum
879 3616 907 3668 et
926 3613 1003 3685 prio·
1059 3612 1176 3669 dinalis.

177 3710 238 3749 rem
255 3695 408 3766 praelatum
423 3712 525 3769 graves
540 3699 822 3756 lueruntdiscordia
845 3702 1002 3758 suscitatae.
1095 3701 1128 3756 Et
1143 3701 1210 3758 lieet
1225 3703 1254 3757 in
1279 3720 1401 3759 numero
1426 3704 1628 3776 episcoporum
1648 3704 1884 3760 Antissiodoren·

178 3782 233 3838 Sed
257 3783 385 3841 finaliter
409 3793 584 3858 procurante
605 3789 682 3845 dieto
707 3789 853 3863 episcopo,
876 3791 1004 3846 median·
1059 3789 1136 3845 sium
1162 3792 1361 3864 sexagesimus
1385 3797 1508 3864 quartus
1532 3792 1684 3859 exstiterit,
1701 3794 1819 3866 primus
1845 3798 1884 3847 ta·

177 3870 258 3926 tibus
282 3873 674 3946 archiepiscopoSeuouensi
699 3884 727 3933 et
756 3878 861 3934 abbate
890 3877 1005 3936 Clunia·
1059 3895 1126 3934 men
1156 3879 1211 3934 suit
1238 3879 1315 3936 inter
1347 3881 1437 3953 ipsos,
1467 3882 1516 3954 qui
1546 3882 1582 3936 ad
1612 3885 1700 3937 tantae
1737 3881 1890 3956 dignitatis

178 3959 268 4027 censi,
285 3961 320 4015 ad
336 3963 390 4017 boc
405 3962 519 4019 devenit
534 3967 683 4039 negotium
700 3968 1002 4041 supradictum,quod
1059 3968 1175 4024 culmen
1200 3969 1287 4024 luerit
1309 3975 1473 4043 provectus.
1490 3971 1552 4026 Non
1568 3975 1635 4043 post
1657 3971 1780 4042 quidem
1796 3970 1891 4032 multa

180 4046 257 4102 dicta
282 4049 388 4105 mulier
416 4051 525 4107 exstitit
548 4054 625 4109 dicto
650 4055 786 4127 episcopo
812 4056 945 4127 liberata,
976 4062 1005 4113 et
1059 4060 1201 4130 tempora,
1225 4058 1495 4130 ingravescentem
1519 4060 1583 4131 ipso
1607 4058 1888 4125 tluxuventris,ul-

179 4136 257 4206 quod
273 4153 350 4194 unos
372 4139 408 4193 de
433 4141 585 4196 monachia
605 4144 641 4197 de
668 4144 804 4214 praedicto
826 4147 1004 4203 monasterio
1058 4146 1130 4202 timo
1156 4147 1270 4220 eloquio
1291 4165 1325 4203 ex
1341 4165 1452 4221 magnae
1478 4148 1698 4206 deliberationis
1713 4149 1884 4211 discretione

177 4240 230 4297 pro
245 4225 394 4296 omnibus,
412 4226 462 4300 qui
477 4233 510 4283 ut
531 4228 720 4287 interdictum
744 4232 868 4288 serretur
888 4234 918 4289 in
938 4234 1005 4291 villa
1059 4235 1186 4303 condito,
1216 4237 1287 4292 dum
1314 4237 1375 4309 ipsa
1400 4237 1561 4311 perciperet
1589 4239 1666 4311 quod
1695 4239 1796 4312 ipsum
1820 4255 1878 4311 per·
1928 4280 1931 4301 r

176 4313 326 4387 predicta,
343 4320 371 4371 et
395 4315 424 4371 in
449 4316 605 4375 violatione
628 4320 760 4390 ejusdem
777 4321 922 4379 interdicti
942 4325 1003 4380 cul·
1059 4324 1195 4381 trahebat
1209 4325 1339 4382 detectus
1364 4327 1470 4382 virium
1495 4328 1531 4383 ad
1556 4344 1707 4395 occasum,
1725 4343 1872 4384 sacramen·
1921 4308 1931 4363 ·¹

176 4401 288 4475 pabiles
303 4404 488 4472 exstiterunt,
512 4405 665 4463 humiliter
685 4412 713 4464 et
728 4408 829 4466 devote
855 4411 936 4468 llexis
955 4429 1004 4485 ga-
1059 4417 1122 4468 tum
1137 4418 1271 4469 extrema
1288 4413 1434 4471 unctionis
1451 4421 1614 4472 reverenter
1634 4417 1756 4490 recepit,
1781 4414 1867 4489 quibus

176 4491 264 4547 nibus
287 4493 363 4549 dicto
385 4494 522 4567 episcopo
545 4496 730 4569 supplicavit,
757 4503 790 4554 nt
813 4498 1003 4557 interdictum
1019 4502 1100 4586 Dsic
1128 4502 1283 4575 completis
1316 4520 1392 4559 anno
1422 4504 1537 4560 Domini
1572 4507 1641 4560 1277
1674 4523 1713 4561 xv
1746 4504 1863 4560 ltalendas

176 4578 269 4635 latum
286 4580 314 4636 in
331 4582 409 4637 dicta
432 4582 502 4639 villa
527 4583 676 4653 relaxaret,
692 4590 721 4642 et
736 4587 830 4643 eidem
854 4588 1001 4663 episcopo,
1056 4591 1174 4663 Aprilis,
1192 4593 1286 4664 primo
1306 4593 1399 4648 noctis
1422 4592 1550 4661 silentio,
1574 4594 1666 4650 evasit
1691 4593 1811 4650 feliciter
1829 4607 1862 4646 ae·

177 4670 237 4722 tam
263 4685 314 4740 pro
340 4669 504 4737 interdicto,
531 4691 619 4745 quam
648 4693 699 4748 pro
724 4676 880 4734 violatione
909 4678 1003 4751 ipsius
1059 4682 1168 4753 quitias
1190 4681 1280 4753 hujus
1303 4682 1468 4751 mundi;et
1492 4684 1561 4756 quia
1582 4700 1649 4739 cum
1673 4681 1860 4740 avunculosuo

175 4757 350 4813 emendavit.
369 4759 552 4834 Fuerantque
564 4763 666 4836 viginti
682 4782 803 4837 corpora
826 4771 955 4823 extracta
968 4770 1004 4825 de
1058 4770 1195 4842 praedicto
1224 4771 1252 4826 in
1282 4771 1530 4828 Autissiodorensi
1559 4773 1683 4828 basilica
1713 4789 1795 4829 suam
1819 4768 1861 4826 ele·

176 4848 265 4912 terra,
282 4863 346 4918 qua
360 4849 475 4920 sepulta
500 4850 626 4919 fuerant,
644 4855 767 4910 durante
791 4855 945 4912 interdicto
962 4858 1004 4912 di·
1058 4863 1140 4930 gerat
1159 4858 1351 4930 sepulturam,
1376 4877 1444 4916 ossa
1468 4863 1531 4933 ejus
1555 4862 1590 4917 de
1614 4861 1731 4918 civitate
1755 4861 1862 4917 Romana

175 4934 278 5000 cto,in
304 4939 478 4994 eoerrreteriis
501 4944 678 5009 memoratis,
704 4948 732 4998 ct
757 4944 942 5001 absolutione
966 4947 1002 5002 ab
1057 4948 1093 5003 ad
1122 4948 1229 5003 dietam
1255 4949 1406 5005 basilicam
1433 4950 1593 5023 deportata,
1616 4950 1648 5006 in
1684 4951 1786 5007 codem
1812 4965 1862 5003 cun

173 5021 310 5095 episcopo
325 5025 452 5093 obtenta,
472 5027 587 5083 luerunt
611 5035 821 5102 superterram
843 5034 999 5107 insepulta,
1056 5037 1195 5109 praedicto
1210 5037 1354 5094 avunculo
1370 5055 1423 5094 suo
1450 5039 1569 5096 suerunt
1593 5040 1623 5094 in
1649 5057 1709 5096 uno
1735 5037 1865 5096 mausoleo

173 5128 327 5184 quousque
353 5131 448 5170 sermo
475 5118 618 5190 generalis
644 5122 737 5174 tactus
763 5121 866 5177 luisset
889 5124 924 5178 ad
950 5141 1000 5196 po·
1052 5124 1210 5182 honorifice
1226 5122 1376 5183 collocata.
1393 5127 1474 5183 Sedit
1495 5128 1525 5183 in
1549 5129 1719 5202 episcopatu
1745 5127 1869 5185 Autissio.

170 5199 275 5272 pulum
303 5202 332 5257 in
357 5203 481 5260 ccclesia
510 5207 538 5260 B.
561 5207 635 5262 Petri
665 5208 701 5262 de
723 5209 869 5266 Clraritate
894 5213 998 5283 predi·
1053 5214 1169 5271 dorensi
1198 5220 1310 5288 septem
1340 5216 1436 5283 annis,
1467 5217 1581 5273 duobus
1608 5219 1764 5276 mensibus
1785 5219 1869 5275 ctcir-

172 5293 230 5388 cta,
259 5296 288 5346 ct
317 5292 409 5349 missa
437 5311 490 5366 pro
526 5295 670 5352 defunctis
702 5296 860 5366 celebrata,
887 5300 998 5365 Quibus
1052 5303 1125 5360 citer
1152 5304 1248 5361 tribus
1276 5305 1479 5376 hebdomadis,
1511 5305 1618 5363 illustri
1649 5325 1717 5382 rege
1752 5308 1872 5383 Philippo

169 5393 212 5432 stc
228 5379 312 5449 actis,
329 5381 406 5438 dicta
417 5399 539 5456 corpora
550 5384 880 5443 lueruntecclasiasticae
892 5390 999 5447 tradita
1053 5410 1176 5467 regnum
1191 5395 1367 5451 Francorum
1383 5397 1563 5453 moderante.
1574 5386 1721 5456 Dominus
1738 5416 1790 5473 par
1800 5415 1874 5456 suam

174 5465 341 5537 sepultura.
1053 5483 1178 5557 gratiam
1203 5488 1232 5539 et
1253 5484 1486 5543 misericordiam
1510 5485 1567 5543 aibi
1591 5488 1737 5547 concedat
1756 5488 1876 5565 requiem

207 5552 283 5617 Dum
297 5573 364 5617 vero
379 5565 506 5637 quatuor
520 5581 664 5624 annorum
680 5571 708 5624 et
728 5568 853 5645 amplius
870 5568 997 5629 olitaria-
1054 5573 1277 5649 sempiternam.
1291 5576 1393 5632 Amen.
