<?xml version="1.0" encoding="UTF-8"?>
<!DOCTYPE html PUBLIC "-//W3C//DTD XHTML 1.0 Transitional//EN"
    "http://www.w3.org/TR/xhtml1/DTD/xhtml1-transitional.dtd">
<html xmlns="http://www.w3.org/1999/xhtml" xml:lang="en" lang="en">
 <head>
  <title>
</title>
<meta http-equiv="Content-Type" content="text/html;charset=utf-8" />
  <meta name='ocr-system' content='tesseract 3.04.00' />
  <meta name='ocr-capabilities' content='ocr_page ocr_carea ocr_par ocr_line ocrx_word'/>
</head>
<body>
  <div class='ocr_page' id='page_1' title='image "./patrologiaecurs24unkngoog_0525.png"; bbox 0 0 3878 6098; ppageno 0'>
   <div class='ocr_carea' id='block_1_1' title="bbox 119 282 197 349">
    <p class='ocr_par' dir='ltr' id='par_1_1' title="bbox 119 282 197 349">
     <span class='ocr_line' id='line_1_1' title="bbox 119 282 197 349; baseline -0.026 -1"><span class='ocrx_word' id='word_1_1' title='bbox 119 282 197 349; x_wconf 81' lang='lat' dir='ltr'>tote</span> 
     </span>
    </p>
   </div>
   <div class='ocr_carea' id='block_1_2' title="bbox 510 265 1428 341">
    <p class='ocr_par' dir='ltr' id='par_1_2' title="bbox 510 265 1428 341">
     <span class='ocr_line' id='line_1_2' title="bbox 510 265 1428 341; baseline -0.013 0"><span class='ocrx_word' id='word_1_2' title='bbox 510 276 677 341; x_wconf 80' lang='lat' dir='ltr'>APPDND.</span> <span class='ocrx_word' id='word_1_3' title='bbox 701 274 751 336; x_wconf 78' lang='lat' dir='ltr'>tu</span> <span class='ocrx_word' id='word_1_4' title='bbox 774 271 869 335; x_wconf 83' lang='lat' dir='ltr'>SAEC.</span> <span class='ocrx_word' id='word_1_5' title='bbox 892 269 930 331; x_wconf 88' lang='lat' dir='ltr'>X.</span> <span class='ocrx_word' id='word_1_6' title='bbox 945 303 984 314; x_wconf 94' lang='lat'>-</span> <span class='ocrx_word' id='word_1_7' title='bbox 998 265 1248 331; x_wconf 78' lang='lat' dir='ltr'>MONllllDN&#39;l&#39;b</span> <span class='ocrx_word' id='word_1_8' title='bbox 1269 267 1428 332; x_wconf 85' lang='lat' dir='ltr'>blTUltG.</span> 
     </span>
    </p>
   </div>
   <div class='ocr_carea' id='block_1_3' title="bbox 1747 263 1827 336">
    <p class='ocr_par' dir='ltr' id='par_1_3' title="bbox 1747 263 1827 336">
     <span class='ocr_line' id='line_1_3' title="bbox 1747 263 1827 336; baseline 0.138 -12"><span class='ocrx_word' id='word_1_9' title='bbox 1747 263 1827 336; x_wconf 80' lang='lat' dir='ltr'>tort</span> 
     </span>
    </p>
   </div>
   <div class='ocr_carea' id='block_1_4' title="bbox 119 401 1826 487">
    <p class='ocr_par' dir='ltr' id='par_1_4' title="bbox 119 401 1826 487">
     <span class='ocr_line' id='line_1_4' title="bbox 119 401 1826 487; baseline -0.012 -11"><span class='ocrx_word' id='word_1_10' title='bbox 119 419 259 486; x_wconf 61' lang='lat' dir='ltr'>detorsione.</span> <span class='ocrx_word' id='word_1_11' title='bbox 277 413 362 487; x_wconf 78' lang='lat' dir='ltr'>llyric</span> <span class='ocrx_word' id='word_1_12' title='bbox 378 411 497 471; x_wconf 89' lang='lat' dir='ltr'>cleison.</span> <span class='ocrx_word' id='word_1_13' title='bbox 515 411 694 485; x_wconf 75' lang='lat' dir='ltr'>Xpiccleison.</span> <span class='ocrx_word' id='word_1_14' title='bbox 711 408 770 480; x_wconf 85' lang='lat' dir='ltr'>llpc</span> <span class='ocrx_word' id='word_1_15' title='bbox 792 404 858 461; x_wconf 89' lang='lat' dir='ltr'>audi</span> <span class='ocrx_word' id='word_1_16' title='bbox 877 421 939 459; x_wconf 80' lang='lat' dir='ltr'>nos.</span> <span class='ocrx_word' id='word_1_17' title='bbox 956 405 985 471; x_wconf 77' lang='grc' dir='ltr'><strong>Α</strong></span> <span class='ocrx_word' id='word_1_18' title='bbox 1036 405 1112 458; x_wconf 71' lang='lat' dir='ltr'>Alia.</span> <span class='ocrx_word' id='word_1_19' title='bbox 1129 404 1264 459; x_wconf 79' lang='lat' dir='ltr'>Exoraiao</span> <span class='ocrx_word' id='word_1_20' title='bbox 1279 408 1307 459; x_wconf 91' lang='lat' dir='ltr'>tc</span> <span class='ocrx_word' id='word_1_21' title='bbox 1331 406 1464 459; x_wconf 81' lang='lat' dir='ltr'>creatura</span> <span class='ocrx_word' id='word_1_22' title='bbox 1479 419 1560 474; x_wconf 77' lang='lat' dir='ltr'>aqum</span> <span class='ocrx_word' id='word_1_23' title='bbox 1586 401 1614 457; x_wconf 89' lang='lat' dir='ltr'>in</span> <span class='ocrx_word' id='word_1_24' title='bbox 1641 401 1760 457; x_wconf 86' lang='lat' dir='ltr'>nominc</span> <span class='ocrx_word' id='word_1_25' title='bbox 1779 401 1826 456; x_wconf 73' lang='lat' dir='ltr'>on</span> 
     </span>
    </p>
   </div>
   <div class='ocr_carea' id='block_1_5' title="bbox 117 494 947 1726">
    <p class='ocr_par' dir='ltr' id='par_1_5' title="bbox 117 494 943 667">
     <span class='ocr_line' id='line_1_5' title="bbox 117 494 943 577; baseline -0.021 -11"><span class='ocrx_word' id='word_1_26' title='bbox 117 510 174 566; x_wconf 89' lang='lat' dir='ltr'>Sca</span> <span class='ocrx_word' id='word_1_27' title='bbox 188 507 280 564; x_wconf 85' lang='lat' dir='ltr'>blaria</span> <span class='ocrx_word' id='word_1_28' title='bbox 298 522 349 562; x_wconf 89' lang='lat' dir='ltr'>ora</span> <span class='ocrx_word' id='word_1_29' title='bbox 372 521 425 577; x_wconf 87' lang='lat' dir='ltr'>pro</span> <span class='ocrx_word' id='word_1_30' title='bbox 449 502 544 560; x_wconf 89' lang='lat' dir='ltr'>nobis.</span> <span class='ocrx_word' id='word_1_31' title='bbox 566 499 669 557; x_wconf 77' lang='lat' dir='ltr'><em>Deinde</em></span> <span class='ocrx_word' id='word_1_32' title='bbox 690 497 833 552; x_wconf 85' lang='lat' dir='ltr'>Dominus</span> <span class='ocrx_word' id='word_1_33' title='bbox 848 494 943 549; x_wconf 90' lang='lat' dir='ltr'>vobis·</span> 
     </span>
     <span class='ocr_line' id='line_1_6' title="bbox 118 582 520 667; baseline -0.02 -12"><span class='ocrx_word' id='word_1_34' title='bbox 118 582 198 654; x_wconf 90' lang='lat' dir='ltr'>cum.</span> <span class='ocrx_word' id='word_1_35' title='bbox 213 600 324 652; x_wconf 88' lang='lat' dir='ltr'>etcum</span> <span class='ocrx_word' id='word_1_36' title='bbox 340 594 444 667; x_wconf 90' lang='lat' dir='ltr'>spiritu</span> <span class='ocrx_word' id='word_1_37' title='bbox 460 596 520 648; x_wconf 91' lang='lat' dir='ltr'>tuo.</span> 
     </span>
    </p>

    <p class='ocr_par' dir='ltr' id='par_1_6' title="bbox 119 671 947 1289">
     <span class='ocr_line' id='line_1_7' title="bbox 155 671 944 754; baseline -0.024 -11"><span class='ocrx_word' id='word_1_38' title='bbox 155 688 200 744; x_wconf 88' lang='lat' dir='ltr'>Dr.</span> <span class='ocrx_word' id='word_1_39' title='bbox 217 686 295 741; x_wconf 86' lang='lat' dir='ltr'>Deus</span> <span class='ocrx_word' id='word_1_40' title='bbox 311 684 395 754; x_wconf 88' lang='lat' dir='ltr'>cujus</span> <span class='ocrx_word' id='word_1_41' title='bbox 418 681 539 752; x_wconf 88' lang='lat' dir='ltr'>antiqua</span> <span class='ocrx_word' id='word_1_42' title='bbox 558 675 700 734; x_wconf 88' lang='lat' dir='ltr'>miracula</span> <span class='ocrx_word' id='word_1_43' title='bbox 715 673 802 731; x_wconf 86' lang='lat' dir='ltr'>etiam</span> <span class='ocrx_word' id='word_1_44' title='bbox 819 671 944 729; x_wconf 90' lang='lat' dir='ltr'>inomni</span> 
     </span>
     <span class='ocr_line' id='line_1_8' title="bbox 119 759 944 836; baseline -0.022 -3"><span class='ocrx_word' id='word_1_45' title='bbox 119 773 225 833; x_wconf 83' lang='lat' dir='ltr'>saeculo</span> <span class='ocrx_word' id='word_1_46' title='bbox 240 788 392 830; x_wconf 90' lang='lat' dir='ltr'>coruscare</span> <span class='ocrx_word' id='word_1_47' title='bbox 412 769 566 832; x_wconf 84' lang='lat' dir='ltr'>sentimus,</span> <span class='ocrx_word' id='word_1_48' title='bbox 583 767 653 821; x_wconf 92' lang='lat' dir='ltr'>dum</span> <span class='ocrx_word' id='word_1_49' title='bbox 675 764 753 836; x_wconf 88' lang='lat' dir='ltr'>quod</span> <span class='ocrx_word' id='word_1_50' title='bbox 769 761 821 819; x_wconf 92' lang='lat' dir='ltr'>uni</span> <span class='ocrx_word' id='word_1_51' title='bbox 837 759 944 835; x_wconf 92' lang='lat' dir='ltr'>populo</span> 
     </span>
     <span class='ocr_line' id='line_1_9' title="bbox 119 853 945 938; baseline -0.021 -16"><span class='ocrx_word' id='word_1_52' title='bbox 119 863 320 938; x_wconf 88' lang='lat' dir='ltr'>persecutione</span> <span class='ocrx_word' id='word_1_53' title='bbox 343 859 457 932; x_wconf 80' lang='lat' dir='ltr'>AEgypti</span> <span class='ocrx_word' id='word_1_54' title='bbox 473 859 508 913; x_wconf 90' lang='lat' dir='ltr'>ad</span> <span class='ocrx_word' id='word_1_55' title='bbox 531 855 716 911; x_wconf 88' lang='lat' dir='ltr'>liberandum</span> <span class='ocrx_word' id='word_1_56' title='bbox 739 853 863 907; x_wconf 74' lang='lat' dir='ltr'>dextera</span> <span class='ocrx_word' id='word_1_57' title='bbox 889 855 945 906; x_wconf 82' lang='lat' dir='ltr'>tua</span> 
     </span>
     <span class='ocr_line' id='line_1_10' title="bbox 120 943 946 1033; baseline -0.021 -22"><span class='ocrx_word' id='word_1_58' title='bbox 120 953 249 1029; x_wconf 88' lang='lat' dir='ltr'>potentia</span> <span class='ocrx_word' id='word_1_59' title='bbox 263 949 421 1008; x_wconf 77' lang='lat' dir='ltr'>contulisti.</span> <span class='ocrx_word' id='word_1_60' title='bbox 435 949 466 1003; x_wconf 94' lang='lat' dir='ltr'>ld</span> <span class='ocrx_word' id='word_1_61' title='bbox 480 948 510 1002; x_wconf 90' lang='lat' dir='ltr'>in</span> <span class='ocrx_word' id='word_1_62' title='bbox 521 944 645 1002; x_wconf 88' lang='lat' dir='ltr'>salutem</span> <span class='ocrx_word' id='word_1_63' title='bbox 658 943 789 1033; x_wconf 80' lang='lat' dir='ltr'>gentium</span> <span class='ocrx_word' id='word_1_64' title='bbox 802 957 946 1013; x_wconf 71' lang='lat' dir='ltr'>peraque</span> 
     </span>
     <span class='ocr_line' id='line_1_11' title="bbox 120 1029 946 1116; baseline -0.017 -18"><span class='ocrx_word' id='word_1_65' title='bbox 120 1039 369 1116; x_wconf 79' lang='lat' dir='ltr'>regenerationem</span> <span class='ocrx_word' id='word_1_66' title='bbox 392 1035 531 1110; x_wconf 90' lang='lat' dir='ltr'>operaris,</span> <span class='ocrx_word' id='word_1_67' title='bbox 555 1039 661 1106; x_wconf 73' lang='lat' dir='ltr'>praesta</span> <span class='ocrx_word' id='word_1_68' title='bbox 685 1038 717 1088; x_wconf 91' lang='lat' dir='ltr'>ut</span> <span class='ocrx_word' id='word_1_69' title='bbox 745 1031 774 1086; x_wconf 91' lang='lat' dir='ltr'>in</span> <span class='ocrx_word' id='word_1_70' title='bbox 805 1029 946 1086; x_wconf 78' lang='lat' dir='ltr'>Habrabae</span> 
     </span>
     <span class='ocr_line' id='line_1_12' title="bbox 119 1117 947 1197; baseline -0.016 -13"><span class='ocrx_word' id='word_1_71' title='bbox 119 1129 196 1185; x_wconf 91' lang='lat' dir='ltr'>illios</span> <span class='ocrx_word' id='word_1_72' title='bbox 211 1134 240 1185; x_wconf 88' lang='lat' dir='ltr'>et</span> <span class='ocrx_word' id='word_1_73' title='bbox 255 1129 284 1183; x_wconf 91' lang='lat' dir='ltr'>in</span> <span class='ocrx_word' id='word_1_74' title='bbox 302 1126 534 1183; x_wconf 89' lang='lat' dir='ltr'>llisrabeliticam</span> <span class='ocrx_word' id='word_1_75' title='bbox 550 1123 722 1197; x_wconf 81' lang='lat' dir='ltr'>dignitatem</span> <span class='ocrx_word' id='word_1_76' title='bbox 737 1121 827 1177; x_wconf 88' lang='lat' dir='ltr'>totius</span> <span class='ocrx_word' id='word_1_77' title='bbox 843 1117 947 1174; x_wconf 85' lang='lat' dir='ltr'>mundi</span> 
     </span>
     <span class='ocr_line' id='line_1_13' title="bbox 119 1215 598 1289; baseline -0.01 -15"><span class='ocrx_word' id='word_1_78' title='bbox 119 1222 251 1274; x_wconf 87' lang='lat' dir='ltr'>transeat</span> <span class='ocrx_word' id='word_1_79' title='bbox 266 1216 427 1289; x_wconf 88' lang='lat' dir='ltr'>plenitudo.</span> <span class='ocrx_word' id='word_1_80' title='bbox 445 1215 497 1270; x_wconf 91' lang='lat' dir='ltr'>Per</span> <span class='ocrx_word' id='word_1_81' title='bbox 513 1216 598 1270; x_wconf 93' lang='lat' dir='ltr'>Dnm.</span> 
     </span>
    </p>

    <p class='ocr_par' dir='ltr' id='par_1_7' title="bbox 154 1299 909 1378">
     <span class='ocr_line' id='line_1_14' title="bbox 154 1299 909 1378; baseline -0.015 -15"><span class='ocrx_word' id='word_1_82' title='bbox 154 1309 243 1363; x_wconf 81' lang='lat' dir='ltr'>Lectio</span> <span class='ocrx_word' id='word_1_83' title='bbox 257 1304 392 1378; x_wconf 70' lang='lat' dir='ltr'>Epristoloe</span> <span class='ocrx_word' id='word_1_84' title='bbox 407 1306 479 1359; x_wconf 83' lang='lat' dir='ltr'>beati</span> <span class='ocrx_word' id='word_1_85' title='bbox 494 1305 578 1359; x_wconf 81' lang='lat' dir='ltr'>Ponti</span> <span class='ocrx_word' id='word_1_86' title='bbox 595 1310 681 1374; x_wconf 81' lang='lat' dir='ltr'>apost.</span> <span class='ocrx_word' id='word_1_87' title='bbox 698 1301 732 1356; x_wconf 85' lang='lat' dir='ltr'>ad</span> <span class='ocrx_word' id='word_1_88' title='bbox 748 1299 909 1355; x_wconf 74' lang='lat' dir='ltr'>Corinthios.</span> 
     </span>
    </p>

    <p class='ocr_par' dir='ltr' id='par_1_8' title="bbox 120 1380 946 1726">
     <span class='ocr_line' id='line_1_15' title="bbox 157 1380 946 1461; baseline -0.014 -10"><span class='ocrx_word' id='word_1_89' title='bbox 157 1395 272 1451; x_wconf 75' lang='lat' dir='ltr'>Fratres</span> <span class='ocrx_word' id='word_1_90' title='bbox 297 1392 435 1449; x_wconf 91' lang='lat' dir='ltr'>nolumus</span> <span class='ocrx_word' id='word_1_91' title='bbox 451 1398 549 1447; x_wconf 89' lang='lat' dir='ltr'>autom</span> <span class='ocrx_word' id='word_1_92' title='bbox 573 1380 624 1447; x_wconf 83' lang='lat' dir='ltr'>vos</span> <span class='ocrx_word' id='word_1_93' title='bbox 649 1391 782 1461; x_wconf 83' lang='lat' dir='ltr'>ignorare</span> <span class='ocrx_word' id='word_1_94' title='bbox 806 1387 946 1460; x_wconf 87' lang='lat' dir='ltr'>quoniam</span> 
     </span>
     <span class='ocr_line' id='line_1_16' title="bbox 120 1480 946 1557; baseline -0.013 -17"><span class='ocrx_word' id='word_1_95' title='bbox 120 1489 218 1557; x_wconf 88' lang='lat' dir='ltr'>patres</span> <span class='ocrx_word' id='word_1_96' title='bbox 234 1482 327 1539; x_wconf 90' lang='lat' dir='ltr'>nostri</span> <span class='ocrx_word' id='word_1_97' title='bbox 347 1498 449 1537; x_wconf 89' lang='lat' dir='ltr'>omnes</span> <span class='ocrx_word' id='word_1_98' title='bbox 474 1482 528 1536; x_wconf 91' lang='lat' dir='ltr'>sub</span> <span class='ocrx_word' id='word_1_99' title='bbox 553 1481 630 1535; x_wconf 73' lang='lat' dir='ltr'>nithe</span> <span class='ocrx_word' id='word_1_100' title='bbox 654 1480 821 1540; x_wconf 86' lang='lat' dir='ltr'>lucrant,et</span> <span class='ocrx_word' id='word_1_101' title='bbox 844 1491 946 1531; x_wconf 89' lang='lat' dir='ltr'>omnes</span> 
     </span>
     <span class='ocr_line' id='line_1_17' title="bbox 121 1565 945 1640; baseline -0.015 -12"><span class='ocrx_word' id='word_1_102' title='bbox 121 1589 202 1628; x_wconf 87' lang='lat' dir='ltr'>mare</span> <span class='ocrx_word' id='word_1_103' title='bbox 212 1571 403 1637; x_wconf 85' lang='lat' dir='ltr'>transierunt,</span> <span class='ocrx_word' id='word_1_104' title='bbox 415 1573 443 1625; x_wconf 89' lang='lat' dir='ltr'>ct</span> <span class='ocrx_word' id='word_1_105' title='bbox 453 1585 556 1625; x_wconf 90' lang='lat' dir='ltr'>omncs</span> <span class='ocrx_word' id='word_1_106' title='bbox 568 1570 597 1623; x_wconf 91' lang='lat' dir='ltr'>in</span> <span class='ocrx_word' id='word_1_107' title='bbox 608 1567 706 1640; x_wconf 76' lang='lat' dir='ltr'>Moyse</span> <span class='ocrx_word' id='word_1_108' title='bbox 717 1565 853 1638; x_wconf 89' lang='lat' dir='ltr'>baptizati</span> <span class='ocrx_word' id='word_1_109' title='bbox 866 1568 945 1630; x_wconf 86' lang='lat' dir='ltr'>sunt,</span> 
     </span>
     <span class='ocr_line' id='line_1_18' title="bbox 120 1652 945 1726; baseline -0.01 -12"><span class='ocrx_word' id='word_1_110' title='bbox 120 1660 151 1715; x_wconf 93' lang='lat' dir='ltr'>in</span> <span class='ocrx_word' id='word_1_111' title='bbox 169 1661 255 1725; x_wconf 89' lang='lat' dir='ltr'>nube,</span> <span class='ocrx_word' id='word_1_112' title='bbox 272 1659 344 1714; x_wconf 91' lang='lat' dir='ltr'>etin</span> <span class='ocrx_word' id='word_1_113' title='bbox 360 1658 441 1726; x_wconf 85' lang='lat' dir='ltr'>mari</span> <span class='ocrx_word' id='word_1_114' title='bbox 457 1663 485 1713; x_wconf 83' lang='lat' dir='ltr'>et</span> <span class='ocrx_word' id='word_1_115' title='bbox 503 1674 605 1713; x_wconf 90' lang='lat' dir='ltr'>omnes</span> <span class='ocrx_word' id='word_1_116' title='bbox 619 1657 752 1711; x_wconf 87' lang='lat' dir='ltr'>camdem</span> <span class='ocrx_word' id='word_1_117' title='bbox 772 1670 868 1710; x_wconf 84' lang='lat' dir='ltr'>escam</span> <span class='ocrx_word' id='word_1_118' title='bbox 885 1652 945 1725; x_wconf 89' lang='lat' dir='ltr'>spi-</span> 
     </span>
    </p>
   </div>
   <div class='ocr_carea' id='block_1_6' title="bbox 998 491 1833 1728">
    <p class='ocr_par' dir='ltr' id='par_1_9' title="bbox 998 491 1833 1728">
     <span class='ocr_line' id='line_1_19' title="bbox 1000 491 1827 566; baseline -0.005 -17"><span class='ocrx_word' id='word_1_119' title='bbox 1000 493 1093 549; x_wconf 88' lang='lat' dir='ltr'>Patris</span> <span class='ocrx_word' id='word_1_120' title='bbox 1116 493 1337 566; x_wconf 87' lang='lat' dir='ltr'>omnipotentis,</span> <span class='ocrx_word' id='word_1_121' title='bbox 1353 497 1381 548; x_wconf 91' lang='lat' dir='ltr'>et</span> <span class='ocrx_word' id='word_1_122' title='bbox 1396 493 1426 547; x_wconf 90' lang='lat' dir='ltr'>in</span> <span class='ocrx_word' id='word_1_123' title='bbox 1449 493 1568 549; x_wconf 89' lang='lat' dir='ltr'>nomine</span> <span class='ocrx_word' id='word_1_124' title='bbox 1590 492 1709 549; x_wconf 87' lang='lat' dir='ltr'>Domini</span> <span class='ocrx_word' id='word_1_125' title='bbox 1732 491 1827 548; x_wconf 81' lang='lat' dir='ltr'>nostri</span> 
     </span>
     <span class='ocr_line' id='line_1_20' title="bbox 998 580 1828 657; baseline -0.004 -16"><span class='ocrx_word' id='word_1_126' title='bbox 998 584 1069 641; x_wconf 75' lang='lat' dir='ltr'>iesu</span> <span class='ocrx_word' id='word_1_127' title='bbox 1082 582 1145 657; x_wconf 90' lang='lat' dir='ltr'>Xpi,</span> <span class='ocrx_word' id='word_1_128' title='bbox 1163 587 1196 637; x_wconf 91' lang='lat' dir='ltr'>ut</span> <span class='ocrx_word' id='word_1_129' title='bbox 1211 580 1307 638; x_wconf 92' lang='lat' dir='ltr'>omnis</span> <span class='ocrx_word' id='word_1_130' title='bbox 1322 582 1495 637; x_wconf 87' lang='lat' dir='ltr'>immundus</span> <span class='ocrx_word' id='word_1_131' title='bbox 1517 581 1639 654; x_wconf 88' lang='lat' dir='ltr'>spiritus</span> <span class='ocrx_word' id='word_1_132' title='bbox 1654 587 1684 638; x_wconf 90' lang='lat' dir='ltr'>et</span> <span class='ocrx_word' id='word_1_133' title='bbox 1696 581 1828 638; x_wconf 87' lang='lat' dir='ltr'>incursio</span> 
     </span>
     <span class='ocr_line' id='line_1_21' title="bbox 1000 669 1830 744; baseline -0.001 -16"><span class='ocrx_word' id='word_1_134' title='bbox 1000 673 1114 728; x_wconf 76' lang='lat' dir='ltr'>Satanan</span> <span class='ocrx_word' id='word_1_135' title='bbox 1130 675 1281 744; x_wconf 78' lang='lat' dir='ltr'>soporetur</span> <span class='ocrx_word' id='word_1_136' title='bbox 1305 671 1340 727; x_wconf 92' lang='lat' dir='ltr'>ab</span> <span class='ocrx_word' id='word_1_137' title='bbox 1366 670 1421 725; x_wconf 91' lang='lat' dir='ltr'>hac</span> <span class='ocrx_word' id='word_1_138' title='bbox 1436 674 1571 726; x_wconf 89' lang='lat' dir='ltr'>creatura</span> <span class='ocrx_word' id='word_1_139' title='bbox 1594 686 1688 743; x_wconf 78' lang='lat' dir='ltr'>aqua.</span> <span class='ocrx_word' id='word_1_140' title='bbox 1705 669 1830 727; x_wconf 83' lang='lat' dir='ltr'>Proinde</span> 
     </span>
     <span class='ocr_line' id='line_1_22' title="bbox 999 758 1830 835; baseline -0.004 -17"><span class='ocrx_word' id='word_1_141' title='bbox 999 779 1067 835; x_wconf 82' lang='lat' dir='ltr'>ergo</span> <span class='ocrx_word' id='word_1_142' title='bbox 1083 761 1198 816; x_wconf 77' lang='lat' dir='ltr'>efficere</span> <span class='ocrx_word' id='word_1_143' title='bbox 1213 776 1291 832; x_wconf 90' lang='lat' dir='ltr'>aqua</span> <span class='ocrx_word' id='word_1_144' title='bbox 1309 758 1470 816; x_wconf 85' lang='lat' dir='ltr'>exorcizata</span> <span class='ocrx_word' id='word_1_145' title='bbox 1484 759 1520 815; x_wconf 91' lang='lat' dir='ltr'>ad</span> <span class='ocrx_word' id='word_1_146' title='bbox 1536 760 1727 832; x_wconf 83' lang='lat' dir='ltr'>elingaudum</span> <span class='ocrx_word' id='word_1_147' title='bbox 1743 776 1830 815; x_wconf 84' lang='lat' dir='ltr'>omne</span> 
     </span>
     <span class='ocr_line' id='line_1_23' title="bbox 1000 848 1831 923; baseline -0.002 -16"><span class='ocrx_word' id='word_1_148' title='bbox 1000 853 1148 907; x_wconf 81' lang='lat' dir='ltr'>fantasma</span> <span class='ocrx_word' id='word_1_149' title='bbox 1163 849 1286 917; x_wconf 90' lang='lat' dir='ltr'>inimici,</span> <span class='ocrx_word' id='word_1_150' title='bbox 1301 855 1330 906; x_wconf 91' lang='lat' dir='ltr'>et</span> <span class='ocrx_word' id='word_1_151' title='bbox 1344 849 1443 923; x_wconf 92' lang='lat' dir='ltr'>ipsum</span> <span class='ocrx_word' id='word_1_152' title='bbox 1467 848 1621 906; x_wconf 81' lang='lat' dir='ltr'>inimicum</span> <span class='ocrx_word' id='word_1_153' title='bbox 1637 849 1786 905; x_wconf 87' lang='lat' dir='ltr'>eradicare</span> <span class='ocrx_word' id='word_1_154' title='bbox 1800 853 1831 905; x_wconf 83' lang='lat' dir='ltr'>et</span> 
     </span>
     <span class='ocr_line' id='line_1_24' title="bbox 1001 937 1829 1011; baseline -0.002 -16"><span class='ocrx_word' id='word_1_155' title='bbox 1001 939 1176 1011; x_wconf 80' lang='lat' dir='ltr'>explantare.</span> <span class='ocrx_word' id='word_1_156' title='bbox 1191 939 1222 995; x_wconf 92' lang='lat' dir='ltr'>ln</span> <span class='ocrx_word' id='word_1_157' title='bbox 1232 939 1350 995; x_wconf 87' lang='lat' dir='ltr'>nomine</span> <span class='ocrx_word' id='word_1_158' title='bbox 1360 939 1410 995; x_wconf 88' lang='lat' dir='ltr'>Dei</span> <span class='ocrx_word' id='word_1_159' title='bbox 1422 938 1516 995; x_wconf 90' lang='lat' dir='ltr'>Patris</span> <span class='ocrx_word' id='word_1_160' title='bbox 1526 937 1785 1011; x_wconf 65' lang='lat' dir='ltr'>omnipotentiam</span> <span class='ocrx_word' id='word_1_161' title='bbox 1798 937 1829 994; x_wconf 91' lang='lat' dir='ltr'>in</span> 
     </span>
     <span class='ocr_line' id='line_1_25' title="bbox 1002 1029 1760 1102; baseline -0.001 -17"><span class='ocrx_word' id='word_1_162' title='bbox 1002 1030 1119 1086; x_wconf 91' lang='lat' dir='ltr'>nomine</span> <span class='ocrx_word' id='word_1_163' title='bbox 1137 1029 1249 1084; x_wconf 81' lang='lat' dir='ltr'>Domini</span> <span class='ocrx_word' id='word_1_164' title='bbox 1266 1029 1358 1085; x_wconf 85' lang='lat' dir='ltr'>nostri</span> <span class='ocrx_word' id='word_1_165' title='bbox 1374 1029 1443 1085; x_wconf 86' lang='lat' dir='ltr'>Jcsu</span> <span class='ocrx_word' id='word_1_166' title='bbox 1459 1029 1524 1101; x_wconf 90' lang='lat' dir='ltr'>Xpi,</span> <span class='ocrx_word' id='word_1_167' title='bbox 1540 1030 1590 1102; x_wconf 85' lang='lat' dir='ltr'>qui</span> <span class='ocrx_word' id='word_1_168' title='bbox 1608 1033 1760 1084; x_wconf 85' lang='lat' dir='ltr'>venturus.</span> 
     </span>
     <span class='ocr_line' id='line_1_26' title="bbox 1036 1118 1830 1191; baseline -0.001 -17"><span class='ocrx_word' id='word_1_169' title='bbox 1036 1119 1107 1175; x_wconf 76' lang='lat' dir='ltr'>itin.</span> <span class='ocrx_word' id='word_1_170' title='bbox 1125 1120 1164 1175; x_wconf 90' lang='lat' dir='ltr'>Te</span> <span class='ocrx_word' id='word_1_171' title='bbox 1180 1122 1278 1174; x_wconf 91' lang='lat' dir='ltr'>autem</span> <span class='ocrx_word' id='word_1_172' title='bbox 1295 1122 1524 1190; x_wconf 75' lang='lat' dir='ltr'>creaturaeque</span> <span class='ocrx_word' id='word_1_173' title='bbox 1540 1118 1643 1189; x_wconf 85' lang='lat' dir='ltr'>adjuro</span> <span class='ocrx_word' id='word_1_174' title='bbox 1664 1135 1716 1191; x_wconf 90' lang='lat' dir='ltr'>per</span> <span class='ocrx_word' id='word_1_175' title='bbox 1737 1123 1830 1174; x_wconf 84' lang='lat' dir='ltr'>Deum</span> 
     </span>
     <span class='ocr_line' id='line_1_27' title="bbox 1001 1207 1833 1282; baseline -0.002 -18"><span class='ocrx_word' id='word_1_176' title='bbox 1001 1209 1109 1276; x_wconf 83' lang='lat' dir='ltr'>vivum,</span> <span class='ocrx_word' id='word_1_177' title='bbox 1124 1226 1175 1281; x_wconf 90' lang='lat' dir='ltr'>per</span> <span class='ocrx_word' id='word_1_178' title='bbox 1189 1208 1281 1264; x_wconf 85' lang='lat' dir='ltr'>Deum</span> <span class='ocrx_word' id='word_1_179' title='bbox 1298 1212 1444 1276; x_wconf 84' lang='lat' dir='ltr'>sanctum,</span> <span class='ocrx_word' id='word_1_180' title='bbox 1459 1225 1510 1280; x_wconf 89' lang='lat' dir='ltr'>per</span> <span class='ocrx_word' id='word_1_181' title='bbox 1524 1225 1590 1263; x_wconf 91' lang='lat' dir='ltr'>cum</span> <span class='ocrx_word' id='word_1_182' title='bbox 1607 1212 1634 1264; x_wconf 88' lang='lat' dir='ltr'>te</span> <span class='ocrx_word' id='word_1_183' title='bbox 1650 1209 1766 1281; x_wconf 80' lang='lat' dir='ltr'>adjuro,</span> <span class='ocrx_word' id='word_1_184' title='bbox 1778 1207 1833 1282; x_wconf 92' lang='lat' dir='ltr'>qui</span> 
     </span>
     <span class='ocr_line' id='line_1_28' title="bbox 1002 1296 1833 1373; baseline 0.002 -19"><span class='ocrx_word' id='word_1_185' title='bbox 1002 1305 1030 1355; x_wconf 92' lang='lat' dir='ltr'>te</span> <span class='ocrx_word' id='word_1_186' title='bbox 1045 1299 1074 1354; x_wconf 92' lang='lat' dir='ltr'>in</span> <span class='ocrx_word' id='word_1_187' title='bbox 1092 1297 1234 1371; x_wconf 90' lang='lat' dir='ltr'>principio</span> <span class='ocrx_word' id='word_1_188' title='bbox 1249 1297 1392 1370; x_wconf 88' lang='lat' dir='ltr'>separavit</span> <span class='ocrx_word' id='word_1_189' title='bbox 1416 1298 1453 1353; x_wconf 92' lang='lat' dir='ltr'>ab</span> <span class='ocrx_word' id='word_1_190' title='bbox 1477 1296 1567 1353; x_wconf 87' lang='lat' dir='ltr'>arida.</span> <span class='ocrx_word' id='word_1_191' title='bbox 1593 1298 1702 1369; x_wconf 80' lang='lat' dir='ltr'>AdJuro</span> <span class='ocrx_word' id='word_1_192' title='bbox 1727 1303 1756 1355; x_wconf 85' lang='lat' dir='ltr'>te</span> <span class='ocrx_word' id='word_1_193' title='bbox 1780 1317 1833 1373; x_wconf 84' lang='lat' dir='ltr'>per</span> 
     </span>
     <span class='ocr_line' id='line_1_29' title="bbox 1002 1387 1831 1462; baseline -0.001 -17"><span class='ocrx_word' id='word_1_194' title='bbox 1002 1389 1092 1445; x_wconf 90' lang='lat' dir='ltr'>Deum</span> <span class='ocrx_word' id='word_1_195' title='bbox 1104 1387 1265 1459; x_wconf 86' lang='lat' dir='ltr'>vivum,qui</span> <span class='ocrx_word' id='word_1_196' title='bbox 1277 1388 1370 1444; x_wconf 89' lang='lat' dir='ltr'>tontes</span> <span class='ocrx_word' id='word_1_197' title='bbox 1386 1387 1519 1461; x_wconf 78' lang='lat' dir='ltr'>paradysi</span> <span class='ocrx_word' id='word_1_198' title='bbox 1535 1404 1672 1445; x_wconf 87' lang='lat' dir='ltr'>emanare</span> <span class='ocrx_word' id='word_1_199' title='bbox 1682 1390 1831 1462; x_wconf 72' lang='lat' dir='ltr'>praecepit,</span> 
     </span>
     <span class='ocr_line' id='line_1_30' title="bbox 1001 1476 1831 1549; baseline 0.001 -16"><span class='ocrx_word' id='word_1_200' title='bbox 1001 1481 1030 1533; x_wconf 88' lang='lat' dir='ltr'>et</span> <span class='ocrx_word' id='word_1_201' title='bbox 1044 1477 1072 1531; x_wconf 92' lang='lat' dir='ltr'>in</span> <span class='ocrx_word' id='word_1_202' title='bbox 1089 1482 1215 1549; x_wconf 89' lang='lat' dir='ltr'>quatuor</span> <span class='ocrx_word' id='word_1_203' title='bbox 1229 1477 1402 1532; x_wconf 86' lang='lat' dir='ltr'>fluminibus</span> <span class='ocrx_word' id='word_1_204' title='bbox 1417 1477 1494 1533; x_wconf 88' lang='lat' dir='ltr'>exire</span> <span class='ocrx_word' id='word_1_205' title='bbox 1507 1476 1606 1549; x_wconf 76' lang='lat' dir='ltr'>jussit,</span> <span class='ocrx_word' id='word_1_206' title='bbox 1618 1483 1647 1532; x_wconf 90' lang='lat' dir='ltr'>et</span> <span class='ocrx_word' id='word_1_207' title='bbox 1662 1482 1754 1534; x_wconf 89' lang='lat' dir='ltr'>totam</span> <span class='ocrx_word' id='word_1_208' title='bbox 1770 1484 1831 1534; x_wconf 87' lang='lat' dir='ltr'>ter·</span> 
     </span>
     <span class='ocr_line' id='line_1_31' title="bbox 1000 1565 1833 1639; baseline 0.004 -18"><span class='ocrx_word' id='word_1_209' title='bbox 1000 1583 1063 1622; x_wconf 90' lang='lat' dir='ltr'>ram</span> <span class='ocrx_word' id='word_1_210' title='bbox 1080 1565 1174 1639; x_wconf 84' lang='lat' dir='ltr'>rigare</span> <span class='ocrx_word' id='word_1_211' title='bbox 1197 1565 1341 1639; x_wconf 79' lang='lat' dir='ltr'>precepit.</span> <span class='ocrx_word' id='word_1_212' title='bbox 1356 1565 1465 1638; x_wconf 78' lang='lat' dir='ltr'>Adjuro</span> <span class='ocrx_word' id='word_1_213' title='bbox 1480 1570 1509 1621; x_wconf 91' lang='lat' dir='ltr'>te</span> <span class='ocrx_word' id='word_1_214' title='bbox 1524 1583 1576 1638; x_wconf 88' lang='grc' dir='ltr'>ρον</span> <span class='ocrx_word' id='word_1_215' title='bbox 1599 1583 1678 1633; x_wconf 87' lang='lat' dir='ltr'>eum,</span> <span class='ocrx_word' id='word_1_216' title='bbox 1690 1567 1742 1639; x_wconf 91' lang='lat' dir='ltr'>qui</span> <span class='ocrx_word' id='word_1_217' title='bbox 1758 1567 1786 1622; x_wconf 90' lang='lat' dir='ltr'>in</span> <span class='ocrx_word' id='word_1_218' title='bbox 1806 1572 1833 1625; x_wconf 90' lang='lat' dir='ltr'>te</span> 
     </span>
     <span class='ocr_line' id='line_1_32' title="bbox 1000 1653 1833 1728; baseline 0.001 -17"><span class='ocrx_word' id='word_1_219' title='bbox 1000 1656 1130 1711; x_wconf 82' lang='lat' dir='ltr'>Naaman</span> <span class='ocrx_word' id='word_1_220' title='bbox 1142 1656 1247 1727; x_wconf 86' lang='lat' dir='ltr'>Syrum</span> <span class='ocrx_word' id='word_1_221' title='bbox 1258 1673 1275 1710; x_wconf 89' lang='lat' dir='ltr'>a</span> <span class='ocrx_word' id='word_1_222' title='bbox 1286 1672 1339 1710; x_wconf 89' lang='lat' dir='ltr'>sua</span> <span class='ocrx_word' id='word_1_223' title='bbox 1352 1653 1433 1728; x_wconf 91' lang='lat' dir='ltr'>lepra</span> <span class='ocrx_word' id='word_1_224' title='bbox 1444 1655 1606 1723; x_wconf 80' lang='lat' dir='ltr'>mundavit,</span> <span class='ocrx_word' id='word_1_225' title='bbox 1619 1659 1648 1711; x_wconf 91' lang='lat' dir='ltr'>et</span> <span class='ocrx_word' id='word_1_226' title='bbox 1659 1672 1709 1722; x_wconf 87' lang='grc' dir='ltr'>ρον</span> <span class='ocrx_word' id='word_1_227' title='bbox 1724 1672 1833 1713; x_wconf 85' lang='lat' dir='ltr'>manus</span> 
     </span>
    </p>
   </div>
   <div class='ocr_carea' id='block_1_7' title="bbox 114 1735 1835 4667">
    <p class='ocr_par' dir='ltr' id='par_1_10' title="bbox 114 1735 1835 4667">
     <span class='ocr_line' id='line_1_33' title="bbox 122 1735 1832 1829; baseline -0.001 -25"><span class='ocrx_word' id='word_1_228' title='bbox 122 1748 237 1804; x_wconf 85' lang='lat' dir='ltr'>ritalem</span> <span class='ocrx_word' id='word_1_229' title='bbox 252 1748 511 1812; x_wconf 85' lang='lat' dir='ltr'>manducaverunt,</span> <span class='ocrx_word' id='word_1_230' title='bbox 528 1751 557 1801; x_wconf 89' lang='lat' dir='ltr'>et</span> <span class='ocrx_word' id='word_1_231' title='bbox 570 1762 671 1802; x_wconf 89' lang='lat' dir='ltr'>omncs</span> <span class='ocrx_word' id='word_1_232' title='bbox 691 1745 827 1800; x_wconf 89' lang='lat' dir='ltr'>eumdem</span> <span class='ocrx_word' id='word_1_233' title='bbox 844 1748 945 1815; x_wconf 88' lang='lat' dir='ltr'>potum</span> <span class='ocrx_word' id='word_1_234' title='bbox 961 1764 985 1829; x_wconf 78' lang='lat' dir='ltr'>B</span> <span class='ocrx_word' id='word_1_235' title='bbox 1000 1745 1446 1818; x_wconf 74' lang='lat' dir='ltr'>Helisaeipropbetaeinmissione</span> <span class='ocrx_word' id='word_1_236' title='bbox 1457 1735 1751 1801; x_wconf 83' lang='lat' dir='ltr'>dulcoravit.Dliicere</span> <span class='ocrx_word' id='word_1_237' title='bbox 1762 1761 1832 1820; x_wconf 83' lang='lat' dir='ltr'>ergo</span> 
     </span>
     <span class='ocr_line' id='line_1_34' title="bbox 122 1831 1830 1910; baseline -0.002 -18"><span class='ocrx_word' id='word_1_238' title='bbox 122 1835 284 1910; x_wconf 89' lang='lat' dir='ltr'>spiritalem</span> <span class='ocrx_word' id='word_1_239' title='bbox 307 1835 453 1892; x_wconf 86' lang='lat' dir='ltr'>biberunt.</span> <span class='ocrx_word' id='word_1_240' title='bbox 471 1835 612 1890; x_wconf 88' lang='lat' dir='ltr'>Bibebant</span> <span class='ocrx_word' id='word_1_241' title='bbox 628 1838 725 1890; x_wconf 90' lang='lat' dir='ltr'>autem</span> <span class='ocrx_word' id='word_1_242' title='bbox 750 1834 786 1889; x_wconf 88' lang='lat' dir='ltr'>de</span> <span class='ocrx_word' id='word_1_243' title='bbox 809 1831 945 1905; x_wconf 88' lang='lat' dir='ltr'>spiritali,</span> <span class='ocrx_word' id='word_1_244' title='bbox 1004 1851 1081 1906; x_wconf 84' lang='lat' dir='ltr'>aqua</span> <span class='ocrx_word' id='word_1_245' title='bbox 1095 1839 1206 1902; x_wconf 87' lang='lat' dir='ltr'>sancta,</span> <span class='ocrx_word' id='word_1_246' title='bbox 1221 1852 1299 1907; x_wconf 87' lang='lat' dir='ltr'>aqua</span> <span class='ocrx_word' id='word_1_247' title='bbox 1322 1835 1484 1902; x_wconf 88' lang='lat' dir='ltr'>benedicta,</span> <span class='ocrx_word' id='word_1_248' title='bbox 1501 1852 1577 1907; x_wconf 88' lang='lat' dir='ltr'>aqua</span> <span class='ocrx_word' id='word_1_249' title='bbox 1600 1834 1702 1890; x_wconf 81' lang='lat' dir='ltr'>lavans</span> <span class='ocrx_word' id='word_1_250' title='bbox 1717 1835 1830 1902; x_wconf 85' lang='lat' dir='ltr'>sordes,</span> 
     </span>
     <span class='ocr_line' id='line_1_35' title="bbox 122 1921 1832 1997; baseline -0.001 -17"><span class='ocrx_word' id='word_1_251' title='bbox 122 1929 317 1997; x_wconf 84' lang='lat' dir='ltr'>consequente</span> <span class='ocrx_word' id='word_1_252' title='bbox 332 1941 381 1979; x_wconf 91' lang='lat' dir='ltr'>eos</span> <span class='ocrx_word' id='word_1_253' title='bbox 396 1928 488 1996; x_wconf 91' lang='lat' dir='ltr'>petra,</span> <span class='ocrx_word' id='word_1_254' title='bbox 506 1928 588 1996; x_wconf 87' lang='lat' dir='ltr'>petra</span> <span class='ocrx_word' id='word_1_255' title='bbox 607 1928 704 1978; x_wconf 89' lang='lat' dir='ltr'>autem</span> <span class='ocrx_word' id='word_1_256' title='bbox 725 1926 787 1978; x_wconf 91' lang='lat' dir='ltr'>erat</span> <span class='ocrx_word' id='word_1_257' title='bbox 803 1921 947 1977; x_wconf 89' lang='lat' dir='ltr'>Christus.</span> <span class='ocrx_word' id='word_1_258' title='bbox 1004 1929 1032 1978; x_wconf 90' lang='lat' dir='ltr'>et</span> <span class='ocrx_word' id='word_1_259' title='bbox 1049 1924 1196 1979; x_wconf 91' lang='lat' dir='ltr'>mundans</span> <span class='ocrx_word' id='word_1_260' title='bbox 1219 1928 1347 1995; x_wconf 86' lang='lat' dir='ltr'>peccata.</span> <span class='ocrx_word' id='word_1_261' title='bbox 1364 1924 1474 1995; x_wconf 83' lang='lat' dir='ltr'>Adjuro</span> <span class='ocrx_word' id='word_1_262' title='bbox 1490 1928 1518 1980; x_wconf 89' lang='lat' dir='ltr'>te</span> <span class='ocrx_word' id='word_1_263' title='bbox 1538 1940 1589 1996; x_wconf 86' lang='grc' dir='ltr'>ρον</span> <span class='ocrx_word' id='word_1_264' title='bbox 1613 1924 1705 1980; x_wconf 90' lang='lat' dir='ltr'>Deum</span> <span class='ocrx_word' id='word_1_265' title='bbox 1721 1921 1832 1990; x_wconf 79' lang='lat' dir='ltr'>vivum,</span> 
     </span>
     <span class='ocr_line' id='line_1_36' title="bbox 123 2010 1832 2085; baseline -0.002 -15"><span class='ocrx_word' id='word_1_266' title='bbox 123 2014 168 2070; x_wconf 87' lang='lat' dir='ltr'>Or.</span> <span class='ocrx_word' id='word_1_267' title='bbox 184 2014 308 2085; x_wconf 85' lang='lat' dir='ltr'>Adjutor</span> <span class='ocrx_word' id='word_1_268' title='bbox 325 2013 356 2069; x_wconf 89' lang='lat' dir='ltr'>in</span> <span class='ocrx_word' id='word_1_269' title='bbox 376 2017 512 2085; x_wconf 90' lang='lat' dir='ltr'>oportun.</span> <span class='ocrx_word' id='word_1_270' title='bbox 529 2020 554 2079; x_wconf 70' lang='lat' dir='ltr'>i.</span> <span class='ocrx_word' id='word_1_271' title='bbox 571 2012 711 2085; x_wconf 81' lang='lat' dir='ltr'>quoniam</span> <span class='ocrx_word' id='word_1_272' title='bbox 728 2028 784 2068; x_wconf 92' lang='lat' dir='ltr'>non</span> <span class='ocrx_word' id='word_1_273' title='bbox 802 2012 831 2067; x_wconf 91' lang='lat' dir='ltr'>in</span> <span class='ocrx_word' id='word_1_274' title='bbox 849 2012 948 2067; x_wconf 84' lang='lat' dir='ltr'>finem.</span> <span class='ocrx_word' id='word_1_275' title='bbox 1005 2018 1038 2069; x_wconf 91' lang='lat' dir='ltr'>ut</span> <span class='ocrx_word' id='word_1_276' title='bbox 1051 2017 1079 2069; x_wconf 89' lang='lat' dir='ltr'>te</span> <span class='ocrx_word' id='word_1_277' title='bbox 1100 2012 1241 2067; x_wconf 86' lang='lat' dir='ltr'>mundam</span> <span class='ocrx_word' id='word_1_278' title='bbox 1266 2011 1413 2080; x_wconf 87' lang='lat' dir='ltr'>exhibeas,</span> <span class='ocrx_word' id='word_1_279' title='bbox 1427 2028 1479 2067; x_wconf 88' lang='lat' dir='ltr'>nec</span> <span class='ocrx_word' id='word_1_280' title='bbox 1494 2011 1523 2066; x_wconf 86' lang='lat' dir='ltr'>in</span> <span class='ocrx_word' id='word_1_281' title='bbox 1538 2015 1566 2067; x_wconf 80' lang='lat' dir='ltr'>te</span> <span class='ocrx_word' id='word_1_282' title='bbox 1581 2010 1712 2084; x_wconf 90' lang='lat' dir='ltr'>aliquam</span> <span class='ocrx_word' id='word_1_283' title='bbox 1737 2011 1832 2067; x_wconf 82' lang='lat' dir='ltr'>ianta-</span> 
     </span>
     <span class='ocr_line' id='line_1_37' title="bbox 368 2099 1835 2169; baseline -0.001 -11"><span class='ocrx_word' id='word_1_284' title='bbox 368 2101 522 2158; x_wconf 84' lang='lat' dir='ltr'>Secundam</span> <span class='ocrx_word' id='word_1_285' title='bbox 536 2101 703 2158; x_wconf 64' lang='lat' dir='ltr'>Muttinem.</span> <span class='ocrx_word' id='word_1_286' title='bbox 1004 2103 1079 2158; x_wconf 91' lang='lat' dir='ltr'>siam</span> <span class='ocrx_word' id='word_1_287' title='bbox 1098 2102 1239 2164; x_wconf 86' lang='lat' dir='ltr'>retineas;</span> <span class='ocrx_word' id='word_1_288' title='bbox 1264 2100 1313 2156; x_wconf 86' lang='lat' dir='ltr'>scd</span> <span class='ocrx_word' id='word_1_289' title='bbox 1340 2099 1477 2156; x_wconf 77' lang='lat' dir='ltr'>efficiaris</span> <span class='ocrx_word' id='word_1_290' title='bbox 1501 2100 1566 2156; x_wconf 85' lang='lat' dir='ltr'>iona</span> <span class='ocrx_word' id='word_1_291' title='bbox 1592 2099 1784 2169; x_wconf 80' lang='lat' dir='ltr'>exorcizatus,</span> <span class='ocrx_word' id='word_1_292' title='bbox 1802 2103 1835 2156; x_wconf 84' lang='lat' dir='ltr'>ut</span> 
     </span>
     <span class='ocr_line' id='line_1_38' title="bbox 157 2189 1832 2263; baseline -0.002 -16"><span class='ocrx_word' id='word_1_293' title='bbox 157 2191 252 2248; x_wconf 92' lang='lat' dir='ltr'>lnillo</span> <span class='ocrx_word' id='word_1_294' title='bbox 267 2195 398 2263; x_wconf 85' lang='lat' dir='ltr'>tempore</span> <span class='ocrx_word' id='word_1_295' title='bbox 422 2190 496 2245; x_wconf 85' lang='lat' dir='ltr'>dixit</span> <span class='ocrx_word' id='word_1_296' title='bbox 510 2191 597 2247; x_wconf 78' lang='lat' dir='ltr'>iesus</span> <span class='ocrx_word' id='word_1_297' title='bbox 621 2189 774 2263; x_wconf 84' lang='lat' dir='ltr'>discipulis</span> <span class='ocrx_word' id='word_1_298' title='bbox 800 2190 873 2245; x_wconf 89' lang='lat' dir='ltr'>suis.</span> <span class='ocrx_word' id='word_1_299' title='bbox 890 2189 948 2245; x_wconf 88' lang='lat' dir='ltr'>Vos</span> <span class='ocrx_word' id='word_1_300' title='bbox 1004 2191 1170 2262; x_wconf 86' lang='lat' dir='ltr'>ubicunque</span> <span class='ocrx_word' id='word_1_301' title='bbox 1192 2207 1330 2263; x_wconf 85' lang='lat' dir='ltr'>aspersus</span> <span class='ocrx_word' id='word_1_302' title='bbox 1355 2189 1455 2256; x_wconf 86' lang='lat' dir='ltr'>fucris,</span> <span class='ocrx_word' id='word_1_303' title='bbox 1473 2189 1532 2245; x_wconf 90' lang='lat' dir='ltr'>sive</span> <span class='ocrx_word' id='word_1_304' title='bbox 1556 2189 1586 2244; x_wconf 90' lang='lat' dir='ltr'>in</span> <span class='ocrx_word' id='word_1_305' title='bbox 1611 2189 1709 2257; x_wconf 89' lang='lat' dir='ltr'>domo,</span> <span class='ocrx_word' id='word_1_306' title='bbox 1726 2190 1787 2245; x_wconf 87' lang='lat' dir='ltr'>sive</span> <span class='ocrx_word' id='word_1_307' title='bbox 1803 2190 1832 2244; x_wconf 89' lang='lat' dir='ltr'>in</span> 
     </span>
     <span class='ocr_line' id='line_1_39' title="bbox 122 2277 1832 2353; baseline -0.002 -15"><span class='ocrx_word' id='word_1_308' title='bbox 122 2281 194 2338; x_wconf 85' lang='lat' dir='ltr'>estis</span> <span class='ocrx_word' id='word_1_309' title='bbox 210 2279 251 2336; x_wconf 91' lang='lat' dir='ltr'>sal</span> <span class='ocrx_word' id='word_1_310' title='bbox 267 2285 351 2336; x_wconf 75' lang='lat' dir='ltr'>terra</span> <span class='ocrx_word' id='word_1_311' title='bbox 368 2297 375 2335; x_wconf 92' lang='lat'><strong>:</strong></span> <span class='ocrx_word' id='word_1_312' title='bbox 392 2281 470 2352; x_wconf 89' lang='lat' dir='ltr'>quod</span> <span class='ocrx_word' id='word_1_313' title='bbox 487 2281 510 2336; x_wconf 90' lang='lat' dir='ltr'>si</span> <span class='ocrx_word' id='word_1_314' title='bbox 532 2280 574 2335; x_wconf 88' lang='lat' dir='ltr'>sal</span> <span class='ocrx_word' id='word_1_315' title='bbox 596 2280 754 2346; x_wconf 86' lang='lat' dir='ltr'>evanuerit,</span> <span class='ocrx_word' id='word_1_316' title='bbox 771 2280 807 2335; x_wconf 88' lang='lat' dir='ltr'>ad</span> <span class='ocrx_word' id='word_1_317' title='bbox 824 2278 947 2334; x_wconf 92' lang='lat' dir='ltr'>nibilum</span> <span class='ocrx_word' id='word_1_318' title='bbox 1003 2278 1121 2353; x_wconf 82' lang='lat' dir='ltr'>angulis</span> <span class='ocrx_word' id='word_1_319' title='bbox 1138 2279 1418 2347; x_wconf 90' lang='lat' dir='ltr'>cubiculorum,sive</span> <span class='ocrx_word' id='word_1_320' title='bbox 1428 2279 1457 2334; x_wconf 92' lang='lat' dir='ltr'>in</span> <span class='ocrx_word' id='word_1_321' title='bbox 1475 2295 1555 2351; x_wconf 85' lang='lat' dir='ltr'>agro,</span> <span class='ocrx_word' id='word_1_322' title='bbox 1568 2277 1832 2352; x_wconf 89' lang='lat' dir='ltr'>sivesupcrhomi-</span> 
     </span>
     <span class='ocr_line' id='line_1_40' title="bbox 121 2367 1833 2441; baseline -0.002 -15"><span class='ocrx_word' id='word_1_323' title='bbox 121 2368 198 2426; x_wconf 88' lang='lat' dir='ltr'>valet</span> <span class='ocrx_word' id='word_1_324' title='bbox 212 2368 299 2434; x_wconf 87' lang='lat' dir='ltr'>ultra,</span> <span class='ocrx_word' id='word_1_325' title='bbox 312 2367 368 2424; x_wconf 90' lang='lat' dir='ltr'>nisi</span> <span class='ocrx_word' id='word_1_326' title='bbox 384 2376 415 2423; x_wconf 92' lang='lat' dir='ltr'>ut</span> <span class='ocrx_word' id='word_1_327' title='bbox 430 2369 564 2424; x_wconf 88' lang='lat' dir='ltr'>mittatur</span> <span class='ocrx_word' id='word_1_328' title='bbox 579 2369 656 2424; x_wconf 88' lang='lat' dir='ltr'>ieras</span> <span class='ocrx_word' id='word_1_329' title='bbox 669 2373 696 2424; x_wconf 91' lang='lat' dir='ltr'>ct</span> <span class='ocrx_word' id='word_1_330' title='bbox 712 2368 900 2424; x_wconf 87' lang='lat' dir='ltr'>conculcetur</span> <span class='ocrx_word' id='word_1_331' title='bbox 912 2368 949 2423; x_wconf 91' lang='lat' dir='ltr'>ab</span> <span class='ocrx_word' id='word_1_332' title='bbox 1004 2387 1066 2435; x_wconf 79' lang='lat' dir='ltr'>nea,</span> <span class='ocrx_word' id='word_1_333' title='bbox 1083 2369 1143 2424; x_wconf 83' lang='lat' dir='ltr'>sive</span> <span class='ocrx_word' id='word_1_334' title='bbox 1158 2386 1247 2429; x_wconf 84' lang='lat' dir='ltr'>super</span> <span class='ocrx_word' id='word_1_335' title='bbox 1261 2384 1374 2441; x_wconf 87' lang='lat' dir='ltr'>pecora,</span> <span class='ocrx_word' id='word_1_336' title='bbox 1390 2368 1433 2423; x_wconf 90' lang='lat' dir='ltr'>vel</span> <span class='ocrx_word' id='word_1_337' title='bbox 1450 2369 1597 2440; x_wconf 87' lang='lat' dir='ltr'>jumenta,</span> <span class='ocrx_word' id='word_1_338' title='bbox 1613 2367 1656 2424; x_wconf 91' lang='lat' dir='ltr'>vel</span> <span class='ocrx_word' id='word_1_339' title='bbox 1673 2367 1698 2424; x_wconf 83' lang='lat' dir='ltr'>si</span> <span class='ocrx_word' id='word_1_340' title='bbox 1714 2367 1783 2440; x_wconf 83' lang='lat' dir='ltr'>quis</span> <span class='ocrx_word' id='word_1_341' title='bbox 1798 2385 1833 2423; x_wconf 85' lang='lat' dir='ltr'>ex</span> 
     </span>
     <span class='ocr_line' id='line_1_41' title="bbox 114 2454 1831 2529; baseline -0.001 -14"><span class='ocrx_word' id='word_1_342' title='bbox 114 2454 304 2515; x_wconf 76' lang='lat' dir='ltr'>&#39;hominibus</span> <span class='ocrx_word' id='word_1_343' title='bbox 315 2456 374 2511; x_wconf 90' lang='lat' dir='ltr'>Vos</span> <span class='ocrx_word' id='word_1_344' title='bbox 388 2456 460 2512; x_wconf 87' lang='lat' dir='ltr'>estis</span> <span class='ocrx_word' id='word_1_345' title='bbox 476 2456 526 2511; x_wconf 91' lang='lat' dir='ltr'>lux</span> <span class='ocrx_word' id='word_1_346' title='bbox 538 2457 629 2528; x_wconf 84' lang='lat' dir='ltr'>hujus</span> <span class='ocrx_word' id='word_1_347' title='bbox 646 2457 759 2512; x_wconf 90' lang='lat' dir='ltr'>muudi.</span> <span class='ocrx_word' id='word_1_348' title='bbox 774 2458 837 2514; x_wconf 89' lang='lat' dir='ltr'>Nou</span> <span class='ocrx_word' id='word_1_349' title='bbox 855 2460 949 2529; x_wconf 88' lang='lat' dir='ltr'>potest</span> <span class='ocrx_word' id='word_1_350' title='bbox 1004 2462 1031 2513; x_wconf 89' lang='lat' dir='ltr'>te</span> <span class='ocrx_word' id='word_1_351' title='bbox 1043 2458 1213 2529; x_wconf 81' lang='lat' dir='ltr'>gustaverit,</span> <span class='ocrx_word' id='word_1_352' title='bbox 1227 2459 1279 2514; x_wconf 81' lang='lat' dir='ltr'>iras</span> <span class='ocrx_word' id='word_1_353' title='bbox 1294 2458 1318 2513; x_wconf 89' lang='lat' dir='ltr'>ei</span> <span class='ocrx_word' id='word_1_354' title='bbox 1336 2456 1557 2513; x_wconf 86' lang='lat' dir='ltr'>dcsensaculum</span> <span class='ocrx_word' id='word_1_355' title='bbox 1573 2458 1647 2525; x_wconf 79' lang='lat' dir='ltr'>vitre,</span> <span class='ocrx_word' id='word_1_356' title='bbox 1665 2457 1831 2513; x_wconf 89' lang='lat' dir='ltr'>remedium</span> 
     </span>
     <span class='ocr_line' id='line_1_42' title="bbox 122 2544 1833 2620; baseline 0 -18"><span class='ocrx_word' id='word_1_357' title='bbox 122 2545 223 2602; x_wconf 87' lang='lat' dir='ltr'>civitas</span> <span class='ocrx_word' id='word_1_358' title='bbox 234 2544 373 2600; x_wconf 87' lang='lat' dir='ltr'>abscondi</span> <span class='ocrx_word' id='word_1_359' title='bbox 385 2550 613 2617; x_wconf 86' lang='lat' dir='ltr'>supermontem</span> <span class='ocrx_word' id='word_1_360' title='bbox 624 2546 729 2618; x_wconf 91' lang='lat' dir='ltr'>posita.</span> <span class='ocrx_word' id='word_1_361' title='bbox 741 2547 949 2618; x_wconf 89' lang='lat' dir='ltr'>Nequeaccen·</span> <span class='ocrx_word' id='word_1_362' title='bbox 1004 2548 1148 2604; x_wconf 85' lang='lat' dir='ltr'>sanitatis.</span> <span class='ocrx_word' id='word_1_363' title='bbox 1166 2548 1229 2620; x_wconf 80' lang='lat' dir='ltr'>lpse</span> <span class='ocrx_word' id='word_1_364' title='bbox 1245 2564 1362 2619; x_wconf 86' lang='lat' dir='ltr'>quoquo</span> <span class='ocrx_word' id='word_1_365' title='bbox 1378 2544 1512 2603; x_wconf 88' lang='lat' dir='ltr'>diabolus</span> <span class='ocrx_word' id='word_1_366' title='bbox 1523 2546 1674 2620; x_wconf 80' lang='lat' dir='ltr'>elongetur</span> <span class='ocrx_word' id='word_1_367' title='bbox 1684 2550 1713 2602; x_wconf 90' lang='lat' dir='ltr'>et</span> <span class='ocrx_word' id='word_1_368' title='bbox 1726 2546 1833 2619; x_wconf 83' lang='lat' dir='ltr'>elinge-</span> 
     </span>
     <span class='ocr_line' id='line_1_43' title="bbox 122 2633 1832 2709; baseline 0 -19"><span class='ocrx_word' id='word_1_369' title='bbox 122 2634 198 2690; x_wconf 90' lang='lat' dir='ltr'>dunt</span> <span class='ocrx_word' id='word_1_370' title='bbox 211 2633 374 2705; x_wconf 88' lang='lat' dir='ltr'>lucernam,</span> <span class='ocrx_word' id='word_1_371' title='bbox 386 2637 415 2689; x_wconf 87' lang='lat' dir='ltr'>et</span> <span class='ocrx_word' id='word_1_372' title='bbox 425 2639 609 2706; x_wconf 91' lang='lat' dir='ltr'>ponunteam</span> <span class='ocrx_word' id='word_1_373' title='bbox 621 2635 676 2690; x_wconf 90' lang='lat' dir='ltr'>sub</span> <span class='ocrx_word' id='word_1_374' title='bbox 690 2635 787 2691; x_wconf 91' lang='lat' dir='ltr'>modio</span> <span class='ocrx_word' id='word_1_375' title='bbox 798 2636 848 2691; x_wconf 90' lang='lat' dir='ltr'>sed</span> <span class='ocrx_word' id='word_1_376' title='bbox 860 2652 949 2708; x_wconf 88' lang='lat' dir='ltr'>supra</span> <span class='ocrx_word' id='word_1_377' title='bbox 1004 2641 1062 2702; x_wconf 87' lang='lat' dir='ltr'>tur,</span> <span class='ocrx_word' id='word_1_378' title='bbox 1074 2640 1225 2707; x_wconf 87' lang='lat' dir='ltr'>tamquam</span> <span class='ocrx_word' id='word_1_379' title='bbox 1240 2635 1410 2709; x_wconf 79' lang='lat' dir='ltr'>elongatum</span> <span class='ocrx_word' id='word_1_380' title='bbox 1426 2640 1471 2691; x_wconf 86' lang='lat' dir='ltr'>est</span> <span class='ocrx_word' id='word_1_381' title='bbox 1492 2634 1596 2690; x_wconf 85' lang='lat' dir='ltr'>coelum</span> <span class='ocrx_word' id='word_1_382' title='bbox 1613 2652 1630 2690; x_wconf 92' lang='lat' dir='ltr'>a</span> <span class='ocrx_word' id='word_1_383' title='bbox 1645 2639 1732 2702; x_wconf 88' lang='lat' dir='ltr'>terra,</span> <span class='ocrx_word' id='word_1_384' title='bbox 1748 2635 1801 2690; x_wconf 84' lang='lat' dir='ltr'>lux</span> <span class='ocrx_word' id='word_1_385' title='bbox 1815 2655 1832 2690; x_wconf 84' lang='lat' dir='ltr'>a</span> 
     </span>
     <span class='ocr_line' id='line_1_44' title="bbox 122 2721 1832 2796; baseline 0.001 -17"><span class='ocrx_word' id='word_1_386' title='bbox 122 2722 342 2789; x_wconf 88' lang='lat' dir='ltr'>candelabrum,</span> <span class='ocrx_word' id='word_1_387' title='bbox 355 2726 386 2778; x_wconf 92' lang='lat' dir='ltr'>ut</span> <span class='ocrx_word' id='word_1_388' title='bbox 401 2721 497 2779; x_wconf 93' lang='lat' dir='ltr'>luceat</span> <span class='ocrx_word' id='word_1_389' title='bbox 509 2724 648 2780; x_wconf 89' lang='lat' dir='ltr'>omnibus</span> <span class='ocrx_word' id='word_1_390' title='bbox 659 2724 707 2796; x_wconf 93' lang='lat' dir='ltr'>qui</span> <span class='ocrx_word' id='word_1_391' title='bbox 725 2725 754 2779; x_wconf 94' lang='lat' dir='ltr'>in</span> <span class='ocrx_word' id='word_1_392' title='bbox 766 2725 852 2780; x_wconf 89' lang='lat' dir='ltr'>doma</span> <span class='ocrx_word' id='word_1_393' title='bbox 867 2729 947 2780; x_wconf 91' lang='lat' dir='ltr'>sunt.</span> <span class='ocrx_word' id='word_1_394' title='bbox 1002 2725 1141 2790; x_wconf 79' lang='lat' dir='ltr'>tenebris,</span> <span class='ocrx_word' id='word_1_395' title='bbox 1154 2725 1271 2794; x_wconf 82' lang='lat' dir='ltr'>justum</span> <span class='ocrx_word' id='word_1_396' title='bbox 1297 2725 1333 2779; x_wconf 89' lang='lat' dir='ltr'>ab</span> <span class='ocrx_word' id='word_1_397' title='bbox 1354 2723 1475 2796; x_wconf 87' lang='lat' dir='ltr'>injusto,</span> <span class='ocrx_word' id='word_1_398' title='bbox 1493 2722 1578 2780; x_wconf 88' lang='lat' dir='ltr'>dulce</span> <span class='ocrx_word' id='word_1_399' title='bbox 1601 2723 1637 2779; x_wconf 91' lang='lat' dir='ltr'>ab</span> <span class='ocrx_word' id='word_1_400' title='bbox 1661 2740 1775 2789; x_wconf 85' lang='lat' dir='ltr'>amaro,</span> <span class='ocrx_word' id='word_1_401' title='bbox 1790 2725 1832 2781; x_wconf 91' lang='lat' dir='ltr'>sic</span> 
     </span>
     <span class='ocr_line' id='line_1_45' title="bbox 122 2810 1832 2887; baseline 0.001 -19"><span class='ocrx_word' id='word_1_402' title='bbox 122 2811 169 2868; x_wconf 92' lang='lat' dir='ltr'>Sic</span> <span class='ocrx_word' id='word_1_403' title='bbox 185 2810 280 2867; x_wconf 89' lang='lat' dir='ltr'>luceat</span> <span class='ocrx_word' id='word_1_404' title='bbox 300 2811 351 2867; x_wconf 88' lang='lat' dir='ltr'>lux</span> <span class='ocrx_word' id='word_1_405' title='bbox 370 2816 466 2869; x_wconf 74' lang='lat' dir='ltr'>vestra</span> <span class='ocrx_word' id='word_1_406' title='bbox 491 2813 568 2868; x_wconf 92' lang='lat' dir='ltr'>bona</span> <span class='ocrx_word' id='word_1_407' title='bbox 594 2829 692 2868; x_wconf 88' lang='lat' dir='ltr'>coram</span> <span class='ocrx_word' id='word_1_408' title='bbox 722 2812 902 2879; x_wconf 89' lang='lat' dir='ltr'>hominibus,</span> <span class='ocrx_word' id='word_1_409' title='bbox 917 2817 948 2869; x_wconf 91' lang='lat' dir='ltr'>ut</span> <span class='ocrx_word' id='word_1_410' title='bbox 1003 2818 1155 2887; x_wconf 83' lang='lat' dir='ltr'>separetur</span> <span class='ocrx_word' id='word_1_411' title='bbox 1168 2813 1215 2869; x_wconf 90' lang='lat' dir='ltr'>ille</span> <span class='ocrx_word' id='word_1_412' title='bbox 1231 2812 1352 2885; x_wconf 90' lang='lat' dir='ltr'>spiritus</span> <span class='ocrx_word' id='word_1_413' title='bbox 1374 2813 1546 2869; x_wconf 88' lang='lat' dir='ltr'>immundus</span> <span class='ocrx_word' id='word_1_414' title='bbox 1561 2812 1598 2869; x_wconf 91' lang='lat' dir='ltr'>ah</span> <span class='ocrx_word' id='word_1_415' title='bbox 1614 2811 1695 2868; x_wconf 91' lang='lat' dir='ltr'>omni</span> <span class='ocrx_word' id='word_1_416' title='bbox 1719 2813 1832 2870; x_wconf 89' lang='lat' dir='ltr'>habita·</span> 
     </span>
     <span class='ocr_line' id='line_1_46' title="bbox 121 2899 1832 2975; baseline 0.003 -21"><span class='ocrx_word' id='word_1_417' title='bbox 121 2899 239 2956; x_wconf 89' lang='lat' dir='ltr'>videant</span> <span class='ocrx_word' id='word_1_418' title='bbox 260 2900 337 2956; x_wconf 90' lang='lat' dir='ltr'>bona</span> <span class='ocrx_word' id='word_1_419' title='bbox 360 2905 456 2957; x_wconf 83' lang='lat' dir='ltr'>vestra</span> <span class='ocrx_word' id='word_1_420' title='bbox 478 2917 576 2973; x_wconf 89' lang='lat' dir='ltr'>opera,</span> <span class='ocrx_word' id='word_1_421' title='bbox 592 2907 621 2957; x_wconf 89' lang='lat' dir='ltr'>et</span> <span class='ocrx_word' id='word_1_422' title='bbox 644 2901 807 2975; x_wconf 81' lang='lat' dir='ltr'>glorificent</span> <span class='ocrx_word' id='word_1_423' title='bbox 834 2902 948 2959; x_wconf 88' lang='lat' dir='ltr'>Patrem</span> <span class='ocrx_word' id='word_1_424' title='bbox 1003 2902 1081 2960; x_wconf 89' lang='lat' dir='ltr'>tione</span> <span class='ocrx_word' id='word_1_425' title='bbox 1105 2901 1282 2958; x_wconf 79' lang='lat' dir='ltr'>famulorum</span> <span class='ocrx_word' id='word_1_426' title='bbox 1307 2901 1543 2974; x_wconf 86' lang='lat' dir='ltr'>famularumque</span> <span class='ocrx_word' id='word_1_427' title='bbox 1567 2901 1628 2970; x_wconf 91' lang='lat' dir='ltr'>Dei,</span> <span class='ocrx_word' id='word_1_428' title='bbox 1653 2901 1699 2958; x_wconf 89' lang='lat' dir='ltr'>vel</span> <span class='ocrx_word' id='word_1_429' title='bbox 1723 2903 1761 2959; x_wconf 88' lang='lat' dir='ltr'>ab</span> <span class='ocrx_word' id='word_1_430' title='bbox 1786 2903 1832 2960; x_wconf 90' lang='lat' dir='ltr'>his</span> 
     </span>
     <span class='ocr_line' id='line_1_47' title="bbox 122 2987 1831 3063; baseline 0.004 -21"><span class='ocrx_word' id='word_1_431' title='bbox 122 2989 264 3055; x_wconf 88' lang='lat' dir='ltr'>vestrum,</span> <span class='ocrx_word' id='word_1_432' title='bbox 281 2988 332 3059; x_wconf 92' lang='lat' dir='ltr'>qui</span> <span class='ocrx_word' id='word_1_433' title='bbox 347 2987 436 3045; x_wconf 85' lang='lat' dir='ltr'>estin</span> <span class='ocrx_word' id='word_1_434' title='bbox 452 2989 543 3045; x_wconf 83' lang='lat' dir='ltr'>coelia.</span> <span class='ocrx_word' id='word_1_435' title='bbox 1002 2991 1084 3059; x_wconf 90' lang='lat' dir='ltr'>locis,</span> <span class='ocrx_word' id='word_1_436' title='bbox 1101 2991 1150 3047; x_wconf 90' lang='lat' dir='ltr'>ubi</span> <span class='ocrx_word' id='word_1_437' title='bbox 1167 2991 1227 3046; x_wconf 77' lang='lat' dir='ltr'>baec</span> <span class='ocrx_word' id='word_1_438' title='bbox 1243 2991 1323 3046; x_wconf 87' lang='lat' dir='ltr'>unda</span> <span class='ocrx_word' id='word_1_439' title='bbox 1338 3007 1471 3063; x_wconf 86' lang='lat' dir='ltr'>respersa</span> <span class='ocrx_word' id='word_1_440' title='bbox 1486 2989 1582 3057; x_wconf 83' lang='lat' dir='ltr'>fuerit,</span> <span class='ocrx_word' id='word_1_441' title='bbox 1598 2993 1787 3063; x_wconf 85' lang='lat' dir='ltr'>perverbum</span> <span class='ocrx_word' id='word_1_442' title='bbox 1804 2997 1831 3049; x_wconf 89' lang='lat' dir='ltr'>et</span> 
     </span>
     <span class='ocr_line' id='line_1_48' title="bbox 399 3078 1828 3151; baseline 0.003 -19"><span class='ocrx_word' id='word_1_443' title='bbox 399 3093 565 3133; x_wconf 67' lang='lat' dir='ltr'>nannum-rio</span> <span class='ocrx_word' id='word_1_444' title='bbox 584 3094 675 3141; x_wconf 70' lang='lat' dir='ltr'>noun.</span> <span class='ocrx_word' id='word_1_445' title='bbox 1002 3081 1140 3138; x_wconf 88' lang='lat' dir='ltr'>virtutem</span> <span class='ocrx_word' id='word_1_446' title='bbox 1156 3080 1272 3137; x_wconf 89' lang='lat' dir='ltr'>Domini</span> <span class='ocrx_word' id='word_1_447' title='bbox 1289 3081 1380 3137; x_wconf 86' lang='lat' dir='ltr'>nostri</span> <span class='ocrx_word' id='word_1_448' title='bbox 1396 3081 1465 3137; x_wconf 82' lang='lat' dir='ltr'>lesu</span> <span class='ocrx_word' id='word_1_449' title='bbox 1480 3079 1544 3151; x_wconf 90' lang='lat' dir='ltr'>Xpi.</span> <span class='ocrx_word' id='word_1_450' title='bbox 1557 3078 1612 3146; x_wconf 84' lang='lat' dir='ltr'>Qui</span> <span class='ocrx_word' id='word_1_451' title='bbox 1622 3083 1766 3138; x_wconf 85' lang='lat' dir='ltr'>venturus</span> <span class='ocrx_word' id='word_1_452' title='bbox 1777 3089 1828 3138; x_wconf 87' lang='lat' dir='ltr'>cst.</span> 
     </span>
     <span class='ocr_line' id='line_1_49' title="bbox 317 3129 1555 3232; baseline 0.003 -12"><span class='ocrx_word' id='word_1_453' title='bbox 317 3166 449 3221; x_wconf 74' lang='lat' dir='ltr'>Dominus</span> <span class='ocrx_word' id='word_1_454' title='bbox 464 3168 610 3223; x_wconf 86' lang='lat' dir='ltr'>vobiscum.</span> <span class='ocrx_word' id='word_1_455' title='bbox 628 3167 750 3223; x_wconf 78' lang='lat' dir='ltr'>oremus.</span> <span class='ocrx_word' id='word_1_456' title='bbox 963 3129 985 3198; x_wconf 69' lang='lat' dir='ltr'>c</span> <span class='ocrx_word' id='word_1_457' title='bbox 1277 3186 1444 3226; x_wconf 82' lang='lat' dir='ltr'>uaunurcrro</span> <span class='ocrx_word' id='word_1_458' title='bbox 1462 3185 1555 3232; x_wconf 72' lang='lat' dir='ltr'>noun.</span> 
     </span>
     <span class='ocr_line' id='line_1_50' title="bbox 158 3252 1829 3330; baseline 0.002 -19"><span class='ocrx_word' id='word_1_459' title='bbox 158 3252 294 3311; x_wconf 81' lang='lat' dir='ltr'>onrcizo</span> <span class='ocrx_word' id='word_1_460' title='bbox 310 3257 338 3310; x_wconf 90' lang='lat' dir='ltr'>te</span> <span class='ocrx_word' id='word_1_461' title='bbox 353 3258 486 3310; x_wconf 87' lang='lat' dir='ltr'>creatura</span> <span class='ocrx_word' id='word_1_462' title='bbox 501 3272 583 3327; x_wconf 80' lang='lat' dir='ltr'>aquae</span> <span class='ocrx_word' id='word_1_463' title='bbox 599 3272 651 3327; x_wconf 88' lang='lat' dir='ltr'>per</span> <span class='ocrx_word' id='word_1_464' title='bbox 665 3256 757 3311; x_wconf 91' lang='lat' dir='ltr'>Deum</span> <span class='ocrx_word' id='word_1_465' title='bbox 773 3256 881 3322; x_wconf 88' lang='lat' dir='ltr'>vivum,</span> <span class='ocrx_word' id='word_1_466' title='bbox 899 3273 950 3329; x_wconf 91' lang='lat' dir='ltr'>por</span> <span class='ocrx_word' id='word_1_467' title='bbox 1039 3259 1175 3315; x_wconf 82' lang='lat' dir='ltr'>Exoreiao</span> <span class='ocrx_word' id='word_1_468' title='bbox 1190 3263 1217 3314; x_wconf 88' lang='lat' dir='ltr'>te</span> <span class='ocrx_word' id='word_1_469' title='bbox 1233 3263 1365 3314; x_wconf 86' lang='lat' dir='ltr'>creatura</span> <span class='ocrx_word' id='word_1_470' title='bbox 1379 3275 1460 3330; x_wconf 75' lang='lat' dir='ltr'>aqua</span> <span class='ocrx_word' id='word_1_471' title='bbox 1486 3258 1514 3312; x_wconf 93' lang='lat' dir='ltr'>in</span> <span class='ocrx_word' id='word_1_472' title='bbox 1538 3258 1656 3314; x_wconf 90' lang='lat' dir='ltr'>nominc</span> <span class='ocrx_word' id='word_1_473' title='bbox 1670 3257 1721 3314; x_wconf 89' lang='lat' dir='ltr'>Dei</span> <span class='ocrx_word' id='word_1_474' title='bbox 1739 3259 1829 3315; x_wconf 85' lang='lat' dir='ltr'>Patris</span> 
     </span>
     <span class='ocr_line' id='line_1_51' title="bbox 123 3342 1828 3420; baseline 0.002 -21"><span class='ocrx_word' id='word_1_475' title='bbox 123 3342 215 3400; x_wconf 91' lang='lat' dir='ltr'>Deum</span> <span class='ocrx_word' id='word_1_476' title='bbox 236 3348 384 3411; x_wconf 92' lang='lat' dir='ltr'>sanctum,</span> <span class='ocrx_word' id='word_1_477' title='bbox 399 3361 450 3416; x_wconf 87' lang='lat' dir='ltr'>per</span> <span class='ocrx_word' id='word_1_478' title='bbox 471 3345 563 3401; x_wconf 88' lang='lat' dir='ltr'>Deum</span> <span class='ocrx_word' id='word_1_479' title='bbox 588 3345 677 3401; x_wconf 89' lang='lat' dir='ltr'>totius</span> <span class='ocrx_word' id='word_1_480' title='bbox 702 3351 850 3412; x_wconf 77' lang='lat' dir='ltr'>creaturae,</span> <span class='ocrx_word' id='word_1_481' title='bbox 868 3350 900 3402; x_wconf 91' lang='lat' dir='ltr'>ut</span> <span class='ocrx_word' id='word_1_482' title='bbox 923 3350 950 3402; x_wconf 91' lang='lat' dir='ltr'>te</span> <span class='ocrx_word' id='word_1_483' title='bbox 1005 3348 1223 3420; x_wconf 86' lang='lat' dir='ltr'>omnipotentis,</span> <span class='ocrx_word' id='word_1_484' title='bbox 1235 3351 1264 3403; x_wconf 88' lang='lat' dir='ltr'>et</span> <span class='ocrx_word' id='word_1_485' title='bbox 1276 3347 1306 3402; x_wconf 91' lang='lat' dir='ltr'>in</span> <span class='ocrx_word' id='word_1_486' title='bbox 1321 3346 1567 3403; x_wconf 86' lang='lat' dir='ltr'>nomineDomini</span> <span class='ocrx_word' id='word_1_487' title='bbox 1580 3347 1674 3403; x_wconf 84' lang='lat' dir='ltr'>nos‘tri</span> <span class='ocrx_word' id='word_1_488' title='bbox 1690 3348 1761 3404; x_wconf 82' lang='lat' dir='ltr'>lesu</span> <span class='ocrx_word' id='word_1_489' title='bbox 1777 3348 1828 3420; x_wconf 78' lang='lat' dir='ltr'>Xpi</span> 
     </span>
     <span class='ocr_line' id='line_1_52' title="bbox 122 3431 1828 3509; baseline 0.003 -22"><span class='ocrx_word' id='word_1_490' title='bbox 122 3432 264 3489; x_wconf 89' lang='lat' dir='ltr'>mundam</span> <span class='ocrx_word' id='word_1_491' title='bbox 279 3431 427 3488; x_wconf 86' lang='lat' dir='ltr'>exhibeas·</span> <span class='ocrx_word' id='word_1_492' title='bbox 441 3437 542 3489; x_wconf 90' lang='lat' dir='ltr'>contra</span> <span class='ocrx_word' id='word_1_493' title='bbox 558 3451 674 3490; x_wconf 90' lang='lat' dir='ltr'>omnem</span> <span class='ocrx_word' id='word_1_494' title='bbox 700 3436 846 3502; x_wconf 86' lang='lat' dir='ltr'>morbum,</span> <span class='ocrx_word' id='word_1_495' title='bbox 863 3441 950 3508; x_wconf 86' lang='lat' dir='ltr'>atque</span> <span class='ocrx_word' id='word_1_496' title='bbox 1005 3436 1068 3493; x_wconf 83' lang='lat' dir='ltr'>Filii</span> <span class='ocrx_word' id='word_1_497' title='bbox 1085 3437 1159 3507; x_wconf 84' lang='lat' dir='ltr'>ejus,</span> <span class='ocrx_word' id='word_1_498' title='bbox 1176 3442 1209 3492; x_wconf 89' lang='lat' dir='ltr'>ut</span> <span class='ocrx_word' id='word_1_499' title='bbox 1230 3437 1282 3491; x_wconf 79' lang='lat' dir='ltr'>fias</span> <span class='ocrx_word' id='word_1_500' title='bbox 1304 3453 1381 3508; x_wconf 87' lang='lat' dir='ltr'>aqua</span> <span class='ocrx_word' id='word_1_501' title='bbox 1395 3435 1556 3491; x_wconf 87' lang='lat' dir='ltr'>exorcizata</span> <span class='ocrx_word' id='word_1_502' title='bbox 1580 3437 1616 3493; x_wconf 89' lang='lat' dir='ltr'>ad</span> <span class='ocrx_word' id='word_1_503' title='bbox 1641 3437 1828 3509; x_wconf 79' lang='lat' dir='ltr'>effugandam</span> 
     </span>
     <span class='ocr_line' id='line_1_53' title="bbox 122 3519 1827 3597; baseline 0.002 -21"><span class='ocrx_word' id='word_1_504' title='bbox 122 3520 246 3577; x_wconf 85' lang='lat' dir='ltr'>insidias</span> <span class='ocrx_word' id='word_1_505' title='bbox 267 3519 389 3586; x_wconf 88' lang='lat' dir='ltr'>inimici,</span> <span class='ocrx_word' id='word_1_506' title='bbox 407 3527 439 3576; x_wconf 91' lang='lat' dir='ltr'>ut</span> <span class='ocrx_word' id='word_1_507' title='bbox 461 3521 628 3595; x_wconf 89' lang='lat' dir='ltr'>ubicunque</span> <span class='ocrx_word' id='word_1_508' title='bbox 653 3540 772 3595; x_wconf 89' lang='lat' dir='ltr'>aspersa</span> <span class='ocrx_word' id='word_1_509' title='bbox 796 3523 895 3592; x_wconf 87' lang='lat' dir='ltr'>saeris,</span> <span class='ocrx_word' id='word_1_510' title='bbox 913 3525 952 3581; x_wconf 87' lang='lat' dir='ltr'>sit</span> <span class='ocrx_word' id='word_1_511' title='bbox 1005 3542 1123 3582; x_wconf 89' lang='lat' dir='ltr'>omnem</span> <span class='ocrx_word' id='word_1_512' title='bbox 1153 3529 1326 3597; x_wconf 82' lang='lat' dir='ltr'>potestatam</span> <span class='ocrx_word' id='word_1_513' title='bbox 1355 3523 1476 3580; x_wconf 91' lang='lat' dir='ltr'>inimici.</span> <span class='ocrx_word' id='word_1_514' title='bbox 1495 3526 1529 3580; x_wconf 76' lang='lat' dir='ltr'>ut</span> <span class='ocrx_word' id='word_1_515' title='bbox 1553 3524 1650 3596; x_wconf 87' lang='lat' dir='ltr'>ipsum</span> <span class='ocrx_word' id='word_1_516' title='bbox 1677 3524 1827 3580; x_wconf 83' lang='lat' dir='ltr'>inimicum</span> 
     </span>
     <span class='ocr_line' id='line_1_54' title="bbox 120 3609 1828 3692; baseline 0.004 -28"><span class='ocrx_word' id='word_1_517' title='bbox 120 3609 952 3683; x_wconf 75' lang='lat' dir='ltr'>propitioDeodomusipsadesensa,sicutdefensetur.</span> <span class='ocrx_word' id='word_1_518' title='bbox 1005 3612 1152 3670; x_wconf 89' lang='lat' dir='ltr'>eradicare</span> <span class='ocrx_word' id='word_1_519' title='bbox 1172 3618 1200 3669; x_wconf 90' lang='lat' dir='ltr'>et</span> <span class='ocrx_word' id='word_1_520' title='bbox 1224 3614 1392 3692; x_wconf 83' lang='lat' dir='ltr'>explantare</span> <span class='ocrx_word' id='word_1_521' title='bbox 1406 3610 1503 3668; x_wconf 78' lang='lat' dir='ltr'>valcas</span> <span class='ocrx_word' id='word_1_522' title='bbox 1531 3630 1597 3669; x_wconf 92' lang='lat' dir='ltr'>cum</span> <span class='ocrx_word' id='word_1_523' title='bbox 1626 3612 1740 3686; x_wconf 82' lang='lat' dir='ltr'>angelis</span> <span class='ocrx_word' id='word_1_524' title='bbox 1769 3614 1828 3670; x_wconf 89' lang='lat' dir='ltr'>suis</span> 
     </span>
     <span class='ocr_line' id='line_1_55' title="bbox 120 3698 1826 3777; baseline 0.003 -23"><span class='ocrx_word' id='word_1_525' title='bbox 120 3703 189 3755; x_wconf 90' lang='lat' dir='ltr'>runt</span> <span class='ocrx_word' id='word_1_526' title='bbox 199 3699 305 3755; x_wconf 89' lang='lat' dir='ltr'>domus</span> <span class='ocrx_word' id='word_1_527' title='bbox 316 3698 503 3765; x_wconf 68' lang='lat' dir='ltr'>Hebraeorum</span> <span class='ocrx_word' id='word_1_528' title='bbox 515 3717 566 3772; x_wconf 90' lang='lat' dir='ltr'>per</span> <span class='ocrx_word' id='word_1_529' title='bbox 576 3701 694 3775; x_wconf 86' lang='lat' dir='ltr'>signum</span> <span class='ocrx_word' id='word_1_530' title='bbox 705 3704 858 3775; x_wconf 83' lang='lat' dir='ltr'>sanguinis</span> <span class='ocrx_word' id='word_1_531' title='bbox 870 3704 948 3777; x_wconf 84' lang='lat' dir='ltr'>agni.</span> <span class='ocrx_word' id='word_1_532' title='bbox 1005 3703 1183 3776; x_wconf 86' lang='lat' dir='ltr'>apostaticis.</span> <span class='ocrx_word' id='word_1_533' title='bbox 1201 3704 1253 3759; x_wconf 90' lang='lat' dir='ltr'>Per</span> <span class='ocrx_word' id='word_1_534' title='bbox 1272 3702 1409 3758; x_wconf 85' lang='lat' dir='ltr'>virtutem</span> <span class='ocrx_word' id='word_1_535' title='bbox 1432 3702 1546 3757; x_wconf 92' lang='lat' dir='ltr'>Domini</span> <span class='ocrx_word' id='word_1_536' title='bbox 1563 3703 1654 3758; x_wconf 87' lang='lat' dir='ltr'>nostri</span> <span class='ocrx_word' id='word_1_537' title='bbox 1678 3703 1750 3759; x_wconf 81' lang='lat' dir='ltr'>iesu</span> <span class='ocrx_word' id='word_1_538' title='bbox 1766 3703 1826 3776; x_wconf 84' lang='lat' dir='ltr'>Xpi.</span> 
     </span>
     <span class='ocr_line' id='line_1_56' title="bbox 118 3786 1281 3860; baseline 0.004 -18"><span class='ocrx_word' id='word_1_539' title='bbox 118 3786 164 3843; x_wconf 85' lang='lat' dir='ltr'>Sic</span> <span class='ocrx_word' id='word_1_540' title='bbox 176 3787 372 3843; x_wconf 77' lang='lat' dir='ltr'>defendantur</span> <span class='ocrx_word' id='word_1_541' title='bbox 383 3789 505 3844; x_wconf 90' lang='lat' dir='ltr'>Domine</span> <span class='ocrx_word' id='word_1_542' title='bbox 516 3789 622 3846; x_wconf 89' lang='lat' dir='ltr'>domus</span> <span class='ocrx_word' id='word_1_543' title='bbox 633 3791 811 3847; x_wconf 78' lang='lat' dir='ltr'>famulorum</span> <span class='ocrx_word' id='word_1_544' title='bbox 824 3793 950 3849; x_wconf 85' lang='lat' dir='ltr'>lamala·</span> <span class='ocrx_word' id='word_1_545' title='bbox 1004 3794 1058 3860; x_wconf 85' lang='lat' dir='ltr'>Qut</span> <span class='ocrx_word' id='word_1_546' title='bbox 1073 3797 1212 3849; x_wconf 86' lang='lat' dir='ltr'>venturus</span> <span class='ocrx_word' id='word_1_547' title='bbox 1227 3797 1281 3849; x_wconf 89' lang='lat' dir='ltr'>est.</span> 
     </span>
     <span class='ocr_line' id='line_1_57' title="bbox 117 3878 1828 3954; baseline 0.003 -24"><span class='ocrx_word' id='word_1_548' title='bbox 117 3891 247 3946; x_wconf 86' lang='lat' dir='ltr'>rumque</span> <span class='ocrx_word' id='word_1_549' title='bbox 259 3879 379 3932; x_wconf 86' lang='lat' dir='ltr'>tuarum</span> <span class='ocrx_word' id='word_1_550' title='bbox 399 3893 451 3948; x_wconf 91' lang='lat' dir='ltr'>per</span> <span class='ocrx_word' id='word_1_551' title='bbox 474 3878 675 3950; x_wconf 88' lang='lat' dir='ltr'>aspersionem</span> <span class='ocrx_word' id='word_1_552' title='bbox 692 3879 783 3952; x_wconf 89' lang='lat' dir='ltr'>hujus</span> <span class='ocrx_word' id='word_1_553' title='bbox 807 3898 898 3954; x_wconf 85' lang='lat' dir='ltr'>aquae.</span> <span class='ocrx_word' id='word_1_554' title='bbox 916 3884 948 3939; x_wconf 93' lang='lat' dir='ltr'>ln</span> <span class='ocrx_word' id='word_1_555' title='bbox 1038 3884 1110 3938; x_wconf 78' lang='lat' dir='ltr'>ilic.</span> <span class='ocrx_word' id='word_1_556' title='bbox 1127 3882 1204 3938; x_wconf 88' lang='lat' dir='ltr'>Deus</span> <span class='ocrx_word' id='word_1_557' title='bbox 1218 3881 1267 3953; x_wconf 90' lang='lat' dir='ltr'>qui</span> <span class='ocrx_word' id='word_1_558' title='bbox 1283 3880 1455 3937; x_wconf 89' lang='lat' dir='ltr'>adsalutem</span> <span class='ocrx_word' id='word_1_559' title='bbox 1471 3880 1594 3937; x_wconf 92' lang='lat' dir='ltr'>humani</span> <span class='ocrx_word' id='word_1_560' title='bbox 1608 3881 1726 3954; x_wconf 82' lang='lat' dir='ltr'>generis</span> <span class='ocrx_word' id='word_1_561' title='bbox 1741 3882 1828 3938; x_wconf 84' lang='lat' dir='ltr'>maxi-</span> 
     </span>
     <span class='ocr_line' id='line_1_58' title="bbox 116 3961 1468 4044; baseline 0.007 -27"><span class='ocrx_word' id='word_1_562' title='bbox 116 3961 212 4034; x_wconf 88' lang='lat' dir='ltr'>ipsius</span> <span class='ocrx_word' id='word_1_563' title='bbox 223 3965 340 4019; x_wconf 88' lang='lat' dir='ltr'>nomine</span> <span class='ocrx_word' id='word_1_564' title='bbox 350 3967 378 4020; x_wconf 90' lang='lat' dir='ltr'>te</span> <span class='ocrx_word' id='word_1_565' title='bbox 388 3966 518 4021; x_wconf 83' lang='lat' dir='ltr'>exorcizo</span> <span class='ocrx_word' id='word_1_566' title='bbox 530 3983 615 4038; x_wconf 88' lang='lat' dir='ltr'>aqua,</span> <span class='ocrx_word' id='word_1_567' title='bbox 630 3967 679 4040; x_wconf 90' lang='lat' dir='ltr'>qui</span> <span class='ocrx_word' id='word_1_568' title='bbox 690 3970 777 4024; x_wconf 88' lang='lat' dir='ltr'>verbo</span> <span class='ocrx_word' id='word_1_569' title='bbox 789 3986 843 4025; x_wconf 88' lang='lat' dir='ltr'>suo</span> <span class='ocrx_word' id='word_1_570' title='bbox 857 3970 950 4028; x_wconf 87' lang='lat' dir='ltr'>iontcs</span> <span class='ocrx_word' id='word_1_571' title='bbox 1004 3988 1051 4027; x_wconf 92' lang='lat' dir='ltr'>ma</span> <span class='ocrx_word' id='word_1_572' title='bbox 1066 3988 1189 4044; x_wconf 76' lang='lat' dir='ltr'>quaeque</span> <span class='ocrx_word' id='word_1_573' title='bbox 1204 3974 1397 4038; x_wconf 87' lang='lat' dir='ltr'>sacramenta,</span> <span class='ocrx_word' id='word_1_574' title='bbox 1412 3974 1468 4027; x_wconf 82' lang='lat' dir='ltr'>etc.</span> 
     </span>
     <span class='ocr_line' id='line_1_59' title="bbox 117 4051 1552 4141; baseline 0.006 -35"><span class='ocrx_word' id='word_1_575' title='bbox 117 4065 254 4106; x_wconf 87' lang='lat' dir='ltr'>emanare</span> <span class='ocrx_word' id='word_1_576' title='bbox 270 4051 414 4123; x_wconf 82' lang='lat' dir='ltr'>precepit.</span> <span class='ocrx_word' id='word_1_577' title='bbox 432 4053 463 4108; x_wconf 91' lang='lat' dir='ltr'>ln</span> <span class='ocrx_word' id='word_1_578' title='bbox 489 4053 583 4125; x_wconf 91' lang='lat' dir='ltr'>ipsius</span> <span class='ocrx_word' id='word_1_579' title='bbox 608 4056 727 4112; x_wconf 91' lang='lat' dir='ltr'>nominc</span> <span class='ocrx_word' id='word_1_580' title='bbox 752 4063 780 4113; x_wconf 90' lang='lat' dir='ltr'>te</span> <span class='ocrx_word' id='word_1_581' title='bbox 804 4060 946 4141; x_wconf 61' lang='lat' dir='ltr'>exorcizo,</span> <span class='ocrx_word' id='word_1_582' title='bbox 1278 4077 1444 4116; x_wconf 75' lang='lat' dir='ltr'>enxenrcrro</span> <span class='ocrx_word' id='word_1_583' title='bbox 1464 4075 1552 4115; x_wconf 77' lang='lat' dir='ltr'>sams.</span> 
     </span>
     <span class='ocr_line' id='line_1_60' title="bbox 116 4134 1825 4223; baseline 0.009 -33"><span class='ocrx_word' id='word_1_584' title='bbox 116 4135 169 4208; x_wconf 87' lang='lat' dir='ltr'>qui</span> <span class='ocrx_word' id='word_1_585' title='bbox 184 4134 259 4192; x_wconf 88' lang='lat' dir='ltr'>filios</span> <span class='ocrx_word' id='word_1_586' title='bbox 275 4137 364 4194; x_wconf 88' lang='lat' dir='ltr'>lsrael</span> <span class='ocrx_word' id='word_1_587' title='bbox 378 4155 430 4212; x_wconf 91' lang='lat' dir='ltr'>per</span> <span class='ocrx_word' id='word_1_588' title='bbox 445 4142 575 4197; x_wconf 90' lang='lat' dir='ltr'>medium</span> <span class='ocrx_word' id='word_1_589' title='bbox 590 4160 672 4200; x_wconf 88' lang='lat' dir='ltr'>mare</span> <span class='ocrx_word' id='word_1_590' title='bbox 687 4146 796 4203; x_wconf 88' lang='lat' dir='ltr'>eduxit.</span> <span class='ocrx_word' id='word_1_591' title='bbox 809 4147 841 4203; x_wconf 94' lang='lat' dir='ltr'>ln</span> <span class='ocrx_word' id='word_1_592' title='bbox 852 4147 947 4220; x_wconf 85' lang='lat' dir='ltr'>ipsius</span> <span class='ocrx_word' id='word_1_593' title='bbox 1038 4149 1171 4205; x_wconf 79' lang='lat' dir='ltr'>Exercizo</span> <span class='ocrx_word' id='word_1_594' title='bbox 1186 4154 1214 4206; x_wconf 86' lang='lat' dir='ltr'>te</span> <span class='ocrx_word' id='word_1_595' title='bbox 1229 4153 1362 4206; x_wconf 88' lang='lat' dir='ltr'>creatura</span> <span class='ocrx_word' id='word_1_596' title='bbox 1377 4148 1447 4205; x_wconf 88' lang='lat' dir='ltr'>salis</span> <span class='ocrx_word' id='word_1_597' title='bbox 1471 4166 1522 4222; x_wconf 93' lang='lat' dir='ltr'>per</span> <span class='ocrx_word' id='word_1_598' title='bbox 1538 4153 1628 4205; x_wconf 91' lang='lat' dir='ltr'>Deum</span> <span class='ocrx_word' id='word_1_599' title='bbox 1653 4149 1761 4217; x_wconf 84' lang='lat' dir='ltr'>vivum,</span> <span class='ocrx_word' id='word_1_600' title='bbox 1777 4166 1825 4223; x_wconf 90' lang='lat' dir='ltr'>per</span> 
     </span>
     <span class='ocr_line' id='line_1_61' title="bbox 116 4225 1290 4308; baseline 0.011 -28"><span class='ocrx_word' id='word_1_601' title='bbox 116 4225 236 4282; x_wconf 88' lang='lat' dir='ltr'>uomina</span> <span class='ocrx_word' id='word_1_602' title='bbox 252 4231 279 4282; x_wconf 86' lang='lat' dir='ltr'>te</span> <span class='ocrx_word' id='word_1_603' title='bbox 295 4226 435 4296; x_wconf 84' lang='lat' dir='ltr'>exorcizo,</span> <span class='ocrx_word' id='word_1_604' title='bbox 452 4228 503 4300; x_wconf 86' lang='lat' dir='ltr'>qui</span> <span class='ocrx_word' id='word_1_605' title='bbox 518 4235 649 4303; x_wconf 89' lang='lat' dir='ltr'>superte</span> <span class='ocrx_word' id='word_1_606' title='bbox 664 4233 727 4290; x_wconf 87' lang='lat' dir='ltr'>suis</span> <span class='ocrx_word' id='word_1_607' title='bbox 743 4237 868 4307; x_wconf 86' lang='lat' dir='ltr'>pedibus</span> <span class='ocrx_word' id='word_1_608' title='bbox 884 4254 945 4293; x_wconf 87' lang='lat' dir='ltr'>am·</span> <span class='ocrx_word' id='word_1_609' title='bbox 1000 4238 1093 4295; x_wconf 90' lang='lat' dir='ltr'>Deum</span> <span class='ocrx_word' id='word_1_610' title='bbox 1109 4255 1221 4308; x_wconf 84' lang='lat' dir='ltr'>uerum,</span> <span class='ocrx_word' id='word_1_611' title='bbox 1235 4242 1290 4294; x_wconf 87' lang='lat' dir='ltr'>etc.</span> 
     </span>
     <span class='ocr_line' id='line_1_62' title="bbox 115 4313 1550 4395; baseline 0.009 -25"><span class='ocrx_word' id='word_1_612' title='bbox 115 4313 236 4370; x_wconf 84' lang='lat' dir='ltr'>halavit.</span> <span class='ocrx_word' id='word_1_613' title='bbox 249 4315 279 4371; x_wconf 93' lang='lat' dir='ltr'>ln</span> <span class='ocrx_word' id='word_1_614' title='bbox 292 4315 387 4389; x_wconf 87' lang='lat' dir='ltr'>ipsius</span> <span class='ocrx_word' id='word_1_615' title='bbox 398 4317 517 4374; x_wconf 90' lang='lat' dir='ltr'>nomine</span> <span class='ocrx_word' id='word_1_616' title='bbox 527 4322 554 4374; x_wconf 93' lang='lat' dir='ltr'>te</span> <span class='ocrx_word' id='word_1_617' title='bbox 565 4320 705 4389; x_wconf 83' lang='lat' dir='ltr'>exorcizo,</span> <span class='ocrx_word' id='word_1_618' title='bbox 718 4339 805 4395; x_wconf 81' lang='lat' dir='ltr'>quem</span> <span class='ocrx_word' id='word_1_619' title='bbox 818 4324 946 4384; x_wconf 78' lang='lat' dir='ltr'>ioannes</span> <span class='ocrx_word' id='word_1_620' title='bbox 1276 4344 1442 4383; x_wconf 72' lang='lat' dir='ltr'>annania-no</span> <span class='ocrx_word' id='word_1_621' title='bbox 1462 4343 1550 4383; x_wconf 77' lang='lat' dir='ltr'>sacis.</span> 
     </span>
     <span class='ocr_line' id='line_1_63' title="bbox 115 4401 1822 4490; baseline 0.008 -33"><span class='ocrx_word' id='word_1_622' title='bbox 115 4401 146 4457; x_wconf 91' lang='lat' dir='ltr'>iu</span> <span class='ocrx_word' id='word_1_623' title='bbox 161 4405 189 4459; x_wconf 89' lang='lat' dir='ltr'>te</span> <span class='ocrx_word' id='word_1_624' title='bbox 204 4401 371 4476; x_wconf 82' lang='lat' dir='ltr'>baptizarit,</span> <span class='ocrx_word' id='word_1_625' title='bbox 382 4408 415 4459; x_wconf 92' lang='lat' dir='ltr'>ut</span> <span class='ocrx_word' id='word_1_626' title='bbox 425 4406 522 4464; x_wconf 92' lang='lat' dir='ltr'>omnis</span> <span class='ocrx_word' id='word_1_627' title='bbox 536 4408 659 4479; x_wconf 86' lang='lat' dir='ltr'>spiritus</span> <span class='ocrx_word' id='word_1_628' title='bbox 675 4411 793 4482; x_wconf 88' lang='lat' dir='ltr'>erroris,</span> <span class='ocrx_word' id='word_1_629' title='bbox 805 4417 945 4471; x_wconf 89' lang='lat' dir='ltr'>etomncs</span> <span class='ocrx_word' id='word_1_630' title='bbox 1036 4415 1170 4472; x_wconf 80' lang='lat' dir='ltr'>Exercizo</span> <span class='ocrx_word' id='word_1_631' title='bbox 1185 4420 1213 4471; x_wconf 90' lang='lat' dir='ltr'>te</span> <span class='ocrx_word' id='word_1_632' title='bbox 1228 4421 1361 4472; x_wconf 88' lang='lat' dir='ltr'>creatura</span> <span class='ocrx_word' id='word_1_633' title='bbox 1376 4416 1447 4473; x_wconf 88' lang='lat' dir='ltr'>salis</span> <span class='ocrx_word' id='word_1_634' title='bbox 1472 4433 1523 4488; x_wconf 90' lang='lat' dir='ltr'>per</span> <span class='ocrx_word' id='word_1_635' title='bbox 1541 4416 1635 4471; x_wconf 88' lang='lat' dir='ltr'>Deum</span> <span class='ocrx_word' id='word_1_636' title='bbox 1650 4414 1759 4482; x_wconf 87' lang='lat' dir='ltr'>vivum,</span> <span class='ocrx_word' id='word_1_637' title='bbox 1773 4432 1822 4490; x_wconf 87' lang='lat' dir='ltr'>per</span> 
     </span>
     <span class='ocr_line' id='line_1_64' title="bbox 114 4488 1822 4579; baseline 0.01 -35"><span class='ocrx_word' id='word_1_638' title='bbox 114 4488 248 4547; x_wconf 75' lang='lat' dir='ltr'>fantasiae</span> <span class='ocrx_word' id='word_1_639' title='bbox 271 4491 438 4550; x_wconf 85' lang='lat' dir='ltr'>daemonum</span> <span class='ocrx_word' id='word_1_640' title='bbox 464 4499 515 4551; x_wconf 89' lang='lat' dir='ltr'>tua</span> <span class='ocrx_word' id='word_1_641' title='bbox 539 4496 706 4568; x_wconf 89' lang='lat' dir='ltr'>aspersione</span> <span class='ocrx_word' id='word_1_642' title='bbox 729 4500 896 4573; x_wconf 81' lang='lat' dir='ltr'>effugentur</span> <span class='ocrx_word' id='word_1_643' title='bbox 914 4493 982 4560; x_wconf 88' lang='lat' dir='ltr'>etD</span> <span class='ocrx_word' id='word_1_644' title='bbox 998 4505 1089 4560; x_wconf 89' lang='lat' dir='ltr'>Deum</span> <span class='ocrx_word' id='word_1_645' title='bbox 1102 4505 1407 4577; x_wconf 89' lang='lat' dir='ltr'>sanctum‚perDeum</span> <span class='ocrx_word' id='word_1_646' title='bbox 1418 4504 1822 4579; x_wconf 77' lang='lat' dir='ltr'>totiuscreaturae,quiteper</span> 
     </span>
     <span class='ocr_line' id='line_1_65' title="bbox 114 4582 1820 4667; baseline 0.009 -33"><span class='ocrx_word' id='word_1_647' title='bbox 114 4582 362 4650; x_wconf 86' lang='lat' dir='ltr'>separentur.Per</span> <span class='ocrx_word' id='word_1_648' title='bbox 384 4583 520 4641; x_wconf 87' lang='lat' dir='ltr'>virtutem</span> <span class='ocrx_word' id='word_1_649' title='bbox 545 4585 660 4642; x_wconf 91' lang='lat' dir='ltr'>Domini</span> <span class='ocrx_word' id='word_1_650' title='bbox 685 4588 776 4644; x_wconf 91' lang='lat' dir='ltr'>nostri</span> <span class='ocrx_word' id='word_1_651' title='bbox 801 4590 870 4646; x_wconf 79' lang='lat' dir='ltr'>iesu</span> <span class='ocrx_word' id='word_1_652' title='bbox 887 4592 939 4666; x_wconf 87' lang='lat' dir='ltr'>llpi</span> <span class='ocrx_word' id='word_1_653' title='bbox 995 4593 1151 4649; x_wconf 83' lang='lat' dir='ltr'>Holisaeum</span> <span class='ocrx_word' id='word_1_654' title='bbox 1164 4594 1335 4666; x_wconf 90' lang='lat' dir='ltr'>prophetam</span> <span class='ocrx_word' id='word_1_655' title='bbox 1346 4594 1377 4649; x_wconf 90' lang='lat' dir='ltr'>in</span> <span class='ocrx_word' id='word_1_656' title='bbox 1389 4611 1496 4667; x_wconf 92' lang='lat' dir='ltr'>aquam</span> <span class='ocrx_word' id='word_1_657' title='bbox 1510 4593 1687 4666; x_wconf 88' lang='lat' dir='ltr'>mittijussit</span> <span class='ocrx_word' id='word_1_658' title='bbox 1697 4598 1820 4651; x_wconf 88' lang='lat' dir='ltr'>utsaua·</span> 
     </span>
    </p>
   </div>
   <div class='ocr_carea' id='block_1_8' title="bbox 115 4667 1821 4756">
    <p class='ocr_par' dir='ltr' id='par_1_11' title="bbox 115 4667 1821 4756">
     <span class='ocr_line' id='line_1_66' title="bbox 115 4667 1821 4756; baseline 0.01 -35"><span class='ocrx_word' id='word_1_659' title='bbox 115 4667 165 4739; x_wconf 86' lang='lat' dir='ltr'>qui</span> <span class='ocrx_word' id='word_1_660' title='bbox 181 4671 322 4725; x_wconf 87' lang='lat' dir='ltr'>venturus</span> <span class='ocrx_word' id='word_1_661' title='bbox 337 4674 381 4726; x_wconf 90' lang='lat' dir='ltr'>est</span> <span class='ocrx_word' id='word_1_662' title='bbox 391 4672 404 4743; x_wconf 91' lang='lat' dir='ltr'><strong>j</strong></span> <span class='ocrx_word' id='word_1_663' title='bbox 409 4672 534 4730; x_wconf 87' lang='lat' dir='ltr'>udicare.</span> <span class='ocrx_word' id='word_1_664' title='bbox 994 4688 1074 4739; x_wconf 88' lang='lat' dir='ltr'>retur</span> <span class='ocrx_word' id='word_1_665' title='bbox 1085 4683 1224 4740; x_wconf 90' lang='lat' dir='ltr'>sterilitas</span> <span class='ocrx_word' id='word_1_666' title='bbox 1232 4700 1324 4756; x_wconf 78' lang='lat' dir='ltr'>aqua.</span> <span class='ocrx_word' id='word_1_667' title='bbox 1333 4683 1383 4756; x_wconf 92' lang='lat' dir='ltr'>qui</span> <span class='ocrx_word' id='word_1_668' title='bbox 1394 4682 1492 4739; x_wconf 85' lang='lat' dir='ltr'>divina</span> <span class='ocrx_word' id='word_1_669' title='bbox 1501 4699 1570 4739; x_wconf 84' lang='lat' dir='ltr'>uoce</span> <span class='ocrx_word' id='word_1_670' title='bbox 1581 4682 1641 4740; x_wconf 85' lang='lat' dir='ltr'>oris</span> <span class='ocrx_word' id='word_1_671' title='bbox 1652 4684 1697 4740; x_wconf 91' lang='lat' dir='ltr'>sui</span> <span class='ocrx_word' id='word_1_672' title='bbox 1710 4683 1821 4740; x_wconf 89' lang='lat' dir='ltr'>locutus</span> 
     </span>
    </p>
   </div>
   <div class='ocr_carea' id='block_1_9' title="bbox 113 4825 1820 4915">
    <p class='ocr_par' dir='ltr' id='par_1_12' title="bbox 113 4825 1820 4915">
     <span class='ocr_line' id='line_1_67' title="bbox 113 4825 1820 4915; baseline 0.01 -34"><span class='ocrx_word' id='word_1_673' title='bbox 113 4825 270 4882; x_wconf 86' lang='lat' dir='ltr'>cunabulis</span> <span class='ocrx_word' id='word_1_674' title='bbox 292 4828 420 4886; x_wconf 87' lang='lat' dir='ltr'>usitatus</span> <span class='ocrx_word' id='word_1_675' title='bbox 433 4830 463 4885; x_wconf 91' lang='lat' dir='ltr'>in</span> <span class='ocrx_word' id='word_1_676' title='bbox 480 4837 603 4906; x_wconf 89' lang='lat' dir='ltr'>utraque</span> <span class='ocrx_word' id='word_1_677' title='bbox 618 4837 755 4904; x_wconf 81' lang='lat' dir='ltr'>Ecclesia,</span> <span class='ocrx_word' id='word_1_678' title='bbox 768 4843 800 4893; x_wconf 88' lang='lat' dir='ltr'>ut</span> <span class='ocrx_word' id='word_1_679' title='bbox 814 4841 848 4895; x_wconf 87' lang='lat' dir='ltr'>de</span> <span class='ocrx_word' id='word_1_680' title='bbox 873 4858 937 4912; x_wconf 89' lang='lat' dir='ltr'>pre·</span> <span class='ocrx_word' id='word_1_681' title='bbox 994 4841 1182 4898; x_wconf 88' lang='lat' dir='ltr'>Mabillnnius</span> <span class='ocrx_word' id='word_1_682' title='bbox 1197 4843 1681 4915; x_wconf 78' lang='lat' dir='ltr'>saec.v,Bened.,p.51,luculentum</span> <span class='ocrx_word' id='word_1_683' title='bbox 1692 4861 1760 4900; x_wconf 87' lang='lat' dir='ltr'>vero</span> <span class='ocrx_word' id='word_1_684' title='bbox 1770 4844 1820 4899; x_wconf 89' lang='lat' dir='ltr'>bu·</span> 
     </span>
    </p>
   </div>
   <div class='ocr_carea' id='block_1_10' title="bbox 74 4897 1819 5483">
    <p class='ocr_par' dir='ltr' id='par_1_13' title="bbox 74 4897 1819 5272">
     <span class='ocr_line' id='line_1_68' title="bbox 112 4897 1819 5037; baseline 0.011 -85"><span class='ocrx_word' id='word_1_685' title='bbox 112 4897 243 4980; x_wconf 40' lang='lat' dir='ltr'>sbpteris·</span> <span class='ocrx_word' id='word_1_686' title='bbox 262 4899 379 4969; x_wconf 77' lang='lat' dir='ltr'>Graecis,</span> <span class='ocrx_word' id='word_1_687' title='bbox 411 4901 571 4986; x_wconf 81' lang='lat' dir='ltr'>Maronitis,</span> <span class='ocrx_word' id='word_1_688' title='bbox 600 4908 746 4987; x_wconf 80' lang='lat' dir='ltr'>Armenia,</span> <span class='ocrx_word' id='word_1_689' title='bbox 769 4912 938 5037; x_wconf 60' lang='lat' dir='ltr'>craterisrpue</span> <span class='ocrx_word' id='word_1_690' title='bbox 989 4913 1041 4983; x_wconf 87' lang='lat' dir='ltr'>jus</span> <span class='ocrx_word' id='word_1_691' title='bbox 1057 4913 1238 4969; x_wconf 84' lang='lat' dir='ltr'>discriminis</span> <span class='ocrx_word' id='word_1_692' title='bbox 1255 4914 1333 4986; x_wconf 88' lang='lat' dir='ltr'>apud</span> <span class='ocrx_word' id='word_1_693' title='bbox 1349 4915 1377 4969; x_wconf 86' lang='lat' dir='ltr'>S.</span> <span class='ocrx_word' id='word_1_694' title='bbox 1395 4913 1535 4986; x_wconf 75' lang='lat' dir='ltr'>Cyrillum</span> <span class='ocrx_word' id='word_1_695' title='bbox 1557 4914 1660 4971; x_wconf 87' lang='lat' dir='ltr'>Hieros</span> <span class='ocrx_word' id='word_1_696' title='bbox 1673 4920 1769 4971; x_wconf 88' lang='lat' dir='ltr'>exstat</span> <span class='ocrx_word' id='word_1_697' title='bbox 1781 4920 1819 4971; x_wconf 86' lang='lat' dir='ltr'>te·</span> 
     </span>
     <span class='ocr_line' id='line_1_69' title="bbox 111 4968 1818 5059; baseline 0.009 -38"><span class='ocrx_word' id='word_1_698' title='bbox 111 4968 304 5049; x_wconf 78' lang='lat' dir='ltr'>orrentubbus</span> <span class='ocrx_word' id='word_1_699' title='bbox 319 4971 397 5043; x_wconf 88' lang='lat' dir='ltr'>apud</span> <span class='ocrx_word' id='word_1_700' title='bbox 418 4973 723 5059; x_wconf 37' lang='lat' dir='ltr'>Renorlotrum&#39;vrdere</span> <span class='ocrx_word' id='word_1_701' title='bbox 739 4985 796 5048; x_wconf 92' lang='lat' dir='ltr'>cst;</span> <span class='ocrx_word' id='word_1_702' title='bbox 814 4982 882 5038; x_wconf 88' lang='lat' dir='ltr'>dcli</span> <span class='ocrx_word' id='word_1_703' title='bbox 906 5000 936 5038; x_wconf 90' lang='lat' dir='ltr'>e·</span> <span class='ocrx_word' id='word_1_704' title='bbox 992 4982 1148 5039; x_wconf 88' lang='lat' dir='ltr'>timonium</span> <span class='ocrx_word' id='word_1_705' title='bbox 1167 4984 1278 5040; x_wconf 86' lang='lat' dir='ltr'>catech.</span> <span class='ocrx_word' id='word_1_706' title='bbox 1291 4985 1414 5057; x_wconf 81' lang='lat' dir='ltr'>Mystag.</span> <span class='ocrx_word' id='word_1_707' title='bbox 1435 4986 1483 5052; x_wconf 92' lang='grc' dir='ltr'><strong>ΙΙΙ,</strong></span> <span class='ocrx_word' id='word_1_708' title='bbox 1496 4985 1580 5041; x_wconf 90' lang='lat' dir='ltr'>initio</span> <span class='ocrx_word' id='word_1_709' title='bbox 1595 4992 1696 5042; x_wconf 89' lang='lat' dir='ltr'>autem</span> <span class='ocrx_word' id='word_1_710' title='bbox 1711 4986 1818 5043; x_wconf 85' lang='lat' dir='ltr'>catech.</span> 
     </span>
     <span class='ocr_line' id='line_1_70' title="bbox 110 5036 1817 5130; baseline 0.012 -39"><span class='ocrx_word' id='word_1_711' title='bbox 110 5036 188 5130; x_wconf 67' lang='lat' dir='ltr'>libus</span> <span class='ocrx_word' id='word_1_712' title='bbox 208 5045 305 5096; x_wconf 90' lang='lat' dir='ltr'>autem</span> <span class='ocrx_word' id='word_1_713' title='bbox 321 5059 443 5124; x_wconf 39' lang='lat' dir='ltr'>&#39;sacram</span> <span class='ocrx_word' id='word_1_714' title='bbox 470 5062 707 5103; x_wconf 80' lang='lat' dir='ltr'>communionem</span> <span class='ocrx_word' id='word_1_715' title='bbox 732 5053 937 5111; x_wconf 89' lang='lat' dir='ltr'>accedentibus</span> <span class='ocrx_word' id='word_1_716' title='bbox 991 5055 1026 5122; x_wconf 87' lang='lat' dir='ltr'>V,</span> <span class='ocrx_word' id='word_1_717' title='bbox 1039 5055 1074 5109; x_wconf 89' lang='lat' dir='ltr'>de</span> <span class='ocrx_word' id='word_1_718' title='bbox 1085 5055 1234 5111; x_wconf 88' lang='lat' dir='ltr'>communi</span> <span class='ocrx_word' id='word_1_719' title='bbox 1246 5055 1374 5111; x_wconf 81' lang='lat' dir='ltr'>fidelium</span> <span class='ocrx_word' id='word_1_720' title='bbox 1388 5074 1443 5111; x_wconf 91' lang='lat' dir='ltr'>usu</span> <span class='ocrx_word' id='word_1_721' title='bbox 1456 5056 1570 5113; x_wconf 90' lang='lat' dir='ltr'>lavandi</span> <span class='ocrx_word' id='word_1_722' title='bbox 1582 5057 1817 5113; x_wconf 83' lang='lat' dir='ltr'>autocrationem</span> 
     </span>
     <span class='ocr_line' id='line_1_71' title="bbox 111 5108 1818 5203; baseline 0.012 -40"><span class='ocrx_word' id='word_1_723' title='bbox 111 5108 139 5189; x_wconf 71' lang='grc' dir='ltr'>β.</span> <span class='ocrx_word' id='word_1_724' title='bbox 157 5108 347 5196; x_wconf 63' lang='lat' dir='ltr'>bbrysosbm</span> <span class='ocrx_word' id='word_1_725' title='bbox 364 5114 443 5199; x_wconf 85' lang='lat' dir='ltr'>bom.</span> <span class='ocrx_word' id='word_1_726' title='bbox 457 5117 492 5173; x_wconf 87' lang='lat' dir='ltr'>De</span> <span class='ocrx_word' id='word_1_727' title='bbox 507 5119 551 5171; x_wconf 89' lang='lat' dir='ltr'>irc</span> <span class='ocrx_word' id='word_1_728' title='bbox 566 5126 590 5174; x_wconf 81' lang='lat' dir='ltr'>et</span> <span class='ocrx_word' id='word_1_729' title='bbox 600 5121 739 5203; x_wconf 72' lang='lat' dir='ltr'>simultate</span> <span class='ocrx_word' id='word_1_730' title='bbox 749 5140 758 5175; x_wconf 91' lang='lat'>.·</span> <span class='ocrx_word' id='word_1_731' title='bbox 769 5122 828 5178; x_wconf 83' lang='lat' dir='ltr'>Non</span> <span class='ocrx_word' id='word_1_732' title='bbox 842 5125 935 5193; x_wconf 72' lang='lat' dir='ltr'>aucte-r,</span> <span class='ocrx_word' id='word_1_733' title='bbox 993 5142 1108 5181; x_wconf 88' lang='lat' dir='ltr'>manus.</span> <span class='ocrx_word' id='word_1_734' title='bbox 1122 5127 1161 5181; x_wconf 87' lang='lat' dir='ltr'>De</span> <span class='ocrx_word' id='word_1_735' title='bbox 1177 5143 1233 5198; x_wconf 86' lang='lat' dir='ltr'>quo</span> <span class='ocrx_word' id='word_1_736' title='bbox 1250 5125 1394 5193; x_wconf 67' lang='lat' dir='ltr'>Ceterum,</span> <span class='ocrx_word' id='word_1_737' title='bbox 1412 5127 1453 5182; x_wconf 92' lang='lat' dir='ltr'>ait</span> <span class='ocrx_word' id='word_1_738' title='bbox 1468 5127 1669 5184; x_wconf 88' lang='lat' dir='ltr'>Tertullianus</span> <span class='ocrx_word' id='word_1_739' title='bbox 1684 5145 1710 5185; x_wconf 87' lang='lat' dir='ltr'>c.</span> <span class='ocrx_word' id='word_1_740' title='bbox 1729 5130 1771 5196; x_wconf 86' lang='lat' dir='ltr'>ll,</span> <span class='ocrx_word' id='word_1_741' title='bbox 1786 5129 1818 5183; x_wconf 86' lang='lat' dir='ltr'>de</span> 
     </span>
     <span class='ocr_line' id='line_1_72' title="bbox 74 5183 1818 5272; baseline 0.013 -38"><span class='ocrx_word' id='word_1_742' title='bbox 74 5230 77 5243; x_wconf 87' lang='grc'><em>,</em></span> <span class='ocrx_word' id='word_1_743' title='bbox 109 5185 219 5264; x_wconf 75' lang='lat' dir='ltr'>inquit,</span> <span class='ocrx_word' id='word_1_744' title='bbox 239 5183 324 5266; x_wconf 76' lang='lat' dir='ltr'>alietas</span> <span class='ocrx_word' id='word_1_745' title='bbox 350 5189 479 5243; x_wconf 78' lang='lat' dir='ltr'>mnnrbrn</span> <span class='ocrx_word' id='word_1_746' title='bbox 502 5205 610 5244; x_wconf 82' lang='lat' dir='ltr'>sacram</span> <span class='ocrx_word' id='word_1_747' title='bbox 638 5190 754 5247; x_wconf 79' lang='lat' dir='ltr'>bostrom</span> <span class='ocrx_word' id='word_1_748' title='bbox 780 5202 935 5263; x_wconf 84' lang='lat' dir='ltr'>attrectare,</span> <span class='ocrx_word' id='word_1_749' title='bbox 992 5196 1214 5269; x_wconf 73' lang='lat' dir='ltr'>Orationepua’</span> <span class='ocrx_word' id='word_1_750' title='bbox 1228 5199 1298 5253; x_wconf 78' lang='lat' dir='ltr'>ratio</span> <span class='ocrx_word' id='word_1_751' title='bbox 1314 5206 1362 5262; x_wconf 79' lang='lat' dir='ltr'>est,</span> <span class='ocrx_word' id='word_1_752' title='bbox 1377 5199 1818 5272; x_wconf 77' lang='lat' dir='ltr'>manibrrsablatis,apirituoero</span> 
     </span>
    </p>

    <p class='ocr_par' dir='ltr' id='par_1_14' title="bbox 107 5255 1817 5483">
     <span class='ocr_line' id='line_1_73' title="bbox 107 5255 1817 5338; baseline 0.011 -31"><span class='ocrx_word' id='word_1_753' title='bbox 107 5258 218 5307; x_wconf 76' lang='lat' dir='ltr'>etranau</span> <span class='ocrx_word' id='word_1_754' title='bbox 231 5255 309 5338; x_wconf 74' lang='lat' dir='ltr'>mette</span> <span class='ocrx_word' id='word_1_755' title='bbox 328 5259 535 5315; x_wconf 75' lang='lat' dir='ltr'>necessitatibus</span> <span class='ocrx_word' id='word_1_756' title='bbox 547 5264 694 5331; x_wconf 82' lang='lat' dir='ltr'>premaris,</span> <span class='ocrx_word' id='word_1_757' title='bbox 710 5279 745 5318; x_wconf 81' lang='lat' dir='ltr'>ne</span> <span class='ocrx_word' id='word_1_758' title='bbox 759 5265 845 5334; x_wconf 82' lang='lat' dir='ltr'>ipitur</span> <span class='ocrx_word' id='word_1_759' title='bbox 859 5268 937 5324; x_wconf 85' lang='lat' dir='ltr'>illota</span> <span class='ocrx_word' id='word_1_760' title='bbox 990 5269 1115 5325; x_wconf 80' lang='lat' dir='ltr'>sordente</span> <span class='ocrx_word' id='word_1_761' title='bbox 1130 5264 1282 5324; x_wconf 84' lang='lat' dir='ltr'>orationem</span> <span class='ocrx_word' id='word_1_762' title='bbox 1300 5270 1384 5326; x_wconf 87' lang='lat' dir='ltr'>obire.</span> <span class='ocrx_word' id='word_1_763' title='bbox 1403 5270 1513 5325; x_wconf 87' lang='lat' dir='ltr'>Morem</span> <span class='ocrx_word' id='word_1_764' title='bbox 1528 5269 1612 5326; x_wconf 93' lang='lat' dir='ltr'>illum</span> <span class='ocrx_word' id='word_1_765' title='bbox 1635 5287 1817 5328; x_wconf 82' lang='lat' dir='ltr'>communem</span> 
     </span>
     <span class='ocr_line' id='line_1_74' title="bbox 107 5322 1816 5415; baseline 0.011 -38"><span class='ocrx_word' id='word_1_766' title='bbox 107 5322 218 5378; x_wconf 81' lang='lat' dir='ltr'>accedas</span> <span class='ocrx_word' id='word_1_767' title='bbox 245 5341 350 5409; x_wconf 74' lang='lat' dir='ltr'>onemo.</span> <span class='ocrx_word' id='word_1_768' title='bbox 381 5329 416 5409; x_wconf 69' lang='lat' dir='ltr'>lit</span> <span class='ocrx_word' id='word_1_769' title='bbox 441 5332 471 5385; x_wconf 87' lang='lat' dir='ltr'>S.</span> <span class='ocrx_word' id='word_1_770' title='bbox 496 5329 600 5386; x_wconf 76' lang='lat' dir='ltr'>Caesar.</span> <span class='ocrx_word' id='word_1_771' title='bbox 628 5332 727 5389; x_wconf 80' lang='lat' dir='ltr'>Arelat.</span> <span class='ocrx_word' id='word_1_772' title='bbox 753 5339 934 5393; x_wconf 80' lang='lat' dir='ltr'>serm229:</span> <span class='ocrx_word' id='word_1_773' title='bbox 991 5340 1083 5394; x_wconf 86' lang='lat' dir='ltr'>luisse</span> <span class='ocrx_word' id='word_1_774' title='bbox 1103 5339 1246 5395; x_wconf 89' lang='lat' dir='ltr'>discimus</span> <span class='ocrx_word' id='word_1_775' title='bbox 1266 5355 1301 5394; x_wconf 86' lang='lat' dir='ltr'>ex</span> <span class='ocrx_word' id='word_1_776' title='bbox 1322 5340 1401 5397; x_wconf 91' lang='lat' dir='ltr'>bom.</span> <span class='ocrx_word' id='word_1_777' title='bbox 1413 5341 1499 5397; x_wconf 82' lang='lat' dir='ltr'>llbltl</span> <span class='ocrx_word' id='word_1_778' title='bbox 1515 5341 1546 5397; x_wconf 83' lang='lat' dir='ltr'>S.</span> <span class='ocrx_word' id='word_1_779' title='bbox 1563 5341 1713 5415; x_wconf 78' lang='lat' dir='ltr'>Chrysost.</span> <span class='ocrx_word' id='word_1_780' title='bbox 1731 5344 1759 5398; x_wconf 92' lang='lat' dir='ltr'>in</span> <span class='ocrx_word' id='word_1_781' title='bbox 1775 5359 1816 5413; x_wconf 90' lang='lat' dir='ltr'>ep.</span> 
     </span>
     <span class='ocr_line' id='line_1_75' title="bbox 108 5392 1816 5483; baseline 0.012 -36"><span class='ocrx_word' id='word_1_782' title='bbox 108 5392 205 5449; x_wconf 79' lang='lat' dir='ltr'>timaee</span> <span class='ocrx_word' id='word_1_783' title='bbox 225 5411 290 5463; x_wconf 86' lang='lat' dir='ltr'>urrr,</span> <span class='ocrx_word' id='word_1_784' title='bbox 308 5402 535 5473; x_wconf 64' lang='lat' dir='ltr'>moditerrania</span> <span class='ocrx_word' id='word_1_785' title='bbox 559 5419 761 5460; x_wconf 78' lang='lat' dir='ltr'>communicare</span> <span class='ocrx_word' id='word_1_786' title='bbox 783 5406 936 5466; x_wconf 81' lang='lat' dir='ltr'>desiderunt</span> <span class='ocrx_word' id='word_1_787' title='bbox 990 5411 1053 5467; x_wconf 85' lang='lat' dir='ltr'>tad</span> <span class='ocrx_word' id='word_1_788' title='bbox 1080 5411 1202 5467; x_wconf 79' lang='lat' dir='ltr'>Corinth.</span> <span class='ocrx_word' id='word_1_789' title='bbox 1229 5415 1251 5465; x_wconf 87' lang='lat' dir='ltr'>t.</span> <span class='ocrx_word' id='word_1_790' title='bbox 1267 5415 1299 5473; x_wconf 74' lang='lat' dir='ltr'>X,</span> <span class='ocrx_word' id='word_1_791' title='bbox 1313 5413 1419 5483; x_wconf 70' lang='lat' dir='ltr'>pica</span> <span class='ocrx_word' id='word_1_792' title='bbox 1446 5413 1526 5468; x_wconf 91' lang='lat' dir='ltr'>Idem</span> <span class='ocrx_word' id='word_1_793' title='bbox 1555 5413 1584 5467; x_wconf 91' lang='lat' dir='ltr'>in</span> <span class='ocrx_word' id='word_1_794' title='bbox 1609 5413 1696 5470; x_wconf 76' lang='lat' dir='ltr'>ioan.</span> <span class='ocrx_word' id='word_1_795' title='bbox 1712 5418 1733 5469; x_wconf 89' lang='lat' dir='ltr'>t.</span> <span class='ocrx_word' id='word_1_796' title='bbox 1750 5413 1816 5478; x_wconf 83' lang='lat' dir='ltr'>vill,</span> 
     </span>
    </p>
   </div>
   <div class='ocr_carea' id='block_1_11' title="bbox 108 5461 1817 5612">
    <p class='ocr_par' dir='ltr' id='par_1_15' title="bbox 108 5461 1817 5612">
     <span class='ocr_line' id='line_1_76' title="bbox 108 5461 1817 5554; baseline 0.014 -39"><span class='ocrx_word' id='word_1_797' title='bbox 108 5461 201 5544; x_wconf 79' lang='lat' dir='ltr'>lauant</span> <span class='ocrx_word' id='word_1_798' title='bbox 215 5482 314 5522; x_wconf 82' lang='lat' dir='ltr'>manua</span> <span class='ocrx_word' id='word_1_799' title='bbox 327 5486 401 5526; x_wconf 76' lang='lat' dir='ltr'>auos.</span> <span class='ocrx_word' id='word_1_800' title='bbox 419 5471 491 5537; x_wconf 86' lang='lat' dir='ltr'>Ouia</span> <span class='ocrx_word' id='word_1_801' title='bbox 510 5473 648 5554; x_wconf 83' lang='lat' dir='ltr'>nimirum</span> <span class='ocrx_word' id='word_1_802' title='bbox 665 5475 717 5530; x_wconf 88' lang='lat' dir='ltr'>viri</span> <span class='ocrx_word' id='word_1_803' title='bbox 734 5477 813 5533; x_wconf 90' lang='lat' dir='ltr'>nuda</span> <span class='ocrx_word' id='word_1_804' title='bbox 835 5496 933 5549; x_wconf 92' lang='lat' dir='ltr'>manu,</span> <span class='ocrx_word' id='word_1_805' title='bbox 1012 5524 1018 5537; x_wconf 93' lang='lat'>.</span> <span class='ocrx_word' id='word_1_806' title='bbox 1036 5481 1088 5537; x_wconf 82' lang='lat'>313</span> <span class='ocrx_word' id='word_1_807' title='bbox 1103 5486 1131 5537; x_wconf 89' lang='lat' dir='ltr'>ot</span> <span class='ocrx_word' id='word_1_808' title='bbox 1146 5483 1198 5536; x_wconf 75' lang='lat'>433</span> <span class='ocrx_word' id='word_1_809' title='bbox 1211 5487 1280 5538; x_wconf 89' lang='lat' dir='ltr'>autc</span> <span class='ocrx_word' id='word_1_810' title='bbox 1300 5483 1454 5540; x_wconf 89' lang='lat' dir='ltr'>lectionem</span> <span class='ocrx_word' id='word_1_811' title='bbox 1470 5483 1561 5540; x_wconf 87' lang='lat' dir='ltr'>etiam</span> <span class='ocrx_word' id='word_1_812' title='bbox 1575 5501 1693 5542; x_wconf 86' lang='lat' dir='ltr'>sacram</span> <span class='ocrx_word' id='word_1_813' title='bbox 1719 5500 1817 5542; x_wconf 88' lang='lat' dir='ltr'>manus</span> 
     </span>
     <span class='ocr_line' id='line_1_77' title="bbox 108 5498 1214 5612; baseline 0.019 -27"><span class='ocrx_word' id='word_1_814' title='bbox 108 5535 290 5604; x_wconf 78' lang='lat' dir='ltr'>accipiebant.</span> <span class='ocrx_word' id='word_1_815' title='bbox 309 5546 441 5598; x_wconf 91' lang='lat' dir='ltr'>sanctam</span> <span class='ocrx_word' id='word_1_816' title='bbox 457 5543 594 5612; x_wconf 80' lang='lat' dir='ltr'>hostiam,</span> <span class='ocrx_word' id='word_1_817' title='bbox 612 5545 750 5603; x_wconf 89' lang='lat' dir='ltr'>mulieres</span> <span class='ocrx_word' id='word_1_818' title='bbox 765 5554 863 5605; x_wconf 87' lang='lat' dir='ltr'>autem</span> <span class='ocrx_word' id='word_1_819' title='bbox 880 5549 934 5606; x_wconf 92' lang='lat' dir='ltr'>lin·</span> <span class='ocrx_word' id='word_1_820' title='bbox 991 5498 1065 5609; x_wconf 58' lang='lat' dir='ltr'>fetas</span> <span class='ocrx_word' id='word_1_821' title='bbox 1080 5556 1214 5609; x_wconf 86' lang='lat' dir='ltr'>testatur.</span> 
     </span>
    </p>
   </div>
   <div class='ocr_carea' id='block_1_12' title="bbox 108 5601 936 5682">
    <p class='ocr_par' dir='ltr' id='par_1_16' title="bbox 108 5601 936 5682">
     <span class='ocr_line' id='line_1_78' title="bbox 108 5601 936 5682; baseline 0.028 -26"><span class='ocrx_word' id='word_1_822' title='bbox 108 5601 164 5658; x_wconf 88' lang='lat' dir='ltr'>teis</span> <span class='ocrx_word' id='word_1_823' title='bbox 189 5620 240 5660; x_wconf 89' lang='lat' dir='ltr'>seu</span> <span class='ocrx_word' id='word_1_824' title='bbox 266 5609 393 5682; x_wconf 90' lang='lat' dir='ltr'>mappis,</span> <span class='ocrx_word' id='word_1_825' title='bbox 410 5617 442 5668; x_wconf 90' lang='lat' dir='ltr'>ut</span> <span class='ocrx_word' id='word_1_826' title='bbox 466 5631 501 5670; x_wconf 86' lang='lat' dir='ltr'>ex</span> <span class='ocrx_word' id='word_1_827' title='bbox 514 5615 581 5672; x_wconf 88' lang='lat' dir='ltr'>Vita</span> <span class='ocrx_word' id='word_1_828' title='bbox 595 5616 624 5672; x_wconf 88' lang='lat' dir='ltr'>S.</span> <span class='ocrx_word' id='word_1_829' title='bbox 640 5618 803 5677; x_wconf 73' lang='lat' dir='ltr'>wiborada·</span> <span class='ocrx_word' id='word_1_830' title='bbox 827 5622 936 5680; x_wconf 88' lang='lat' dir='ltr'>notavit</span> 
     </span>
    </p>
   </div>
   <div class='ocr_carea' id='block_1_13' title="bbox 0 0 1944 6098">
    <p class='ocr_par' dir='ltr' id='par_1_17' title="bbox 0 0 1944 6098">
     <span class='ocr_line' id='line_1_79' title="bbox 0 0 1944 6098; baseline 0 1"><span class='ocrx_word' id='word_1_831' title='bbox 0 0 1944 6098; x_wconf 95' lang='lat' dir='ltr'> </span> 
     </span>
    </p>
   </div>
  </div>
 </body>
</html>
