3878 6098
141 213 219 274 itii
282 212 449 275 APPBND.
472 210 522 272 AD
544 211 637 272 SAEC‚
661 212 745 270 Χ.-
763 207 1014 272 ΜΟΝΗΜΕΝΤΑ
1038 207 1315 270 MthAS'l'.—DE
1337 208 1513 272 PRANDIO
1535 206 1710 271 MONACH.
1775 204 1853 265 {348

132 346 230 420 piger,
249 347 297 402 sel
319 346 425 400 habeat
450 344 632 416 penitentiae¹
648 362 653 402 ;
672 344 712 395 sir
730 343 835 397 liabent
849 343 897 396 alii
914 345 964 396 ai-
981 345 1007 409 ,t
1025 345 1112 413 atquc
1128 342 1274 398 riistoilirc
1290 341 1440 406 viilcmur3
1457 358 1582 413 quornm
1599 339 1666 403 vita,
1683 339 1727 395 vel
1744 355 1849 399 nnsres.

141 419 281 484 ecrdotcs,
303 417 345 471 vel
371 417 480 481 Patres,
506 433 555 469 sen
582 420 609 468 ct
635 414 765 468 lilonaelii
792 415 898 481 (larvali,
915 414 964 494 qui

141 498 218 546 recto
247 488 348 544 ordine
371 487 578 556 viverentque
604 485 750 540 custodire
778 503 845 540 oum
870 485 968 539 divina

140 560 312 616 auctoritate
327 559 503 614 desiderant.
520 556 669 619 Quomodo
684 555 725 610 illi
741 557 863 620 vadunt,
879 556 966 611 istam

140 649 221 688 seam
237 630 397 686 doctrinam
416 628 452 682 ad
467 642 551 681 suam
576 626 742 690 utilitatem,
758 627 802 682 vel
818 643 897 693 sivos,
914 644 966 683 seu

140 703 334 760 etmultornm
341 697 560 754 edificationem
570 714 637 752 eum
650 714 755 770 magno
767 697 966 769 laboreipsam

139 776 279 838 deferent,
296 778 329 826 ut
344 770 390 825 hic
406 768 605 841 postmodum,
623 769 666 824 vel
677 770 705 823 in
723 770 855 824 futurum
866 786 918 840 per
939 787 966 825 e·

138 847 256 902 tualiter
270 842 427 915 gaudeant,
443 844 531 911 atque
555 839 680 895 letentur
696 840 724 895 in
740 847 897 912 conspeetu
914 788 964 896 tici

138 922 167 972 et
179 914 359 987 angelornm,
375 911 419 966 vel
433 909 564 966 omnium
589 917 755 967 sanctorum
781 913 854 998 ejus.
872 911 965 967 Vadat

138 987 194 1041 sibi
211 986 273 1057 ipse
290 984 392 1048 lioma,
407 988 458 1037 aut
472 983 496 1038 si
514 982 601 1055 piget,
615 983 772 1038 missusne
789 983 864 1038 tideli
882 982 911 1037 in
925 983 964 1038 lo·

136 1073 169 1111 oo
180 1073 233 1112 sno
248 1054 438 1120 transmittat,
451 1060 479 1108 et
493 1053 622 1179 inqqiirat
638 1054 800 1128 diligenter,
817 1055 841 1109 si
853 1058 896 1109 est
911 1054 962 1120 ita,

136 1132 254 1182 autnon
266 1125 401 1197 estquod
415 1126 449 1179 de
460 1124 536 1196 pluri
560 1143 594 1180 us
606 1143 710 1198 parum
721 1127 960 1197 conscripsimus

136 1203 187 1254 ant
200 1197 223 1253 si
240 1215 297 1252 non
321 1196 360 1252 ita
383 1195 491 1250 ibidem
516 1195 688 1263 celebratur,
706 1196 747 1250 vel
765 1197 789 1252 si
806 1198 878 1253 bene
894 1214 962 1252 cnm

135 1273 236 1324 saneta
247 1268 407 1323 intentione
419 1266 461 1320 vcl
473 1267 623 1322 dovotione
634 1268 815 1339 inquisierat,
826 1272 854 1322 et
865 1268 961 1324 adhue

134 1340 164 1395 in
181 1339 350 1410 centuplum
376 1337 490 1402 melius,
509 1340 584 1393 unde
601 1338 630 1393 in
647 1355 731 1410 opere
753 1339 803 1393 Dei
819 1340 960 1411 prolioiat,

133 1411 380 1477 invenerit3tniic
412 1410 598 1476 postmodum
629 1413 751 1465 sectasse
777 1410 958 1475 istaandiut,

134 1483 282 1554 despicere
297 1485 339 1535 vel
356 1482 502 1551 ilci-egere,
512 1479 552 1533 vel
566 1481 653 1535 etiam
666 1487 762 1536 tantos
773 1487 801 1536 et
813 1481 885 1536 tales
895 1499 966 1537 scos

135 1555 234 1608 Patres
260 1559 359 1606 eontra
382 1567 412 1605 se
437 1551 589 1605 adversare
613 1553 844 1632 presumat,qni
871 1552 957 1607 istam

134 1641 214 1680 seam
225 1639 358 1678 normam
366 1621 564 1676 instituerunt.
576 1623 958 1689 PrininslieatnsDamasus

134 1697 221 1767 Papa,
238 1695 391 1765 adjuvante
408 1692 436 1744 S.
449 1691 615 1747 Hieronimo
637 1695 805 1764 presbytero
819 1693 864 1748 vel
879 1696 956 1749 ordi-

133 1783 200 1821 nem
212 1762 439 1819 ecclesiasticum
451 1762 629 1834 descriptum
639 1764 674 1817 de
683 1764 881 1836 Hierosolyma
893 1782 956 1846 per-

135 1836 225 1890 missu
239 1835 279 1889 sei
292 1835 298 1887 i
323 1834 383 1888 sius
395 1833 509 1887 llaniasi
526 1834 769 1889 transmittentem
787 1836 956 1901 instituit,et

133 1906 285 1962 ordinavit.
298 1852 363 1959 iiie
373 1902 451 1956 hune
463 1903 650 1959 beatissimus
663 1906 718 1960 Leo
730 1905 807 1977 Papa
819 1908 953 1962 annalem

131 1983 248 2032 canliini
261 1974 519 2038 oiiineminstituit,
528 1980 614 2047 atquo
624 1977 765 2058 opuscula
775 1978 802 2031 in
815 1980 954 2033 canoniea

131 2049 314 2104 institutione
328 2044 560 2100 luculentissima
574 2047 674 2112 edidit,
691 2066 790 2118 qnam,
803 2049 826 2102 si
844 2050 909 2121 quis
920 2067 954 2104 ea

132 2136 225 2191 usqne
242 2120 276 2173 ail
291 2133 381 2172 uriom
398 2116 455 2170 ista
470 2133 526 2171 nori
544 2119 690 2189 receperit,
707 2119 749 2173 vel
766 2121 950 2188 veneraverit,

131 2191 287 2247 anathema
316 2188 360 2243 sit.
388 2187 495 2243 Deinde
525 2190 627 2244 boatus
653 2188 951 2263 Gelasiiis(Zolasinsl

131 2259 472 2334 Papasimilitcromncm
484 2259 618 2315 annalem
630 2265 843 2316 cantrimseiiet
854 2263 952 2318 decre-

131 2334 201 2388 talia
226 2346 368 2387 canonum
386 2329 505 2384 honeste
521 2335 608 2400 atque
623 2331 858 2403 diligentissime,
877 2334 951 2387 lacto

130 2405 160 2460 in
177 2404 245 2460 sede
260 2400 331 2457 beari
352 2400 427 2454 Petri
452 2401 575 2471 apostoli
599 2407 741 2457 conventu
762 2405 950 2459 sacerdotum

131 2472 952 2548 plurimorum,conscripsit.PosthunctiiininaohnsPapa

131 2544 268 2601 similiter
282 2548 305 2598 et
320 2542 382 2613 ipse
397 2543 531 2597 annalem
548 2561 635 2599 sunm
652 2549 769 2600 cantum
784 2547 884 2600 edidit.
902 2548 952 2602 lte·

1025 420 1052 467 et
1068 431 1155 485 opma
1168 419 1255 485 atque
1278 413 1414 468 meritum
1431 414 1516 467 lonae
1533 412 1657 478 abistis,
1675 429 1751 482 qnos
1767 413 1851 465 mode

1024 486 1263 550 niernumvimns,
1280 491 1423 556 qnantum
1437 456 1543 538 omium
1560 500 1576 537 a
1591 487 1679 543 terra,
1692 482 1795 548 distat,
1813 483 1852 536 di-

1023 558 1099 610 stare
1122 555 1272 622 videatnr;
1289 573 1355 610 cum
1386 555 1459 610 istos
1487 553 1640 626 preclaros
1664 554 1852 608 confessores

1020 622 1085 698 Xpi,
1098 643 1170 698 quos
1182 627 1317 698 superius
1329 624 1555 691 nominavimus,
1566 625 1707 691 sciamus,
1717 625 1851 696 trequen-

1020 700 1064 753 ter
1078 715 1128 752 eos
1145 698 1267 753 Romam
1282 697 1460 765 ambulasse,
1472 701 1500 752 et
1510 697 1587 768 apud
1599 696 1700 751 beatos
1711 696 1849 766 PapatuS,

1019 767 1063 823 vel
1078 768 1199 850 Xpianis
1213 767 1441 840 Imperatoribus
1457 766 1635 839 colloquium
1649 765 1850 833 habuissem]

1020 837 1044 892 si
1061 857 1109 921 qui
1125 858 1142 894 a
1157 857 1207 895 sca
1222 841 1353 894 Romana
1380 840 1448 894 sedo
1473 838 1639 898 deviabant.
1657 855 1734 910 sape
1754 855 1849 893 recor·

1019 926 1137 970 rexisse,
1153 912 1228 982 apud
1247 928 1300 965 nes
1316 910 1505 966 manifestum
1521 916 1575 966 est..
1588 910 1755 981 lniquirant
1768 927 1847 982 orgo,

1019 981 1068 1053 qni
1084 982 1156 1036 istos
1179 999 1210 1037 se
1232 985 1363 1036 tutentur
1393 981 1499 1036 hahere
1524 987 1669 1046 auctores,
1685 980 1847 1044 volumina,

1016 1051 1060 1108 vel
1096 1058 1173 1108 estas
1192 1069 1305 1119 eorum,
1322 1053 1347 1107 si
1364 1052 1405 1106 sio
1419 1057 1526 1118 tenent,
1544 1058 1573 1107 et
1588 1056 1757 1123 operantur,
1775 1068 1846 1123 quo-

1017 1139 1065 1178 mo
1087 1129 1147 1178 oot
1161 1122 1202 1177 illi
1218 1123 1327 1195 operati
1343 1128 1422 1187 sunt,
1440 1127 1527 1196 atque
1543 1123 1846 1189 tenuerunt,adscnti-

1016 1210 1083 1250 mus
1095 1200 1123 1249 et
1134 1211 1186 1249 nos
1198 1210 1246 1249 eos
1259 1211 1325 1249 cum
1342 1194 1421 1249 omni
1438 1194 1589 1250 devotione
1604 1199 1633 1250 et
1648 1194 1844 1250 veneratione.

1016 1264 1046 1321 Si
1061 1271 1157 1322 autem
1175 1283 1232 1320 non
1248 1271 1293 1321 est
1304 1265 1354 1331 ita,
1372 1270 1484 1337 oportet
1500 1282 1549 1321 eos
1564 1266 1720 1338 diligenter
1746 1266 1845 1391 inqui-

1015 1352 1089 1403 rere,
1105 1342 1133 1393 et
1147 1337 1272 1401 imitare,
1288 1342 1375 1408 atque
1400 1336 1556 1401 custodire,
1574 1339 1651 1391 sicut
1674 1342 1702 1391 et
1722 1353 1772 1391 sea
1799 1340 1845 1392 io-

1015 1424 1103 1464 maiia
1117 1408 1241 1464 ccclesia
1255 1408 1391 1474 custodit,
1404 1412 1436 1461 iit
1450 1412 1568 1462 teneant
1583 1413 1611 1463 et
1627 1407 1683 1478 ipsi
1698 1408 1844 1463 unitatem

1013 1479 1162 1534 catholice
1175 1479 1253 1544 lldei,
1265 1496 1366 1545 amcn;
1380 1496 1414 1533 ne
1426 1480 1496 1533 dum
1509 1478 1676 1560 peregrinas
1687 1485 1845 1535 eonsuetu-

1013 1549 1097 1605 dines
1111 1550 1304 1622 inquirentes,
1321 1555 1409 1621 atque
1424 1555 1567 1605 sectantes
1585 1549 1782 1612 involvantur,
1799 1551 1844 1606 vel

1013 1621 1219 1676 excidantura
1245 1621 1310 1683 tide,
1328 1637 1364 1676 ne
1388 1620 1573 1694 superveniat
1599 1621 1628 1674 in
1659 1619 1727 1676 illos
1757 1621 1845 1686 illud,

974 1715 996 1778 B
1011 1692 1090 1816 qnod
1112 1693 1246 1773 egregins
1271 1693 1442 1763 predicator
1455 1691 1587 1764 predixit
1603 1709 1610 1745 :
1625 1692 1654 1746 in
1672 1691 1844 1747 novissimis

1033 1763 1115 1818 iebus
1131 1764 1284 1818 instabunt
1303 1769 1435 1833 ternpore
1458 1762 1633 1835 periculosa,
1647 1767 1674 1818 et
1689 1769 1776 1817 erunt
1793 1764 1844 1819 ho

1011 1834 1106 1888 mines
1122 1835 1245 1906 seipsos
1261 1840 1404 1899 amantes,
1420 1839 1448 1889 et
1469 1850 1587 1889 omnem
1612 1833 1791 1889 intellectum
1809 1837 1840 1890 in

1010 1905 1206 1976 captivitatem
1237 1905 1410 1976 redigentes,
1425 1905 1574 1960 veritatem
1604 1910 1702 1961 antem
1725 1922 1783 1960 non
1800 1906 1842 1962 lo·

1009 1982 1142 2047 quantes,
1169 1993 1221 2031 nee
1246 1977 1487 2047 adquiescentes;
1512 1980 1540 2031 et
1563 1975 1655 2042 illud·,
1678 1976 1734 2032 crit
1758 1978 1840 2033 enim

1009 2053 1135 2119 tempus,
1152 2065 1217 2102 cnm
1236 2064 1337 2101 simam
1355 2047 1517 2102 doctrinam
1534 2064 1590 2101 non
1615 2048 1839 2117 substinebunt,

1008 2118 1058 2172 sed
1075 2119 1111 2172 ad
1136 2135 1189 2173 sna
1212 2118 1358 2173 desideria
1377 2119 1590 2173 coacervabunt
1605 2117 1660 2172 sihi
1677 2119 1840 2192 magistros

1007 2190 1171 2260 prurientes
1187 2190 1309 2244 auribus
1326 2189 1476 2256 hahentes,
1494 2193 1522 2243 et
1537 2206 1555 2244 a
1568 2190 1687 2245 veritate
1712 2191 1836 2261 quidem

1007 2260 1139 2315 auditum
1155 2265 1293 2327 averterit,
1311 2260 1346 2313 ad
1363 2260 1477 2314 tabulas
1492 2265 1589 2315 antem
1606 2268 1834 2330 convertentem

1006 2336 1034 2386 et
1044 2331 1114 2386 illud
1126 2349 1132 2395 ;
1143 2332 1344 2387 testimonium
1356 2330 1493 2402 perhibeo
1505 2331 1573 2393 illis,
1585 2332 1661 2403 qnod
1674 2332 1837 2388 aeriinlatio-

1007 2419 1072 2457 nem
1088 2403 1139 2457 Dei
1153 2403 1289 2468 habeant,
1303 2401 1352 2455 sed
1365 2419 1422 2456 non
1438 2403 1598 2457 secundum
1615 2403 1836 2468 scientiam,vel

1005 2473 1201 2539 traditionem,
1219 2490 1306 2545 qnam
1321 2479 1495 2545 aeceperunt
1510 2491 1527 2528 a
1543 2472 1645 2540 iiobis3
1664 2475 1837 2546 ignorantes

1005 2543 1083 2599 enim
1109 2545 1154 2599 liei
1179 2544 1342 2607 scientiam,
1357 2550 1389 2599 'et
1408 2561 1491 2598 snum
1517 2548 1690 2616 quarentes,
1706 2552 1838 2602 statuere

133 2612 504 2688 rumpostlunclohannes
515 2613 950 2698 Papasimiliteretipseanmim
1001 2615 1124 2686 justitia
1141 2617 1187 2670 Dei
1205 2633 1261 2670 non
1277 2631 1341 2669 esse
1356 2615 1518 2670 subiectam
1531 2615 1678 2685 Justitiam
1689 2619 1837 2672 snamllli

131 2687 230 2744 circuli
254 2690 377 2751 centnm,
394 2684 437 2739 vol
462 2685 542 2739 omni
568 2687 668 2741 ordine
683 2689 866 2760 conseripsit.
884 2689 952 2744 Post

131 2760 209 2815 hunc
226 2756 386 2813 Bmil'acins
410 2757 497 2828 Papa,
515 2757 563 2828 qni
590 2757 750 2828 inspirante
775 2777 823 2814 seo
848 2761 952 2831 Spiret

132 2832 260 2903 regulam
272 2827 455 2899 conscripsit,
472 2833 499 2881 et
514 2828 659 2884 cantilena
671 2830 738 2884 anni
756 2831 857 2886 circuli
873 2831 950 2886 ordi-

132 2903 220 2957 navit.
237 2901 299 2955 Post
313 2898 366 2954 hos
382 2915 498 2970 qnoque
515 2900 616 2954 beatus
632 2902 789 2972 Gregorius
804 2902 950 2973 Papa,qni

131 2972 231 3028 atilatn
243 2969 277 3023 sci
290 2969 376 3040 Spns,
385 2987 520 3042 magnam
539 2977 625 3042 atque
638 2972 811 3027 altissimam
824 2974 949 3046 giatiam

131 3043 156 3098 ei
173 3044 230 3096 Dns
245 3040 372 3103 contulit,
390 3045 422 3093 iit
437 3057 525 3111 snper
539 3041 647 3096 librum
668 3044 743 3097 beuti
757 3045 811 3099 Job
828 3043 950 3098 moralia
965 3076 986 3140 C

131 3111 262 3197 diptycha
272 3109 783 3183 (tibica),investigationctripliciter
793 3120 949 3185 atquesep·

1005 2686 1056 2759 qui
1072 2690 1150 2751 sunt,
1169 2687 1216 2758 qui
1234 2687 1381 2741 statueret
1395 2686 1445 2757 qni
1460 2703 1557 2741 veram
1574 2688 1837 2743 auctoritatemde-

1005 2757 1183 2829 rclinqunnt,
1200 2763 1229 2813 et
1243 2757 1362 2812 arbitrio
1376 2775 1429 2812 suo
1446 2756 1488 2812 vel
1503 2756 1683 2813 voluntatem
1702 2776 1838 2832 sequnn-

1005 2835 1067 2895 tur,
1081 2829 1157 2900 qnod
1169 2826 1210 2883 ita
1218 2828 1338 2900 Xpianis
1354 2845 1411 2883 non
1426 2829 1540 2899 expedit
1556 2832 1660 2895 lacere,
1673 2830 1723 2884 sed
1737 2832 1834 2903 magis

1005 2900 1169 2955 divinarum
1186 2900 1402 2971 Scripturarum
1425 2900 1542 2955 cottidie
1558 2904 1701 2965 scrutare,
1717 2908 1747 2955 et
1764 2921 1835 2958 san-

1005 2975 1116 3026 ctornm
1132 2976 1250 3025 Patroni
1262 2971 1399 3041 dogmata
1408 2969 1592 3044 investigare,
1605 2977 1693 3043 atque
1704 2973 1833 3040 imitare,

1006 3042 1055 3113 qni
1073 3042 1100 3096 in
1114 3043 1251 3096 omnibus
1267 3058 1383 3113 semper
1403 3041 1525 3096 Douiino
1541 3042 1726 3114 placuerunt,
1743 3050 1772 3099 et
1787 3045 1833 3100 liic

1006 3113 1034 3167 in
1047 3115 1157 3168 mundo
1168 3112 1338 3168 hominibus
1353 3112 1465 3185 probati
1481 3119 1651 3184 paruerunt,
1665 3131 1718 3169 nec
1728 3132 1744 3169 e
1756 3116 1832 3171 schi-

132 3184 271 3238 titormnn
302 3179 511 3250 expositionem
541 3180 691 3237 lucidaret.
708 3185 800 3254 Super
819 3184 950 3240 Ezechiel
1005 3183 1193 3239 suinticisvel
1214 3184 1446 3239 contradictoriis
1469 3185 1608 3239 adversus
1630 3202 1712 3239 scuni
1733 3188 1830 3242 sedem

133 3268 241 3332 quoqne
256 3250 397 3331 propheta
413 3250 506 3332 prima
522 3256 612 3322 parte,
623 3256 856 3321 souetextrema,
868 3255 949 3309 lucu·
1005 3255 1140 3339 ltoinpna
1162 3254 1289 3311 ecclesie
1310 3271 1375 3310 esse
1398 3255 1647 3317 demonstrentur,
1664 3260 1693 3311 et
1707 3274 1743 3313 ne
1758 3259 1830 3314 forte

132 3324 288 3381 lentissma
301 3328 479 3393 expositione
496 3321 661 3378 declaravit.
675 3323 746 3388 Ouid
765 3342 853 3397 snper
864 3342 949 3382 evan·
1002 3325 1156 3380 videantur
1179 3342 1243 3381 esse
1267 3325 1437 3394 ramusculi,
1454 3327 1531 3397 quod
1557 3331 1626 3383 sunt
1652 3329 1783 3384 membra
1794 3330 1829 3384 dc

132 3396 208 3470 gella
222 3391 408 3465 quadraginta
430 3392 619 3449 humiliarum
645 3396 823 3467 expositione
840 3397 947 3463 t‘ccerit,
1002 3394 1053 3449 illo
1066 3396 1162 3468 sigillo
1178 3396 1313 3468 septimo,
1331 3397 1419 3452 idest
1442 3398 1567 3469 septima
1582 3397 1714 3467 heresis,
1729 3399 1778 3466 eiii
1793 3401 1828 3455 ad

133 3472 225 3523 notun
243 3468 288 3519 est
302 3464 440 3518 omnibns
461 3464 644 3531 Christianis,
659 3484 748 3538 quam
765 3468 885 3539 pulchre
899 3484 948 3523 ex·
1003 3471 1131 3522 extremo
1147 3472 1314 3524 surrectura
1328 3472 1382 3532 est,
1394 3469 1557 3524 adtestante
1572 3485 1657 3523 sacra
1668 3469 1827 3542 scriptura:

153 3535 259 3594 lanait.
277 3534 350 3600 Quid
365 3535 432 3590 inde
454 3534 621 3608 aliquorum
642 3536 724 3593 libris
748 3545 885 3610 operante
900 3555 949 3594 sco
1004 3537 1228 3610 quiapropeest
1241 3539 1425 3610 proforibus,
1438 3539 1830 3612 qiioddioiturantejanuis,

133 3556 322 3682 iipucigessit,
333 3605 377 3660 vel
388 3606 511 3662 aliarum
524 3608 684 3663 multarum
697 3616 864 3666 sanctarum
877 3611 950 3666 Seri·
1004 3609 1072 3680 quia
1082 3611 1168 3680 juxta
1183 3611 1257 3665 beati
1274 3609 1414 3665 lohannis
1428 3609 1558 3682 Apostoli
1571 3627 1682 3678 vocem,
1700 3613 1751 3685 qui
1767 3631 1828 3686 sep-

134 3686 277 3754 pturirum
292 3676 499 3749 interpretatus
517 3682 569 3744 cst,
587 3679 706 3750 Xpianis
723 3680 752 3736 in
778 3682 886 3736 mundo
906 3687 949 3738 te·
1002 3685 1061 3735 teni
1078 3680 1207 3736 eeclesiis
1221 3682 1250 3735 in
1265 3681 1437 3754 Apocalypsi
1453 3682 1579 3736 scribere
1594 3700 1610 3736 a
1625 3682 1752 3739 Domino
1763 3686 1831 3754 jus-

134 3751 270 3826 gontbus,
282 3748 463 3873 patefactum
486 3754 539 3804 est.
555 3751 589 3805 Et
610 3756 728 3806 cantum
754 3751 823 3806 anni
848 3752 949 3807 circuli
1004 3768 1055 3807 sus
1070 3758 1123 3816 est,
1141 3756 1170 3806 et
1194 3751 1302 3807 librum
1327 3751 1474 3826 signatum
1502 3752 1572 3807 vidit
1594 3753 1702 3835 sigillis
1718 3763 1829 3827 septeni

136 3824 220 3889 nobie
233 3820 277 3875 edi
303 3820 333 3874 it.
342 3820 409 3875 Post
425 3820 497 3874 istas
513 3838 628 3903 qnoque
644 3822 799 3878 Catalenus
813 3823 947 3889 Abba,ibi
1004 3824 1164 3878 secundum
1181 3823 1346 3878 misterium
1362 3828 1472 3895 septem
1488 3824 1565 3878 dona
1579 3825 1706 3896 Spiritus
1723 3829 1829 3882 sancti.

134 3892 289 3950 deseviens
304 3891 339 3946 ad
357 3891 522 3963 sepulcrum
547 3908 588 3946 soi
607 3892 690 3955 Petri,
708 3897 736 3948 et
752 3894 813 3965 ipse
829 3895 947 3966 qiiidem
1002 3893 1126 3949 Eceiitra
1141 3911 1174 3948 ex
1190 3895 1311 3949 adversa
1327 3901 1407 3967 parte
1421 3899 1532 3966 septem
1557 3896 1680 3966 spiritns
1702 3915 1830 3969 nequam

136 3972 234 4020 annim
260 3960 361 4016 circuli
386 3968 503 4017 cantum
525 3962 747 4033 diligentissimo
764 3966 862 4020 edidit.
882 3966 949 4021 Post
1003 3965 1253 4020 snntconlrariise
1277 3965 1829 4040 tenidonisSpiritussaneti,etseptem

135 4036 202 4091 hnic
217 4049 332 4104 quoque
348 4033 517 4088 biam-ianus
532 4035 613 4089 Abba
627 4035 719 4107 ipsius
736 4037 776 4090 sci
791 4036 865 4092 Petri
879 4054 947 4109 apo·
1003 4035 1118 4108 sigillis,
1136 4041 1246 4108 septem
1257 3983 1387 4092 increses
1403 4043 1481 4092 sunt.
1494 4038 1548 4092 Sex
1563 4038 1641 4092 enim
1651 4041 1714 4109 jani
1732 4058 1829 4096 surre-

137 4107 191 4164 stol
206 4103 486 4167 serviens,annalem
503 4122 590 4160 suuni
607 4108 842 4178 cantumetipse
853 4107 948 4163 nobile
1002 4114 1107 4162 xerunt
1124 4107 1152 4162 in
1169 4108 1279 4162 mundo
1295 4109 1330 4164 de
1351 4114 1432 4180 parte
1446 4108 1579 4164 orientali
1593 4116 1696 4165 contra
1711 4128 1761 4166 sca
1774 4112 1829 4166 lto·

136 4175 276 4234 ordnavit.
288 4174 356 4228 Post
372 4175 449 4230 hunc
465 4193 530 4231 vero
542 4178 733 4232 bomnusVir
748 4179 842 4233 bonus
859 4180 946 4246 illiba,
1003 4194 1090 4233 mana
1112 4177 1242 4247 eeclesia,
1263 4180 1313 4234 sed
1339 4179 1499 4251 opitulante
1525 4180 1619 4252 gratia
1645 4181 1668 4235 X
1692 4183 1698 4235 i
1726 4199 1830 4238 omnes

136 4246 276 4307 etdiinem
288 4249 405 4300 cantum
423 4247 491 4301 anni
507 4246 608 4302 circuli
624 4249 778 4320 magnifice
793 4249 946 4305 ordinavit.
1003 4247 1069 4304 illas
1084 4249 1208 4306 hareses
1230 4251 1316 4322 tregit
1339 4259 1439 4305 saneta
1461 4251 1544 4306 sedes
1568 4250 1645 4306 boati
1665 4199 1742 4307 iatri
1759 4270 1829 4325 apo-

170 4306 185 4399 }
214 4317 291 4390 quis,
317 4323 473 4389 postquam
501 4317 557 4373 ista
588 4319 763 4389 cognoverit,
789 4321 946 4387 custodire,
1003 4319 1080 4386 stoli,
1095 4325 1183 4392 atque
1198 4321 1384 4392 computavit.
1401 4321 1503 4377 Adhuc
1528 4321 1654 4394 septima
1682 4329 1785 4392 restat,
1802 4331 1830 4380 et

136 4388 384 4456 ve-celehiarain
411 4393 553 4461 qnantum
586 4390 640 4444 [leo
667 4391 787 4460 jubente
812 4390 947 4458 valuerit,
1004 4391 1179 4447 sietradnnt
1201 4392 1331 4449 seniores
1356 4397 1384 4448 et
1408 4393 1667 4465 sapientes,atque
1694 4400 1830 4452 [lectores

137 4459 290 4537 nglexcrit,
312 4465 364 4515 aut
388 4460 412 4515 si
438 4460 543 4515 melius
572 4460 689 4517 aliunde
718 4462 801 4527 seire,
826 4463 869 4518 vel
900 4480 949 4518 ac·
967 4439 988 4502 D
1005 4463 1302 4518 scascdisltomana
1326 4463 1464 4533 ecelesiae,
1481 4464 1598 4535 quiade
1615 4468 1696 4537 parte
1713 4467 1830 4522 istaec-

138 4532 235 4660 opisse
249 4531 415 4603 exemplum
433 4532 555 4586 sortasse
570 4532 733 4602 jactaverit,
749 4533 872 4589 dubium
889 4551 946 4589 non
1002 4532 1147 4600 oidentali,
1161 4551 1212 4589 seu
1225 4541 1281 4591 eta
1303 4533 1399 4589 nilone
1410 4551 1529 4607 surgere
1543 4535 1647 4603 habet;
1663 4541 1693 4591 et
1709 4538 1831 4594 dataost

137 4603 269 4674 equod
300 4602 363 4674 ipse
392 4603 448 4657 sibi
479 4602 607 4667 lallit,et
634 4603 664 4658 in
692 4604 816 4676 caligine
840 4605 947 4661 erroris
1002 4603 1044 4660 eis
1069 4609 1198 4676 potestas
1228 4611 1292 4661 tene
1316 4622 1390 4672 rosa,
1409 4612 1438 4660 et
1461 4607 1831 4681 perdantsemetipsos,et

138 4681 215 4730 smol
238 4672 336 4745 ipsum
360 4674 513 4729 infeliciter
540 4674 693 4746 demergit,
721 4677 769 4747 qui
795 4680 903 4737 tantos,
920 4681 948 4732 el
1002 4675 1075 4731 alios
1099 4676 1128 4730 in
1151 4692 1248 4732 errore
1272 4677 1470 4742 ducaiitur,et
1489 4695 1562 4749 qnos
1587 4695 1645 4733 non
1671 4685 1832 4751 potuerunt

139 4744 195 4802 ties
222 4746 327 4808 Patres,
353 4761 418 4799 scos
442 4747 582 4800 Auctores
606 4763 697 4800 ansus
722 4747 760 4802 sit
788 4748 945 4819 despicere,
1002 4747 1139 4802 seducere
1156 4747 1830 4820 perhlaiidimenta,iaciuntpertortitudinem

110 4841 112 4845 ·
138 4816 165 4873 el
191 4816 341 4888 derogare.
372 4815 485 4879 Nescio,
517 4833 576 4888 qna
600 4816 702 4877 fronte,
732 4816 775 4873 vel
800 4818 947 4874 temerita-
1002 4818 1600 4891 otpertormenta,velgladiumEcclesiae
1621 4820 1670 4876 Dei
1699 4839 1831 4895 queran-

137 4895 150 4944 t
165 4891 397 4960 praesumptuoso
414 4887 517 4966 spiritu
534 4887 597 4943 ausi
614 4892 682 4943 sunt
695 4890 795 4943 beatos
806 4888 946 4944 Hilarium
1001 4894 1050 4944 tur
1065 4889 1220 4957 trucidare,
1238 4895 1324 4961 atque
1340 4891 1517 4962 extinguere.
1535 4892 1590 4946 Sed
1602 4891 1830 4949 tundamentum

140 4964 210 5029 tque
228 4959 397 5021 Martinam,
415 4974 474 5012 sive
495 4958 639 5013 Germane
657 4960 702 5015 vel
717 4961 879 5024 Ambrosio,
896 4979 947 5016 seu
1002 4960 1051 5015 Dei
1067 4959 1178 5015 fortiter
1193 4978 1225 5016 ao
1250 4962 1339 5016 fixum
1355 4965 1423 5026 stat,
1440 4963 1561 5033 quodie
1577 4964 1762 5034 evangelium
1780 4982 1833 5036 per

141 5030 221 5085 lures
233 5034 349 5085 sanctos
363 5029 499 5100 uetquos
510 5029 621 5085 scimus
633 5031 667 5086 de
679 5048 727 5086 sea
738 5032 805 5086 sede
818 5033 948 5088 llomana
1002 5031 1193 5102 semetipsum
1204 5032 1667 5105 Dominuspromitteredignalus
1678 5036 1831 5091 estdieens

135 5102 233 5158 beato
245 5102 328 5157 Petro
339 5099 505 5172 apostolum
519 5102 738 5157 suecessoribus
750 5103 813 5158 suis
823 5103 948 5158 directos
1002 5103 1037 5158 ad
1053 5103 1170 5157 beatum
1194 5103 1310 5157 Petrum
1331 5103 1495 5174 apostolum
1514 5122 1520 5159 ι
1538 5105 1624 5176 Super
1637 5105 1711 5160 lioiic
1724 5117 1832 5179 petrem

133 5191 152 5229 ri
163 5178 239 5229 terra
249 5172 306 5227 ista
316 5171 497 5236 occidentali,
510 5176 537 5226 et
547 5171 704 5228 virtutibus
718 5179 746 5228 at
770 5191 805 5229 uo
821 5174 948 5229 miracu·
1001 5175 1142 5243 edificalia
1157 5174 1303 5229 Ecclesiam
1318 5184 1449 5241 insemel
1456 5180 1545 5247 portae
1559 5177 1645 5247 inseri
1658 5193 1714 5233 nen
1724 5194 1833 5250 [emia-

134 5246 158 5300 is
174 5260 337 5308 coruscare,
356 5243 405 5314 qui
423 5243 451 5298 in
474 5243 554 5297 nullo
570 5260 586 5298 a
601 5260 651 5298 sea
666 5244 733 5300 sede
749 5192 947 5313 inruerant
1003 5245 1096 5300 leliuet
1111 5245 1239 5300 eilueraes
1253 5262 1323 5301 cciii.
1341 5246 1452 5302 Fideles
1475 5252 1572 5303 antem
1597 5247 1737 5304 Romana
1752 5251 1831 5306 sedis

124 5317 264 5440 tsqnodo
288 5318 484 5369 trecentorum
509 5315 618 5381 decem,
636 5319 664 5370 et
681 5320 744 5370 octo
768 5317 884 5372 Petrum
901 5334 947 5372 ca·
1002 5315 1129 5372 ecelesia
1140 5316 1295 5372 tormentis
1305 5321 1334 5372 et
1345 5317 1691 5394 tribulationibusadtligi
1703 5319 1748 5376 vel
1757 5322 1832 5378 mon'

122 5387 172 5442 tho
185 5387 296 5442 icoriim
308 5385 406 5441 Niceni
418 5386 548 5458 (Nicrenil
561 5391 729 5441 consentes.
738 5387 866 5442 medinm
880 5405 947 5443 cnm
1003 5387 1119 5460 quidem
1132 5389 1322 5459 possunt,sed
1340 5388 1472 5513 sqperari
1488 5389 1560 5446 sides
1571 5395 1660 5463 atque
1671 5391 1831 5451 credulitas

1381 5478 1393 5514 r

121 5457 231 5528 Spiritu
248 5475 296 5513 sco
318 5456 533 5512 cohabitantem
553 5458 599 5512 vel
626 5459 737 5513 caeteris
762 5459 857 5515 tribus
883 5459 948 5514 aliis
1002 5456 1352 5516 eornmnnllutcnnsnec
1394 5477 1430 5515 an
1476 5464 1579 5532 potest.

122 5528 333 5608 principalibus
349 5529 468 5601 queen
484 5529 711 5597 deviarint,cuni
724 5547 781 5602 qna
796 5548 846 5585 sea
861 5547 946 5585 ccmo-
1038 5530 1160 5586 Orcinns
1189 5529 1407 5587 misericordem
1433 5476 1601 5600 geminum,
1627 5537 1657 5590 et
1686 5535 1831 5593 instanter

122 5613 188 5673 nica
203 5600 393 5656 instructione
408 5601 508 5657 omnia
520 5615 584 5656 esse
600 5606 770 5669 noscuntur,
783 5607 816 5657 ut
828 5600 901 5658 tales
912 5602 947 5657 ad
1001 5601 1167 5674 vigilemus,
1183 5606 1272 5674 atque
1286 5602 1376 5659 sobrii
1396 5602 1502 5670 simus,
1516 5609 1544 5660 et
1559 5621 1617 5662 non
1631 5606 1828 5673 dormiamus,

121 5667 325 5751 testimonium
336 5671 479 5727 adducere
489 5670 625 5738 audeant,
637 5678 670 5728 ut
680 5673 825 5742 dieantur,
838 5672 949 5731 sicutet
1003 5671 1080 5730 sieut
1094 5672 1147 5742 illi,
1160 5672 1210 5745 qui
1226 5689 1310 5746 spem
1333 5689 1391 5731 non
1416 5673 1535 5745 habent,
1552 5679 1586 5734 ut
1610 5675 1646 5734 de
1668 5677 1729 5735 ista
1752 5679 1829 5735 mala

114 5738 162 5807 illi
178 5741 347 5811 uenerunt,
361 5740 405 5799 vat
421 5741 633 5818 resederunt,
649 5743 691 5804 sic
713 5751 741 5806 et
763 5761 817 5806 nos
836 5750 946 5819 tenera,
1002 5743 1725 5827 ematqueuniversaorbesuperveiitnrasuiitin
1735 5746 1830 5827 praxi·
