3878 6098
147 249 205 311 etr

542 243 708 306 APPEND.
733 244 784 303 ill]
807 240 901 303 SAEG.
925 236 1460 306 x.-Muuunta1taae1auao.

1795 240 1857 304 918

148 399 216 439 curn
238 384 339 437 sancto
365 377 485 452 Spiritu,
502 394 580 434 nuno
595 381 624 432 et
639 392 762 448 semper,
779 379 808 431 et
823 374 852 429 in
867 373 974 430 secula
987 373 1015 440 Α
1031 371 1149 430 homine
1170 373 1221 445 qui
1245 374 1400 432 innovatur
1422 375 1453 432 in
1469 373 1694 433 similitudinem
1710 375 1858 434 lineatoris

148 471 322 528 seculorum
340 485 346 524 :
362 470 464 525 Amen.

184 559 291 617 Deinde
305 559 372 614 dicit
387 575 396 613 :
413 557 548 621 Sanctus,
565 557 695 620 sanctus,
714 556 833 609 sanctus
849 551 975 623 salicus

147 648 338 706 exercituum.
355 645 481 701 Perl'ecte
506 643 624 716 plenum
655 645 699 697 est
725 640 829 696 coelum
856 643 976 697 otterra

146 736 302 793 sanctitate
318 733 415 807 glorioe
430 737 497 787 turn.

182 828 214 880 lit
228 822 447 894 alicitpeputus:
471 821 606 884 Sanctus,
630 822 761 882 sanctus,
788 822 906 875 sanctus
931 834 973 884 es,

145 914 223 970 Deus
239 913 418 967 exercituum
447 908 575 963 Perfecta
604 906 723 979 plenum
749 911 793 962 est
817 905 921 963 coelnm
945 910 974 961 et

145 1006 224 1059 terra
238 999 393 1057 sanctitate
408 997 506 1071 glorie
521 1000 588 1051 tua.

181 1088 309 1146 Sacerdos
324 1086 519 1143 autemdicit:
534 1086 575 1140 Ad
592 1090 619 1141 te
634 1085 824 1156 suspicimus,
836 1088 863 1140 et
877 1085 973 1139 inten-

145 1181 244 1236 dimus
260 1175 358 1233 oculos
374 1174 469 1230 cordis
486 1174 578 1230 nostri
596 1175 624 1228 in
639 1172 761 1240 culum,
780 1190 918 1246 rogamus
934 1177 972 1237 te,

145 1267 278 1333 Domine,
291 1265 367 1321 Deus
379 1268 488 1327 noster,
502 1263 617 1318 custodi
635 1279 688 1317 nos
703 1280 816 1317 omnes.
828 1263 905 1318 Deus
922 1277 972 1315 no-

145 1362 214 1420 ster,
227 1355 304 1410 Deus
316 1356 431 1425 patrum
445 1355 623 1418 nostrorum,
636 1350 685 1422 qui
702 1351 806 1406 creasti
824 1350 930 1406 coelum
946 1358 975 1407 et

1031 460 1087 517 sui.
1104 461 1241 519 illumina
1256 480 1305 522 eos
1320 463 1432 520 lumine
1442 464 1577 537 justitia,
1593 463 1644 538 qui
1660 469 1706 522 est
1729 465 1858 539 Spiritus

1029 553 1159 607 sauctus.
1171 553 1274 608 Amen.
1285 554 1319 608 Et
1330 552 1479 609 inveniant
1489 552 1577 609 vitum
1592 558 1743 610 eternum.
1754 556 1857 612 Amen.

1029 637 1125 693 Firma
1141 655 1242 695 eornm
1259 657 1354 714 spem.
1370 643 1472 697 Amen.
1488 642 1524 697 Et
1537 646 1615 698 stent
1631 647 1698 698 ante
1718 642 1859 700 thronum

1029 726 1135 784 Christi
1151 729 1205 783 tui.
1222 731 1324 785 Amen.
1342 730 1495 785 inveniant
1510 729 1717 787 remissionem
1733 735 1859 804 pcccato-

1028 833 1234 872 rumsuorum.
1244 823 1346 874 Amen.
1355 818 1539 890 litaccipiant
1548 835 1686 875 corenam
1699 818 1858 876 coetestem.

1027 905 1129 961 limen.
1148 906 1224 971 Sint,
1241 923 1318 979 aqua
1334 907 1404 975 haec,
1421 911 1450 963 et
1464 906 1519 963 hoc
1534 906 1632 964 oleum
1653 908 1816 975 benedicta,
1832 914 1861 965 et

1028 992 1113 1065 plena
1131 993 1238 1066 gloria,
1252 998 1281 1049 et
1304 995 1363 1050 sint
1387 1000 1498 1062 sancta,
1516 996 1544 1050 in
1570 995 1690 1053 nomine
1714 996 1817 1065 Patris,
1832 1002 1861 1054 et

1028 1081 1103 1148 Filii,
1116 1088 1143 1136 et
1158 1083 1286 1154 Spiritus
1302 1083 1407 1152 sancti,
1422 1085 1450 1139 in
1466 1084 1627 1157 gratiarum
1646 1085 1793 1142 actionem
1807 1104 1858 1158 po-

1028 1170 1089 1242 puli
1106 1170 1159 1237 tui,
1176 1176 1204 1226 et
1220 1173 1352 1228 oninium
1371 1173 1424 1244 qui
1442 1172 1612 1229 obtulerant
1629 1174 1683 1229 tibi
1699 1173 1777 1230 filios
1792 1191 1859 1231 suns

1029 1259 1153 1315 farnulos
1170 1264 1248 1326 tuos,
1265 1260 1432 1334 ingloriam
1449 1266 1477 1317 et
1494 1261 1634 1317 honorem
1651 1260 1719 1317 titii
1734 1262 1777 1319 tui
1794 1280 1857 1319 san-

1028 1349 1076 1403 cti.
1093 1348 1216 1420 Suscipe
1232 1367 1281 1404 cos
1303 1350 1333 1404 ia
1359 1350 1534 1406 sucrificium
1563 1354 1647 1406 tuum
1679 1360 1816 1407 sanctum
1831 1358 1857 1408 et

143 1449 264 1507 terrem,
276 1447 304 1499 et
320 1440 418 1497 omnia
433 1444 607 1495 ornamenta
619 1456 720 1494 corum
731 1456 739 1507 ;
752 1443 866 1495 creator
881 1456 974 1511 aqua·
1030 1437 1157 1503 caeleste,
1169 1441 1309 1509 tanquam
1321 1439 1440 1494 odorem
1456 1456 1575 1495 suavem
1591 1439 1792 1513 magnitudini
1805 1447 1856 1497 tua

144 1550 221 1599 rum,
238 1549 302 1605 ‹puae
319 1547 408 1602 supra
424 1527 511 1583 caelos
528 1531 616 1596 sunt,
633 1525 683 1598 qui
711 1527 842 1582 fundasti
864 1532 973 1584 terrum
1028 1526 1148 1592 celesti,
1159 1526 1304 1598 precibus,
1314 1525 1485 1600 angelorum
1497 1532 1525 1583 et
1535 1529 1785 1603 archangelorum
1797 1534 1857 1586 tuo·

143 1636 350 1693 superaquas3
366 1615 415 1690 qui
430 1616 613 1688 congregasti
626 1633 718 1687 aquas
733 1615 762 1670 in
778 1614 875 1672 alveos
891 1634 972 1685 suos;
1028 1632 1093 1683 rum
1110 1620 1288 1671 sanctorum.
1307 1616 1439 1683 Domine,
1455 1615 1547 1673 libera
1563 1616 1712 1689 populum
1727 1622 1858 1681 tuum‚et

143 1709 194 1783 qui
210 1706 336 1775 cinxisti,
354 1709 383 1761 et
396 1703 548 1761 coercuisti
566 1720 656 1771 mare,
672 1709 700 1758 et
715 1705 780 1776 ejus
794 1704 973 1776 profundita-
987 1738 1010 1803 B
1028 1703 1149 1759 benedic
1160 1703 1321 1760 tiaereditati
1332 1708 1399 1773 tue,
1410 1705 1571 1773 custodi,cc
1581 1705 1678 1762 exalta
1689 1724 1757 1763 eum
1769 1724 1856 1781 usqne

142 1803 201 1855 tem
217 1795 378 1870 obsignasti
396 1810 502 1867 magno
519 1793 637 1848 nomine
652 1792 737 1864 signi,
755 1793 832 1864 quod
849 1791 968 1865 plenum
1028 1791 1224 1849 insaculum.
1242 1793 1505 1850 Amenconserva
1534 1811 1601 1850 eum
1631 1795 1662 1851 in
1686 1797 1856 1853 rectitudine

142 1891 187 1944 est
200 1885 302 1960 gloria,
319 1887 348 1940 et
363 1883 441 1956 quod
467 1881 566 1937 omnia
588 1880 693 1937 timent
716 1884 745 1937 et
763 1885 967 1952 expavescunt,
1026 1881 1104 1949 fidei,
1121 1882 1200 1937 omni
1227 1886 1356 1953 tempore
1379 1883 1443 1938 vitae
1467 1900 1535 1950 sua,
1548 1889 1578 1940 ct
1599 1881 1638 1940 sit
1659 1884 1690 1940 in
1706 1885 1853 1943 charitate,

142 1980 273 2049 aspectu,
285 1972 417 2039 Domine,
429 1969 610 2027 fortitudinis
619 1975 648 2025 et
657 1969 771 2026 virtutis
781 1971 896 2026 tumTu
906 1970 968 2026 fun·
1025 1986 1090 2042 quas
1106 1975 1227 2042 superat
1241 1987 1357 2027 omnem
1375 1972 1631 2044 pacem,procibus
1643 1974 1779 2030 omnium
1790 1992 1852 2031 san-

142 2065 219 2123 dasti
236 2081 316 2120 mare
330 2062 436 2118 virtute
453 2066 513 2125 tua,
529 2064 561 2116 tu
577 2058 744 2132 confregisti
757 2059 854 2132 cupita
866 2060 968 2115 draeo·
1023 2063 1149 2127 ctorem,
1161 2063 1191 2113 et
1205 2059 1415 2116 intercessione
1426 2060 1517 2133 plenae
1526 2063 1623 2134 gratie
1635 2062 1768 2136 Virginis
1779 2063 1851 2135 geni-

142 2154 232 2211 nisin
250 2170 352 2226 aquas,
370 2156 400 2206 tu
427 2149 539 2205 scidisti
565 2148 761 2222 scaturigines
777 2153 805 2203 et
820 2148 925 2215 fontes,
941 2151 970 2203 et
1023 2147 1104 2203 tricis
1120 2147 1169 2203 Dei
1187 2147 1294 2213 Marias,
1311 2166 1375 2221 quaa
1400 2149 1430 2204 in
1454 2150 1592 2207 omnibus
1620 2156 1667 2207 est
1697 2156 1850 2221 sancta,et

141 2242 247 2301 dedisti
272 2241 349 2297 viam
369 2239 464 2312 aquis.
481 2238 623 2293 Viderunt
638 2241 665 2291 te
686 2254 778 2308 aqua,
793 2237 924 2303 Domine,
940 2240 969 2293 et
1023 2236 1115 2291 saneti
1140 2235 1262 2292 loannis
1288 2239 1434 2311 martyris,
1451 2243 1480 2294 et
1495 2239 1643 2312 Baptistae,
1664 2241 1847 2311 praecursoris

141 2335 284 2406 paverunt
299 2327 512 2402 profunditates
527 2343 583 2398 pre
606 2325 796 2380 multitudine
811 2342 966 2397 aquarum.
1023 2329 1051 2381 et
1062 2325 1146 2380 ducis
1156 2324 1231 2393 rite,
1243 2330 1271 2380 et
1281 2326 1414 2383 omnium
1426 2332 1595 2384 sanctorum
1610 2346 1713 2402 quasa
1725 2331 1846 2401 primur·

141 2422 185 2476 Tu
197 2437 238 2486 es,
251 2433 338 2489 quem
353 2432 434 2470 mare
445 2413 578 2469 Rubrum
589 2412 671 2478 vidit,
683 2416 712 2468 et
727 2413 830 2468 timore
842 2414 884 2467 tui
899 2430 968 2469 con·
1022 2413 1070 2468 dio
1081 2412 1204 2485 elegisti,
1219 2415 1402 2487 pergratiam
1414 2416 1492 2474 unici
1504 2416 1567 2473 Filii
1581 2418 1634 2486 tui,
1647 2435 1717 2474 cum
1729 2437 1786 2492 quo
1799 2419 1844 2475 tibi

142 2507 227 2564 stitit.
244 2508 288 2562 Tu
303 2502 445 2575 trajecisti
461 2502 597 2569 lsrael,et
611 2518 663 2573 par
678 2502 796 2574 Moysen
813 2502 968 2573 baptizasti
1022 2519 1081 2557 una
1096 2519 1163 2558 cum
1179 2507 1280 2559 sancto
1296 2503 1467 2576 Spiritu,est
1481 2506 1574 2579 gloria
1590 2507 1619 2563 in
1636 2507 1746 2564 saecula
1762 2526 1844 2565 secu·

141 2612 209 2652 eum
223 2613 230 2663 ;
246 2598 278 2650 ta
294 2590 456 2665 precepisti
472 2591 538 2663 rupi
553 2591 680 2656 durae,et
690 2589 792 2645 effudit
803 2607 909 2662 aquam
921 2607 969 2664 po·
1022 2591 1128 2648 lorum.
1147 2595 1248 2648 almon.

141 2683 210 2758 pulo
220 2688 290 2750 tuo;
306 2685 338 2737 tu
354 2679 475 2736 mutasti
486 2695 593 2750 aquam
607 2693 749 2744 amaram,
760 2677 892 2732 effecisti
902 2694 967 2734 eam
1056 2681 1158 2737 Deinde
1172 2682 1296 2738 sacerdos
1309 2683 1376 2738 ‹ttrtt
1391 2686 1542 2741 orationem
1565 2687 1721 2756 Eutrapetii,
1738 2689 1843 2743 scilicet.

138 2772 267 2829 dulcem.
285 2772 340 2837 Tu,
356 2769 488 2836 Domine,
506 2771 635 2839 tempore
650 2765 719 2822 lesu
735 2765 788 2821 filii
803 2765 968 2831 Narenos·
1058 2769 1142 2825 Pater
1158 2771 1325 2844 noster,qui
1341 2788 1372 2827 es
1387 2772 1415 2828 in
1431 2772 1841 2845 coelis,sanctitlceturnomen

145 2861 251 2926 tulisti,
267 2864 297 2916 et
312 2858 413 2915 reverti
430 2856 523 2914 fecisti
539 2855 673 2922 flumina,
689 2872 751 2927 qua
766 2855 896 2911 fluebant
911 2858 969 2911 ter-
1021 2863 1105 2912 tuum
1123 2875 1129 2914 :
1146 2859 1282 2915 adveniat
1297 2877 1419 2933 regnum
1439 2866 1524 2918 tuum
1541 2879 1548 2917 :
1565 2863 1617 2918 fiat
1641 2861 1778 2920 voluntas
1799 2870 1844 2919 tua

145 2949 329 3006 nihiliter.Tu
340 2947 418 3019 (quis
432 2946 510 3002 enim
526 2945 669 3000 sustineat
683 2948 834 3016 aspectum
850 2944 968 3014 tuuml)
1023 2947 1098 3004 sicut
1109 2947 1137 3002 in
1150 2947 1232 3016 coelo,
1244 2949 1285 3004 ite
1298 2954 1327 3005 et
1341 2949 1370 3004 in
1387 2955 1475 3007 terra.
1490 2952 1530 3007 lla
1544 2952 1631 3007 nobis
1647 2952 1736 3009 hodie
1751 2954 1841 3009 cibum

144 3037 320 3094 sacrificium
332 3033 560 3108 quoquellliaein
573 3051 649 3105 aqua
659 3033 814 3104 suscepisti
826 3049 876 3104 per
887 3032 968 3089 llam·
1023 3039 1156 3092 nostrum
1172 3036 1375 3109 quotidianum
1393 3057 1400 3094 :
1417 3039 1532 3096 dimitte
1561 3040 1647 3096 nobis
1672 3041 1841 3099 offensiones

143 3142 221 3183 mam
237 3130 265 3181 et
282 3125 378 3197 iguem
394 3124 430 3179 de
443 3122 525 3177 coelo.
542 3123 584 3177 Tu
600 3139 641 3188 es,
658 3122 790 3187 Domine,
804 3122 855 3193 qui
872 3104 1003 3178 osten-C
1023 3129 1148 3191 nostras,
1160 3128 1188 3180 et
1198 3142 1310 3183 errores
1325 3132 1452 3197 nostros,
1464 3133 1493 3185 et
1503 3133 1535 3183 ut
1545 3145 1599 3184 nos
1615 3146 1735 3202 quoque
1750 3131 1841 3186 dimit·

140 3215 209 3272 disti
222 3212 418 3286 perlitisarum
429 3228 536 3283 aquam
552 3210 748 3284 generationis
764 3209 837 3277 vite,
854 3210 965 3267 etNaa·
1021 3217 1119 3269 ternus
1134 3214 1321 3283 offensiones,
1337 3233 1400 3288 quae
1425 3216 1455 3273 in
1480 3234 1534 3274 nos
1556 3222 1628 3273 sunt
1643 3234 1650 3273 :
1668 3222 1699 3275 et
1712 3237 1747 3275 ne
1763 3219 1840 3275 indu-

140 3321 208 3360 men
220 3305 324 3377 Syrum
337 3301 474 3358 mundari
485 3299 578 3356 fecisti
590 3316 641 3371 por
652 3316 758 3371 uqiram
769 3298 964 3357 iordanisTu

138 3393 238 3450 omnia
252 3397 345 3465 potes,
360 3394 390 3445 et
403 3387 475 3444 nihil
491 3393 536 3444 est
551 3388 628 3460 quod
643 3388 697 3442 tibi
713 3387 751 3442 sit
770 3387 961 3459 impossibile.

172 3483 307 3538 Diacoeac
321 3480 390 3535 dicit
404 3498 413 3533 .·
428 3477 524 3534 Orate.
928 3485 931 3489 ·

171 3571 299 3630 Sacerdos
315 3577 405 3626 uuam
420 3568 512 3623 dicit:

170 3659 302 3727 Domine,
319 3675 336 3714 o
351 3655 483 3721 Domine,
501 3656 585 3711 Pater
600 3654 685 3720 bone,
701 3655 778 3711 Deus
795 3659 902 3723 noster,
913 3671 961 3712 rex

134 3749 270 3806 ordinum
282 3745 444 3803 scelestium
456 3749 485 3802 et
495 3743 688 3812 terrestrium,
697 3743 804 3816 aspice,
813 3743 862 3816 qni
876 3744 960 3805 sedes

133 3854 222 3909 super
232 3835 399 3902 Cherubim,
412 3832 529 3888 intende
540 3831 640 3888 oeulos
652 3831 700 3904 qui
711 3831 863 3888 habitasin
876 3831 957 3889 coelo.

131 3924 245 3998 Aspice,
253 3928 281 3979 et
295 3922 381 3979 visita
394 3926 558 3977 creaturam
573 3925 665 3977 tuam.
678 3922 720 3977 Da
735 3921 803 3977 huic
817 3938 900 3994 aquas
910 3922 960 3977 do·

132 4030 204 4069 num
219 4011 356 4068 iordanis
380 4027 532 4083 magnum,
549 4015 661 4082 potens,
679 4014 707 4066 et
721 4009 847 4078 eoeleste,
864 4015 893 4067 et
908 4011 957 4067 de-

131 4101 252 4158 scendat
264 4099 391 4171 Spiritus
404 4104 524 4154 sanctus
536 4116 623 4172 super
634 4116 709 4155 earm.
723 4101 825 4155 haren.
840 4099 921 4155 Dona
931 4099 956 4155 ei

130 4187 362 4247 benedIctioncm
377 4186 610 4253 taruannensi
626 4187 773 4254 virtutem,
786 4187 865 4243 utsit
880 4204 958 4260 aqua

128 4279 203 4335 vite.
220 4280 323 4334 Amen.
340 4278 424 4348 Aqua
447 4274 620 4331 sanctitatis.
641 4277 743 4331 Amen.
760 4277 843 4349 Aqua
867 4294 957 4332 mun·

126 4366 253 4425 dationis
268 4368 466 4439 peccatorum.
483 4365 583 4418 Arinen.
595 4364 677 4435 Aqua
692 4363 810 4419 lotionis
821 4366 857 4420 ad
874 4381 955 4437 rege-

1019 3318 1068 3357 cas
1090 3318 1153 3365 nos,
1170 3301 1302 3371 Domine,
1318 3304 1348 3359 in
1373 3306 1573 3374 tentationem,
1601 3307 1651 3363 sed
1682 3308 1801 3375 redime,
1815 3312 1841 3364 et

1018 3388 1109 3445 libera
1124 3407 1176 3446 nos
1192 3391 1228 3447 ab
1245 3391 1324 3447 omni
1340 3394 1427 3450 malo.
1440 3394 1582 3462 Quoniam
1594 3395 1649 3451 hoc
1663 3401 1712 3453 est
1726 3412 1839 3470 reguum

1017 3482 1112 3548 tuum,
1125 3478 1218 3536 honor
1228 3484 1256 3537 et
1266 3480 1358 3552 gloria
1370 3500 1457 3550 nunc,
1469 3487 1498 3539 et
1512 3500 1638 3557 semper,
1651 3489 1682 3541 et
1697 3484 1728 3541 in
1743 3485 1839 3542 secula

1017 3567 1202 3625 seculorum.
1218 3570 1321 3626 Arnen.

1051 3659 1147 3713 Postea
1161 3658 1229 3714 dicit
1248 3662 1397 3717 orationem
1414 3663 1596 3734 impositionis
1612 3680 1748 3719 arannem
1761 3679 1837 3736 super

1015 3761 1058 3801 eas
1074 3748 1123 3817 aar·
1138 3746 1296 3819 baptizandi
1308 3759 1383 3806 sunt

1049 3835 1153 3906 decipit
1171 3837 1342 3906 postmodam
1365 3856 1481 3907 crucem,
1498 3848 1523 3896 ct
1538 3847 1580 3897 ter
1593 3857 1626 3897 cu
1640 3858 1744 3914 apuam
1757 3842 1837 3897 cahat

1014 3924 1045 3978 ia
1058 3923 1169 3979 neodem
1183 3927 1271 3981 crucis
1287 3935 1328 3983 ter
1341 3930 1476 3985 cletndtts.

1048 4012 1184 4080 Sanctus,
1208 4020 1339 4085 sanutus,
1367 4021 1498 4086 sanctire,
1523 4019 1620 4087 Pater,
1647 4024 1677 4074 ct
1701 4018 1835 4086 urtinse

1013 4100 1138 4173 Spiritus
1152 4108 1283 4171 sanctus,
1301 4123 1378 4161 nuuc
1393 4112 1422 4162 et
1437 4124 1562 4179 semper,
1580 4113 1608 4164 ot
1626 4109 1657 4164 in
1674 4108 1779 4165 secula
1790 4124 1832 4164 sa·

1011 4187 1155 4246 culorum·
1173 4192 1274 4248 Amen.

1045 4278 1187 4335 Descardit
1208 4290 1301 4352 postea
1317 4286 1346 4339 in
1360 4287 1471 4356 sanem,
1486 4294 1513 4343 et
1536 4286 1664 4358 ire-suadit
1688 4287 1828 4343 bohema

1010 4368 1041 4421 ia
1054 4368 1174 4437 figuram
1187 4371 1263 4441 aioni
1276 4375 1367 4429 crucis
1381 4374 1474 4431 diceas
1488 4396 1499 4431 .·

125 4450 587 4520 narationem.A1nen.Denaei,
605 4456 637 4507 ut
662 4450 686 4506 si
712 4451 778 4524 quis
800 4457 844 4508 est
860 4453 954 4509 latens
970 4473 993 4537 Ι)
1044 4455 1217 4513 Benedictus
1232 4464 1277 4515 est
1292 4461 1369 4519 Deus
1384 4463 1468 4519 Pater
1484 4481 1491 4520 ι
1509 4465 1611 4521 Amen.
1629 4471 1644 4530 †

123 4551 204 4602 extra
214 4561 279 4601 eam
292 4542 440 4616 malignus
449 4540 580 4614 spiritus,
589 4558 645 4595 non
659 4541 953 4614 revertaturumplius

122 4633 158 4690 ad
177 4649 237 4699 eos,
253 4630 304 4702 qui
323 4630 517 4703 baptizantur.
535 4631 637 4685 Amen.
655 4629 713 4684 Nec
737 4629 859 4702 spiritus
883 4630 950 4707 diei.

122 4722 226 4776 Amen.
243 4719 301 4775 Nee
326 4717 449 4790 spiritus
472 4717 613 4773 meridiei.
629 4719 732 4773 Amen.
752 4719 810 4774 Nec
830 4718 952 4790 spiritus

120 4807 243 4880 vesperi.
255 4808 358 4863 Amen.
371 4806 427 4861 Nec
444 4804 565 4879 spiritus
581 4807 686 4862 noetis.
700 4809 804 4862 Amen.
816 4807 874 4863 Nec
889 4807 950 4880 spi-

118 4896 195 4953 ritus
211 4895 297 4953 aeris.
314 4895 416 4951 Amen.
433 4894 490 4949 Ner.
504 4896 628 4968 spiritus
642 4896 797 4969 superbias,
812 4913 876 4969 que
893 4898 948 4952 sub

117 4991 194 5041 terra
209 4989 264 5041 est.
280 4985 382 5039 limen.
398 4984 434 5038 At
446 4999 512 5037 aree
528 5000 630 5039 earnes
654 4983 777 5056 spiritus
801 4984 947 5057 malignos

115 5073 233 5144 virtute,
252 5077 280 5129 et
304 5071 483 5145 benignitate
508 5076 570 5137 tua,
591 5077 619 5128 ct
644 5072 819 5145 frangantur
847 5089 946 5129 coram

117 5161 201 5236 signo
217 5161 313 5218 erucis
326 5160 387 5217 Filii
404 5160 458 5215 tui.
473 5162 574 5216 Amen.
588 5161 619 5217 ln
634 5161 751 5217 nomine
765 5167 867 5218 sancto
882 5168 943 5230 tuo,

113 5252 190 5324 quod
204 5268 370 5325 precamur,
383 5250 460 5322 quod
472 5248 592 5322 plenum
605 5255 650 5305 est
660 5248 763 5321 gloria,
775 5254 804 5306 et
814 5250 943 5308 terribile

1036 4535 1823 4615 Benedictusestl'iliusunicuslesusChristus.Amen.t

1035 4631 1821 4714 BenedictusestSpiritussanctusparacletus:nmen.t

1047 4721 1113 4775 Tum
1140 4723 1209 4779 dicit
1235 4743 1337 4796 neriano
1366 4745 1438 4794 crece,
1466 4729 1601 4799 Alleluia,
1630 4730 1698 4787 dum
1724 4731 1822 4787 mium

1006 4825 1108 4881 aqurrm
1136 4829 1199 4866 curn
1238 4800 1368 4885 babulae,
1399 4835 1484 4874 rauna
1520 4836 1572 4875 aaa
1607 4818 1724 4877 dextera
1758 4818 1819 4874 dicit

1004 4895 1108 4952 Paulae.
1119 4916 1210 4957 causi.
1222 4903 1365 4966 Quoniam
1380 4905 1468 4980 elegit
1478 4906 1623 4964 Dominus
1637 4908 1708 4966 Sion
1719 4909 1748 4964 in
1757 4902 1820 4963 aaut

1004 4986 1157 5044 tationem.

1039 5075 1071 5130 Et
1084 5079 1184 5148 psalm.
1201 5099 1298 5151 xxvia,
1314 5083 1375 5139 Vox
1390 5084 1505 5141 Domini
1522 5102 1613 5160 super
1638 5103 1744 5162 aquas,
1758 5087 1818 5143 licat

1004 5162 1101 5235 glorie
1112 5165 1248 5225 intonuit.
1262 5173 1293 5227 Et
1301 5173 1401 5245 pereira.
1415 5191 1512 5239 xxxin,
1522 5176 1661 5232 haecdite
1670 5177 1708 5233 ad
1719 5175 1818 5241 eum,tt

1002 5249 1184 5312 illuminabit
1198 5275 1259 5315 vos.
1277 5262 1309 5316 Et
1316 5262 1488 5332 psalmam.
1496 5262 1680 5322 'transmisit
1696 5264 1818 5321 ansinter

110 5340 255 5396 adversus
269 5356 303 5395 ea
318 5357 381 5412 quas
405 5338 489 5394 nobis
515 5339 717 5404 adversantur,
735 5343 766 5393 ut
781 5339 877 5394 omnis
892 5339 942 5410 qui
998 5339 1098 5411 ignem
1113 5348 1141 5398 et
1152 5363 1270 5417 aquam.
1283 5351 1314 5405 Et
1322 5351 1422 5422 paulin.
1436 5369 1460 5418 a,
1473 5353 1621 5426 asperges
1632 5371 1691 5422 mc,
1703 5352 1818 5411 nomiae.

109 5426 276 5499 baptizatur
287 5427 316 5483 in
327 5445 371 5494 en,
383 5425 574 5498 expellatase
584 5425 733 5482 hominem
743 5432 880 5493 veterem,
891 5429 939 5499 qui
997 5433 1101 5501 myrto,
1118 5438 1146 5488 et
1163 5438 1337 5506 mundabor,
1352 5456 1438 5512 usque
1452 5439 1487 5496 od
1501 5442 1670 5500 uersiculum
1684 5463 1695 5500 .·
1709 5444 1750 5499 tte
1769 5454 1818 5515 pro.

107 5514 321 5586 coinquinatus
332 5520 377 5574 est
388 5516 535 5588 volaiptatc
547 5515 669 5584 erroris3
681 5520 710 5572 et
720 5514 940 5572 induaturnovo
991 5516 1079 5587 jicias
1094 5537 1141 5577 nie
1155 5540 1172 5578 a
1188 5524 1259 5581 faeie
1276 5532 1336 5583 tua.
1353 5528 1454 5585 Deinde
1471 5528 1538 5585 dicit
1552 5548 1562 5586 .·
1578 5530 1681 5589 Gloria
1694 5532 1781 5599 Patri,
1792 5532 1813 5582 tt
