3878 6096
127 249 186 323 d'll
552 257 718 323 Araura
741 261 792 322 AD
816 257 911 324 SAED
934 257 973 320 X.
989 290 1028 302 -
1045 256 1176 320 orant
1199 268 1399 323 lamnam.
1775 255 1838 323 311

130 396 165 451 de
176 393 299 461 Odanto,
311 392 459 450 mediante
474 411 571 450 annuo
581 394 696 449 redditu
703 392 780 448 bladi
791 398 814 449 et
829 393 952 448 aliorum
968 394 994 460 Α
1010 389 1097 463 logia,
1114 390 1197 462 prius
1212 391 1340 445 decanus
1357 387 1540 456 Parisiensis,
1558 388 1663 446 deinde
1682 389 1839 465 episeopus

130 481 329 558 persingulas
345 483 474 539 familias
488 487 517 540 et
527 483 640 548 domes,
650 484 700 539 sed
717 498 868 538 successor
878 481 954 536 inira
1009 479 1372 547 SilvanectensiS,demum
1385 478 1421 534 ad
1437 480 1536 535 sedem
1550 479 1838 538 Autissiodorensem

131 572 258 645 scriptus
274 587 304 628 se
320 571 432 627 fortiter
449 572 584 644 opposuit
600 570 668 626 huie
683 570 862 626 concessioni
878 574 955 626 etex
1008 567 1169 624 translatus
1185 586 1201 624 a
1216 567 1336 623 domino
1352 567 1498 624 Clemente
1514 585 1590 641 papa
1604 568 1642 624 Vl
1653 585 1706 641 per
1721 569 1837 626 abitum

132 660 310 716 causa.Cum
325 677 392 716 vero
405 661 458 716 luit
468 660 498 715 in
510 661 608 716 sedem
625 659 811 715 Daiocensem
826 657 953 713 transla-
1009 673 1098 729 supra
1112 656 1243 729 proxime
1260 655 1329 712 dicti
1346 657 1495 712 Darnardi.
1509 656 1633 712 Fuerant
1645 658 1723 712 enim
1738 659 1839 716 dictus

133 755 191 819 tus,
205 753 325 822 urgente
335 765 506 821 guerrarum
519 749 612 821 rigore
624 747 954 819 paenituitsedimisisse
1009 744 1147 801 dominus
1171 762 1245 818 papa
1274 749 1302 800 et
1331 745 1393 817 ipse
1416 745 1652 817 contemporanei
1680 745 1710 801 in
1738 748 1838 806 studio

132 838 257 912 primam
269 837 541 906 sedem,trauslatus
552 841 649 892 autern
660 835 955 916 exstititderlntissio
1009 832 1131 906 legendo
1147 838 1176 889 et
1191 835 1327 908 regendo,
1345 838 1486 907 erantque
1502 835 1711 908 compatriota.
1728 836 1780 892 Hic
1794 838 1839 894 vir

132 926 249 982 dorensi
260 927 295 982 ad
309 926 492 981 baiocensem
509 924 665 980 Ecclesiam
682 925 759 981 circa
774 942 885 980 annum
901 925 955 981 Do·
1009 941 1068 978 una
1083 940 1150 978 cum
1167 923 1293 978 scicntia
1309 922 1478 980 excellentia
1493 923 1587 996 gratia
1601 925 1730 980 maxima
1744 925 1840 998 polle-

133 1015 204 1069 mini
220 1013 409 1069 millesimum
432 1013 669 1070 trecentesimum
695 1014 954 1087 quadragesimum
1009 1012 1098 1067 batin
1112 1010 1374 1084 loquelaomniquo
1387 1017 1472 1085 gestu
1488 1012 1614 1068 multum
1629 1013 1840 1070 amabilisuni·

132 1103 309 1174 septimum:
328 1102 375 1157 hic
392 1101 466 1157 sedit
480 1101 594 1157 circiter
609 1107 667 1158 tres
680 1120 772 1159 annos
785 1120 851 1159 eum
868 1104 955 1159 dimi·
1009 1100 1100 1157 versis
1116 1102 1303 1173 prudensque
1318 1105 1346 1158 et
1361 1100 1485 1156 callidus
1501 1100 1530 1154 in
1547 1100 1678 1173 agendis.
1696 1101 1746 1157 llic
1763 1120 1840 1159 rece-

132 1190 189 1245 dio.
207 1190 258 1244 Hic
273 1206 324 1261 per
339 1190 474 1245 comitem
498 1191 783 1248 Antissiodcrensem
798 1192 893 1248 solnm
910 1193 954 1249 in·
1009 1188 1151 1261 ptismille
1163 1190 1281 1245 llorenis
1293 1207 1382 1262 supra
1394 1190 1524 1263 proxime
1534 1190 1620 1246 dictis
1630 1208 1682 1263 pro
1693 1190 1839 1265 litigando

130 1294 250 1351 grossus
279 1277 334 1333 luit
358 1278 503 1334 civitatem
533 1279 606 1334 hora
629 1281 792 1352 vespertina
816 1282 952 1338 Sabbata.
1008 1284 1108 1333 contra
1127 1279 1440 1334 hominesdeOdanto
1464 1277 1582 1350 incoepit
1606 1295 1792 1351 perseverare
1807 1280 1838 1336 iu

132 1367 162 1423 In
178 1367 306 1422 erastino
331 1372 428 1423 tamen
454 1369 521 1424 lecit
545 1369 709 1424 convivium
725 1369 790 1426 aliis
806 1370 954 1426 nobilibus
1009 1366 1086 1423 dicta
1097 1367 1156 1423 lite.
1167 1368 1298 1423 Tandem
1314 1367 1480 1424 amabiliter
1495 1371 1652 1423 tractatum
1669 1373 1697 1423 et
1712 1385 1837 1425 concor·

131 1455 252 1511 minime
268 1456 417 1528 requisitis
431 1462 459 1512 et
475 1458 585 1513 insciis.
603 1458 669 1514 Fuit
688 1457 779 1531 igitur
802 1464 954 1532 promotas
1008 1457 1109 1512 datum
1125 1456 1321 1530 exstititquod
1333 1474 1447 1514 annuos
1462 1456 1594 1512 redditus
1609 1456 1671 1513 loco
1687 1459 1838 1516 servitutis

130 1545 166 1600 ad
178 1546 277 1601 sedem
288 1546 363 1601 banc
374 1547 657 1603 Autissiodorensem
666 1565 717 1620 per
729 1547 952 1620 resignationem
1007 1550 1160 1601 creverunt
1170 1562 1258 1618 super
1273 1545 1403 1618 quolibet
1413 1546 1448 1602 de
1459 1545 1558 1618 aliqua
1568 1545 1709 1618 portione,
1723 1546 1766 1603 sic
1782 1547 1839 1603 luit

131 1650 220 1705 supra
235 1634 366 1707 proxime
381 1635 520 1708 scriptam
535 1635 657 1692 loannis
672 1636 708 1692 <le
723 1636 889 1709 Blangiaco,
905 1655 954 1694 an·
1008 1633 1766 1708 lissopita,etstatimassumptuscxstititcardinalis;
1779 1653 1837 1692 non

130 1739 167 1777 no
187 1722 303 1778 Domini
328 1723 484 1780 millesimo
499 1725 703 1781 trecentesimo
727 1727 953 1799 quadragesimo
1007 1722 1125 1778 intravit
1140 1723 1297 1792 civitatem,
1311 1725 1361 1779 sod
1374 1724 1403 1779 ia
1415 1741 1468 1779 suo
1484 1740 1601 1779 recessu
1616 1723 1839 1797 appropinqua-

130 1816 244 1884 quarto,
257 1829 336 1868 more
347 1812 495 1869 Gallicano
507 1814 536 1868 in
548 1812 667 1869 hiemali
676 1818 807 1886 tempore
821 1814 955 1871 videlieet
1008 1811 1048 1867 vit
1059 1813 1193 1868 eamdem
1206 1813 1233 1868 in
1246 1813 1338 1885 pratis
1353 1830 1442 1886 prope
1455 1813 1562 1869 loritem
1573 1813 1667 1868 sancti
1677 1814 1837 1883 Amatoris,

130 1905 196 1971 post
212 1902 319 1956 testum
334 1902 499 1958 Natiuitatis
514 1902 640 1958 Domini.
654 1903 701 1958 Sic
715 1904 790 1959 sedit
800 1904 896 1959 tribus
907 1921 955 1959 aa·
1008 1906 1037 1955 et
1047 1900 1086 1957 ibi
1099 1902 1213 1974 egregie
1224 1902 1390 1974 predicavit
1402 1907 1430 1957 et
1442 1902 1582 1958 acleroet
1597 1901 1704 1974 populo
1715 1902 1839 1961 honeste

130 1989 175 2044 nis
187 1989 397 2059 cumdimidi03
409 1990 542 2063 sepultus
553 1995 597 2047 est
608 1991 731 2059 Daiocis,
744 1992 807 2048 dies
815 1994 954 2065 apadnos
1008 1990 1120 2063 accepit
1134 1995 1341 2046 commeatum.
1357 1991 1437 2047 Sedit
1458 2008 1509 2063 per
1531 2008 1641 2047 annum
1659 2008 1753 2047 unum
1769 2008 1837 2049 cum

129 2083 243 2134 nonest
257 2084 344 2135 certa.
1007 2078 1129 2134 dimidio
1142 2079 1255 2152 fuitque
1281 2087 1452 2153 assumptus
1473 2079 1630 2136 cardinalis
1645 2081 1675 2135 in
1691 2079 1837 2154 principio

253 2167 826 2227 Carllllilv.-DeDernardoBrani.
1068 2167 1074 2180 ’
1135 2168 1140 2179 “
1728 2169 1763 2181 ''
1813 2170 1819 2183 '

162 2256 328 2312 Bernardus
343 2257 431 2311 Bruni
448 2258 683 2330 septuagesimus
699 2265 821 2330 quartus
841 2260 951 2332 episeo-

113 2345 953 2419 pus‚nationeGallus,patriaLemurica,deepiscopatuMo·

1007 2256 1141 2323 Domini;
1158 2257 1230 2313 abitt
1252 2262 1349 2314 autem
1374 2257 1532 2314 cardinalis
1548 2258 1576 2313 in
1592 2258 1675 2314 curia
1690 2259 1834 2327 Romana,

1006 2345 1139 2401 videlieet
1159 2345 1314 2414 Arenione,
1330 2363 1430 2402 mense
1455 2347 1628 2418 Septembri,
1645 2364 1724 2402 anno
1739 2347 1835 2405 mille·

128 2433 237 2488 rinensi
248 2431 410 2488 translatus
419 2433 531 2488 exstitit
548 2435 695 2490 adsedem
716 2435 950 2493 Autissiodoren-

127 2521 951 2596 sematatimposttranslationemproximesupradictiPe·

126 2609 458 2667 triderlntissiodorensi
471 2612 539 2668 sede
554 2613 587 2667 ad
603 2612 882 2682 Baioccnsem,anno
893 2615 949 2671 Do-

125 2698 197 2754 mini
208 2699 365 2757 millesimo
376 2701 579 2777 trecentesimo
590 2703 814 2775 quadragesimo
825 2703 948 2775 septimo

123 2787 948 2864 iuPentecoste.Hicviranliquissimusetsapieutissimus

123 2880 211 2948 atque
221 2877 387 2933 ditissimus
398 2877 475 2934 ultra
485 2881 587 2935 bmnos
599 2879 733 2952 praelatos
746 2886 947 2953 contempora-

122 2981 203 3031 neos,
216 2966 462 3023 strenuissimus
449 2968 564 3040 jurium
575 2967 708 3025 Ecclesia
722 2975 822 3027 eustos
836 2976 865 3026 et
880 2988 945 3044 pro·

1006 2433 1081 2489 aimo
1107 2434 1311 2490 trecentesimo
1336 2434 1517 2508 sexagesimo
1541 2436 1646 2507 primo.
1663 2435 1836 2509 tliclegaait

1005 2539 1142 2594 magnam
1158 2540 1306 2578 summam
1324 2523 1499 2579 florenorum
1511 2523 1645 2580 Dcolcsian
1653 2524 1836 2583 Autissiodo-

1004 2612 1081 2667 rensi
1103 2629 1153 2683 pro
1182 2629 1235 2668 suo
1264 2612 1474 2680 anniversario,
1490 2614 1540 2669 sed
1555 2616 1767 2669 testamentum
1782 2615 1833 2670 ab·

1004 2699 1168 2754 sconditum
1185 2704 1266 2756 estet
1279 2718 1336 2757 non
1352 2701 1449 2757 adhuc
1465 2701 1559 2774 potuit
1573 2703 1680 2758 veritas
1695 2701 1832 2759 inveniri.

1002 2787 1152 2861 sepultum
1174 2794 1218 2847 est
1241 2806 1348 2863 corpus
1363 2791 1393 2845 in
1409 2790 1532 2847 ecclesia
1548 2791 1672 2847 fratrum
1688 2791 1833 2850 Praedica-

1002 2881 1109 2932 torum.

1183 2967 1249 3024 Car
1264 2968 1432 3024 LXXV1.—
1450 2974 1488 3025 De
1502 2968 1643 3042 ludoque.

120 3058 245 3123 secutor,
260 3071 318 3112 non
346 3055 466 3112 intravit
488 3057 633 3113 cultatem
649 3075 743 3114 suam
761 3060 812 3115 llrc
828 3060 947 3133 rncoeprt
1035 3057 1196 3128 Audoyuus
1207 3057 1443 3131 septuagesimus
1459 3063 1569 3125 sextus
1582 3057 1700 3114 natione
1716 3057 1832 3129 Gallus

120 3142 269 3200 ratrmare
285 3144 401 3201 liberta
390 3150 449 3201 em
465 3163 553 3218 quom
569 3151 637 3202 con
626 3147 732 3203 ulerat
746 3165 819 3205 suus
834 3150 945 3221 praede
960 3130 1074 3216 Gpa
1052 3162 1096 3200 ala
1111 3146 1271 3214 Lamottcu
1288 3151 1374 3202 antea
1397 3146 1611 3214 Noviomeusia,
1628 3151 1732 3219 pastea
1748 3149 1833 3205 Pari·

119 3248 217 3289 cessor
231 3232 402 3291 hominibus
417 3239 499 3291 terrae
515 3234 550 3291 de
564 3235 660 3291 Odant
649 3240 689 3307 to,
700 3241 728 3293 et
739 3238 808 3310 quia
821 3238 945 3294 infirmi·

120 3325 178 3377 tate
193 3326 341 3395 gravatus,
359 3324 394 3378 de
409 3340 467 3396 qua
482 3324 565 3391 obiit,
581 3325 721 3396 nequibat
745 3330 875 3399 tempore
890 3344 943 3384 sao

118 3410 227 3467 dictam
242 3409 324 3468 litem
340 3413 498 3484 perducere
513 3414 548 3470 ad
561 3417 694 3486 optatum
711 3415 810 3486 finem,
827 3414 945 3488 reliquit

116 3499 145 3554 in
161 3516 214 3555 suo
231 3504 405 3557 testamento
425 3502 555 3575 legatum
582 3502 661 3558 mille
685 3504 862 3560 florenorum
878 3506 942 3561 auri

115 3588 277 3644 successori
290 3606 343 3645 suo
354 3589 431 3645 intra
441 3590 550 3663 scripto
565 3590 595 3645 in
609 3592 842 3664 prosecutionem
858 3592 943 3650 dictae

115 3674 177 3732 litis
189 3677 393 3734 contradictus
405 3679 540 3735 homines
550 3683 578 3736 et
588 3683 689 3736 contra
699 3682 942 3753 predecessorem

115 3782 204 3821 suum
220 3767 362 3824 duntaxat
376 3769 596 3825 convertendos.
614 3769 687 3824 Huic
707 3775 769 3826 erat
781 3772 885 3828 modus
898 3772 941 3828 vi·

114 3854 198 3910 vendi
213 3855 278 3912 talis
292 3856 408 3929 qaodin
424 3863 489 3913 ortu
506 3857 576 3914 solis
592 3859 762 3930 prandebat,
775 3863 803 3915 et
814 3865 881 3916 ante
890 3861 941 3917 ho·

115 3958 179 3997 ram
204 3959 286 3998 nona
308 3945 450 4012 coeaabat,
468 3962 555 4018 quern
581 3946 700 4002 modum
723 3963 740 4002 a
762 3948 941 4005 nutrimento

111 4030 276 4101 juventutis
300 4036 405 4087 tenerae
434 4033 585 4089 dicebatur
614 4035 761 4106 accepisse
780 4037 940 4108 aquodam

116 4118 258 4175 avunculo
269 4136 323 4175 suo
339 4120 478 4177 cardinali
495 4123 545 4193 qui
560 4123 601 4177 sic
616 4123 739 4179 vivebat.
756 4124 833 4180 Obiit
842 4129 940 4182 autem

93 4271 100 4283 .
115 4207 145 4264 in
156 4212 251 4265 castro
267 4209 302 4265 de
310 4208 386 4264 Villa
398 4209 586 4277 Catuli,anno
598 4211 712 4267 Domini
722 4212 877 4269 millesimo
887 4219 941 4271 tre-

113 4297 272 4354 centesimo
283 4298 509 4371 quadragesimo
520 4298 678 4354 nonocirca
689 4300 796 4356 festum
807 4305 939 4359 omnium

999 3232 1105 3289 siensis
1119 3235 1283 3308 episcopus,
1297 3236 1416 3291 demum
1432 3235 1592 3292 translatus
1609 3237 1643 3291 ad
1662 3237 1764 3293 sedem
1774 3239 1833 3294 An·

999 3321 1261 3379 tissiodorenscur
1255 3328 1313 3379 rnt
1301 3323 1493 3380 translatione
1523 3323 1592 3380 dicti
1616 3324 1691 3380 Petri
1716 3327 1830 3398 praede·

999 3412 1123 3468 cessoris
1133 3413 1169 3467 ad
1180 3412 1405 3478 cardinalatum,
1416 3412 1550 3469 videlieet
1560 3413 1589 3468 in
1601 3413 1746 3486 principio
1757 3415 1830 3472 anni

998 3498 1103 3555 milles.
1120 3500 1316 3556 trecentesimi
1328 3500 1564 3574 quinquagesimi
1575 3501 1662 3574 primi
1677 3502 1707 3558 in
1719 3503 1829 3559 Nativi-

997 3591 1055 3643 tate
1071 3589 1198 3644 Domini.
1216 3589 1266 3644 Hic
1281 3589 1397 3646 xirerat
1413 3590 1525 3662 peritus
1537 3590 1565 3645 in
1577 3595 1700 3663 utroque
1713 3594 1783 3663 jure
1799 3595 1829 3648 at

997 3677 1255 3747 consultissimus;
1272 3679 1447 3735 arbitratum
1476 3686 1575 3735 autern
1604 3680 1718 3736 exstitit
1739 3681 1777 3737 ab
1793 3698 1828 3739 eo

997 3783 1063 3822 cum
1080 3784 1225 3823 consensu
1241 3768 1341 3823 decani
1367 3773 1397 3823 et
1419 3768 1539 3840 capituli
1565 3769 1729 3825 Autissiod.
1747 3771 1826 3843 quod

996 3855 1109 3912 inutilis
1139 3860 1166 3912 et
1193 3857 1336 3912 damnosa
1365 3861 1427 3912 erat
1456 3858 1561 3913 domus
1589 3856 1625 3912 de
1647 3856 1826 3915 belloreditu

996 3950 1113 4017 propter
1136 3962 1258 4018 magnas
1284 3945 1499 4018 reparationum
1527 3945 1694 4015 missiones,
1712 3951 1828 4005 attenta

996 4032 1163 4106 pluralitate
1187 4034 1341 4090 domorum
1366 4034 1575 4107 episcopalium
1593 4034 1672 4103 alibi,
1689 4042 1719 4092 et
1734 4054 1826 4111 propo

995 4122 1183 4178 existentium
1193 4140 1198 4190 ;
1210 4123 1376 4178 ordinatum
1389 4129 1486 4179 tamen
1499 4123 1552 4179 luit
1568 4124 1684 4181 retineri
1697 4125 1728 4180 in
1745 4130 1824 4183 statu

995 4210 1111 4266 stabula
1125 4210 1211 4284 longa
1224 4211 1361 4284 duplicia.
1375 4212 1454 4266 lutra
1464 4228 1560 4267 aream
1574 4212 1657 4268 dicta
1672 4213 1825 4271 domusac

995 4316 1135 4372 magnum
1160 4298 1311 4371 altumque
1336 4299 1446 4372 portale
1461 4299 1490 4354 iu
1508 4299 1630 4356 introitu
1654 4300 1775 4368 domus,
1789 4320 1824 4359 aa

113 4387 298 4453 Sanctorum,
308 4391 337 4442 ot
352 4386 406 4442 suit
419 4404 524 4459 corpus
540 4403 629 4443 suum
645 4388 681 4443 ad
698 4388 865 4446 Lemovices
877 4409 940 4464 por·
994 4405 1111 4460 parram
1124 4389 1242 4444 domum
1253 4388 1329 4443 dicto
1340 4387 1443 4459 portali
1456 4388 1625 4462 contiguam
1633 4391 1668 4447 ad
1683 4390 1823 4464 recipien-

113 4480 207 4531 tatum
220 4481 248 4532 et
262 4475 452 4532 tumulatum.
465 4476 546 4532 Sedit
560 4493 612 4548 per
626 4477 701 4532 duos
717 4494 810 4533 annos
823 4484 851 4534 ct
867 4497 938 4553 qua·
953 4496 977 4560 p
992 4477 1064 4533 dum
1087 4483 1189 4550 gentes
1216 4476 1344 4550 episcopi
1374 4475 1444 4532 illuc
1461 4494 1512 4550 pro
1528 4478 1660 4534 venando
1676 4479 1722 4535 rel
1737 4479 1822 4537 aliter

112 4568 179 4619 tuor
193 4581 320 4620 menaea.
338 4563 389 4620 Hic
405 4565 532 4620 multum
548 4564 687 4637 diligebat
704 4567 886 4624 mansionem
902 4570 937 4625 de
993 4566 1173 4632 accedentes,
1191 4565 1259 4621 item
1285 4565 1404 4620 furnum
1421 4566 1457 4621 ab
1473 4564 1531 4620 alia
1544 4570 1626 4637 parte
1642 4567 1778 4639 portalis,
1793 4573 1822 4625 et

112 4652 224 4707 Odanto
235 4657 263 4708 et
278 4653 480 4710 circumcinxit
494 4653 590 4710 locum
602 4658 630 4710 et
641 4655 760 4710 domum
773 4656 898 4729 palliciis
912 4663 941 4714 et
995 4654 1055 4710 hac
1065 4655 1126 4710 visa
1136 4658 1206 4710 sunt
1217 4653 1351 4710 sulficere
1361 4670 1412 4726 pro
1423 4654 1526 4710 colono
1536 4658 1564 4710 et
1575 4655 1687 4711 familia
1696 4657 1733 4711 ad
1745 4674 1821 4730 opus

111 4740 228 4813 magnis
243 4741 374 4798 turribus
390 4747 418 4798 et
432 4743 563 4799 construi
577 4743 644 4799 tecit
655 4743 764 4800 ibidem
775 4749 834 4802 tres
844 4750 939 4803 turres
993 4742 1165 4798 nutrimenti
1175 4741 1435 4814 peeorum‚ibidem
1445 4741 1622 4799 collocandis
1632 4743 1660 4797 in
1673 4744 1819 4802 laturum.

112 4830 287 4902 quadratas:
301 4846 358 4885 non
375 4831 527 4889 deficiebat
543 4832 599 4889 nisi
616 4849 675 4887 una
690 4832 761 4905 quin
778 4835 882 4891 luisset
896 4834 936 4891 ihi
993 4828 1164 4885 Translatus
1180 4828 1235 4883 fuit
1245 4829 1281 4884 ad
1293 4828 1508 4885 cardinalatum
1524 4830 1669 4903 perhanc
1685 4831 1820 4903 modum,

110 4917 281 4974 fortalitium
297 4919 474 4991 quadratum
488 4921 581 4977 muris
596 4923 889 4994 correspondentibus
901 4926 937 4982 de
991 4917 1061 4990 qula
1077 4917 1125 4972 5¹¹⁰
1141 4920 1270 4988 lemtim
1284 4922 1368 4972 erssttl
1393 4917 1450 4974 [¹110
1470 4917 1634 4975 cardinales
1649 4920 1705 4976 auh
1722 4921 1820 4978 nomi·

111 5010 191 5064 turre
204 5008 239 5063 ad
256 5008 373 5075 turrim,
390 5009 441 5065 sed
466 5014 559 5066 totum
585 5009 639 5065 hoc
663 5010 719 5065 suit
733 5015 800 5083 post
814 5013 935 5070 modum
990 5005 1106 5063 natione
1116 5005 1373 5072 antissiodorensi
1385 5005 1519 5063 videlicet
1529 5007 1711 5063 Talerandus
1721 5009 1821 5066 Petra-

111 5095 328 5152 destructumt
316 5101 446 5169 tempore
470 5115 642 5171 guerrarum
666 5098 785 5155 domino
809 5100 894 5156 lterio
907 5101 936 5157 la
989 5093 1149 5168 goricensis
1163 5097 1192 5148 et
1205 5094 1306 5148 Petrus
1322 5093 1357 5149 de
1367 5097 1465 5151 Crosa
1477 5094 1650 5152 Translatus
1662 5097 1820 5159 exstrtrtad

110 5182 229 5240 laressa
256 5184 397 5243 existente
426 5203 572 5295 episeopo,
598 5191 631 5240 ut
655 5185 779 5244 interius
805 5189 934 5245 contine·
990 5185 1087 5240 sedem
1104 5180 1352 5282 Magalouensem,
1364 5199 1440 5238 anno
1457 5200 1702 5258 quinquagesimo
1718 5187 1821 5257 tertre

111 5274 168 5328 tur.
990 5289 1070 5328 more
1098 5269 1184 5326 curia
1210 5269 1374 5326 Romana
1366 5288 1396 5326 m
1412 5272 1567 5328 Nativitate
1593 5272 1721 5342 Domini,
1736 5292 1821 5336 more

257 5361 322 5417 Gar.
338 5363 493 5419 LXXV.-
507 5365 544 5421 De
558 5366 635 5420 Petro
651 5363 684 5419 de
698 5364 788 5420 Crosa
990 5366 1087 5418 autem
1103 5358 1251 5416 Gallicano
1267 5376 1343 5415 anno
1358 5360 1604 5434 quinquagesimo
1626 5364 1795 5430 secundo,
1787 5382 1820 5424 ιιι

147 5449 248 5505 Petrus
262 5451 299 5506 de
312 5451 400 5508 Croso
416 5452 651 5526 septuagesimus
666 5452 799 5525 quintus,
818 5455 936 5512 natione
991 5451 1062 5507 leste
1083 5447 1297 5505 Puriticationis
1321 5449 1410 5505 beatae
1437 5449 1543 5516 Maria,
1561 5450 1695 5524 sequenti
1722 5452 1820 5513 iactus

111 5535 222 5608 Gallus,
235 5539 327 5608 patria
337 5540 497 5610 Lemovica,
509 5541 652 5599 excellens
667 5539 807 5614 magister
817 5541 934 5600 inthec-
990 5536 1147 5595 cardinalis
1162 5537 1246 5593 etsie
1261 5537 1429 5594 nominatus
1445 5539 1501 5594 luit
1516 5538 1674 5597 cardinalis
1689 5540 1820 5617 Magalo-
