3878 6098
67 306 143 365 uas
440 305 605 369 aratiam.
630 309 706 368 run
729 307 879 380 reunsi,
904 306 1058 368 rorrros
1082 270 1282 381 statiellas,
1304 309 1390 372 nro.
1619 266 1622 272 ⁸
1691 256 1768 378 risi

61 449 87 495 rt
100 438 268 511 prttnrriniis
281 443 455 504 Srrrrrterrun
472 441 649 512 entirrrnpnr,
667 443 783 496 ertnuno
798 441 890 512 nupti·
905 441 932 508 Α
948 444 976 495 S.
991 439 1079 495 atate.
1096 458 1138 497 or.
1390 447 1419 499 S.
1435 447 1568 500 barrinse.
1585 462 1627 502 or.

60 530 125 594 cite,
142 531 173 583 in
187 529 259 583 atrio
274 529 405 593 erclmite,
421 528 494 585 dictat
509 532 608 585 astanti
622 530 697 601 plebi
711 532 741 585 tn
767 532 835 585 ostio
849 546 891 585 er·
946 529 975 585 S.
992 529 1135 586 Clemens.
1153 548 1195 586 or.
1391 533 1420 588 S.
1441 540 1503 590 teo.
1520 551 1562 591 or.

60 616 398 676 clesiae:Videtesratrcs
415 617 580 675 christiana
591 618 889 692 religionisolilcium.
946 619 975 673 S.
992 618 1077 674 Sixte.
1095 636 1136 674 or.
1385 621 1414 676 S.
1431 623 1547 679 Eusebi.
1564 642 1607 680 or.

60 707 136 763 Ecce
152 705 242 762 lexin
258 723 317 779 qua
336 723 403 780 spes
420 711 448 761 et
471 707 606 764 remissio
631 712 817 781 peecatorum
845 707 891 762 hic
946 711 973 762 S.
991 706 1115 763 Corneli.
1133 725 1174 763 or.
1382 715 1410 766 S.
1428 711 1617 786 Gregorior.
1829 783 1832 789 Ι

62 793 236 851 chrismatis
254 794 352 850 unctio
365 812 371 862 ;
383 794 431 850 hio
442 795 765 868 eorporisetsanguinis
776 795 891 851 Domini
946 800 974 851 S.
992 796 1144 868 Cypriane,
1162 813 1204 853 or.
1380 798 1491 856 Omnes
1519 800 1561 857 sci
1587 802 1777 860 Conlessores

61 882 256 940 consecratio.
272 883 374 939 l'idote
390 900 426 939 ne
450 888 537 939 tante
565 883 756 940 beatitudinis
771 883 892 940 heredi·
946 891 974 940 S.
990 884 1161 942 Alexander.
1178 904 1220 942 or.
1417 893 1497 944 orate
1512 906 1564 961 pro
1579 891 1674 948 nobis.

61 977 133 1040 tate,
149 975 178 1029 et
192 971 337 1029 consortio
350 971 705 1046 privemini‚implicantes
720 991 774 1029 nos
789 973 891 1030 sceleri
946 978 974 1029 S.
993 973 1079 1030 Felix.
1096 991 1137 1030 or.
1378 981 1407 1033 S.
1425 976 1570 1036 Felicitas.
1584 996 1627 1036 or.

61 1060 243 1134 alieno,quia
263 1061 406 1135 seriptum
424 1067 491 1119 est:
510 1080 566 1118 uon
591 1061 687 1119 solum
703 1062 752 1136 qui
769 1063 890 1130 iaciunt,
945 1068 973 1117 S.
990 1064 1142 1136 Agappite.
1159 1081 1200 1120 or.
1376 1071 1404 1121 S.
1421 1067 1575 1140 Perpetua.
1593 1085 1636 1124 or.

61 1150 114 1206 sed
130 1150 219 1206 etiam
238 1150 288 1222 qui
304 1150 493 1207 consentiunt
510 1151 697 1218 facientibus,
724 1151 805 1226 digni
821 1156 892 1209 sunt
945 1157 973 1207 S.
990 1151 1105 1209 caliste.
1122 1170 1164 1209 or.
1375 1160 1403 1211 S.
1421 1155 1594 1212 Petronella.
1610 1174 1652 1214 or.

60 1241 168 1294 morte.
944 1246 972 1296 S.
989 1240 1131 1298 Marcelle.
1149 1260 1191 1297 or.
1374 1247 1402 1299 S.
1417 1245 1523 1319 Agnes.
1540 1264 1581 1302 or.

60 1362 140 1401 orno
156 1363 298 1402 ruoaannr
313 1363 370 1402 rsa
385 1363 495 1413 seusu,
513 1363 776 1416 ranrrosronenes,
794 1366 890 1404 ranan
945 1331 1344 1405 ⁰¹s¹¹¹0⁵⁵⁰l¹¹¹flllilsssr⁰ffll⁰
1373 1338 1401 1388 S·
1417 1333 1538 1406 Agatha·
1555 1351 1597 1391 ΟΡ·

296 1435 329 1472 nr
344 1434 467 1483 casseu,
484 1424 551 1486 cte,
569 1419 653 1490 (250).
981 1436 1033 1491 pro
1045 1419 1140 1475 nobis.
1374 1425 1403 1476 S.
1420 1421 1534 1478 Oecilia.
1550 1440 1593 1479 or.

169 1507 221 1578 pbr
237 1505 303 1563 cn.
321 1506 525 1575 ltlrcnnnprensi
539 1523 603 1564 aare.
621 1525 648 1561 xr
663 1516 712 1563 unt
727 1508 788 1580 su.)
1373 1513 1402 1564 S.
1418 1508 1545 1566 luliana.
1562 1527 1604 1565 or.

101 1599 297 1668 ...maesta
311 1599 418 1651 vestra.
435 1596 515 1661 Ouod
532 1595 556 1651 si
573 1613 623 1651 ros
648 1613 702 1651 raon
717 1596 889 1666 diorismata,
947 1638 954 1652 .
994 1639 1001 1652 .
1042 1639 1048 1652 .
1089 1639 1096 1651 .
1136 1640 1142 1652 .
1184 1640 1191 1653 .
1231 1640 1238 1651 .
1279 1639 1285 1652 .
1374 1601 1402 1654 S.
1419 1597 1518 1654 Lucia.
1535 1615 1577 1654 or.

61 1683 891 1758 nccPatersesterquilncoelisestdimittetoobispeccata
946 1728 953 1741 .
994 1729 1001 1742 .
1042 1728 1048 1741 .
1089 1728 1096 1740 .
1137 1727 1144 1741 .
1184 1728 1190 1740 .
1232 1728 1238 1740 .
1279 1727 1285 1741 .
1369 1690 1397 1741 S.
1412 1684 1564 1741 Tectam.

59 1781 183 1829 restra.
207 1817 213 1828 .
236 1815 243 1828 .
261 1774 353 1846 titiant.
370 1774 407 1829 De
416 1774 563 1848 profundis
584 1776 705 1829 clamari
722 1775 758 1830 ad
774 1780 803 1830 te
818 1775 888 1830 Dne.
906 1813 929 1879 B
946 1779 974 1829 S.
990 1773 1136 1830 Ambrosi.
1154 1791 1196 1830 or.
1370 1778 1398 1829 S.
1411 1774 1500 1830 aura.
1516 1791 1558 1830 or.

420 1862 537 1919 Secreto.
944 1868 972 1918 S.
989 1863 1132 1918 severine.
1149 1880 1190 1917 or.
1364 1866 1391 1917 S.
1408 1861 1560 1919 Columba.
1577 1881 1619 1919 or.

98 1951 143 2007 Ab
157 1952 235 2008 omni
254 1956 335 2008 reatu
349 1969 407 2018 nos,
421 1954 643 2021 Donrirre,sorrrtu
658 1968 720 2024 que
734 1961 890 2010 tractamus
944 1957 972 2008 S.
989 1951 1162 2024 Augustino.
1180 1969 1221 2006 or.
1359 1955 1387 2006 S.
1404 1951 1566 2007 Anastasia.
1582 1969 1624 2006 or.

60 2041 216 2098 absolvant
230 2047 259 2098 et
274 2042 376 2098 eadem
394 2058 445 2099 nos
458 2043 593 2098 muniant
604 2043 719 2099 atotius
736 2044 889 2116 pravitatis
943 2046 972 2097 S.
988 2041 1145 2097 leromine.
1162 2057 1204 2095 or.
1355 2045 1384 2095 S.
1401 2044 1544 2096 Susanna.
1559 2056 1601 2095 er.

60 2137 91 2187 et
107 2130 257 2188 diabolice
271 2130 417 2188 illusionis
431 2131 562 2188 incursu.
581 2132 643 2188 Per.
944 2136 971 2187 S.
988 2129 1111 2186 Servaei.
1128 2146 1170 2186 or.
1355 2132 1384 2184 S.
1396 2129 1534 2202 ungenta.
1552 2146 1594 2186 or.

98 2224 176 2278 Com.
191 2223 282 2276 Amen
298 2220 363 2277 dico
378 2220 470 2290 vobis,
489 2221 642 2294 quidquid.
943 2225 971 2277 S.
989 2219 1134 2276 silvester.
1152 2236 1193 2273 or.
1352 2221 1380 2273 S.
1397 2217 1537 2274 liutemia.
1553 2235 1595 2274 or.

99 2310 140 2367 ‚tt
156 2309 360 2383 Cornplerntnm.
378 2310 585 2382 Conspirantes
606 2315 707 2367 contra
723 2316 778 2367 turn
794 2311 890 2386 ploni·
944 2310 1052 2365 Omnes
1068 2326 1122 2364 sea
1137 2306 1271 2381 Virgines
1284 2311 1312 2362 et
1323 2306 1434 2363 Vidua.
1451 2311 1531 2364 orate
1546 2325 1598 2381 pro
1614 2309 1707 2366 nobis.

62 2400 177 2456 tudinis
194 2400 528 2456 firmamentumdextrae
540 2404 594 2455 tun
606 2401 711 2457 virtute
727 2407 888 2474 prosterne,
944 2400 1052 2456 Omnes
1068 2398 1109 2454 sei
1126 2397 1253 2452 infantes
1268 2402 1295 2452 et
1311 2396 1490 2452 innocentes.
1507 2415 1547 2453 or.

62 2488 229 2560 utjustitiae
246 2505 303 2544 non
319 2489 487 2545 dominetur
501 2489 653 2561 iniquitas,
671 2490 722 2545 scd
746 2490 891 2546 sttbdatur
944 2489 1052 2545 Omnes
1068 2487 1108 2543 sci
1123 2487 1306 2559 paenitentes.
1323 2490 1403 2541 orate
1418 2503 1479 2558 pro.

62 2577 179 2634 falsitas
193 2577 318 2634 veritati.
943 2578 1051 2635 Omnes
1067 2575 1107 2632 sci
1126 2574 1259 2631 modachi
1271 2578 1300 2631 et
1313 2573 1463 2630 heremite.
1480 2591 1522 2630 or.

99 2668 174 2723 Atia.
192 2666 319 2724 Ostende
336 2667 419 2724 nobis
433 2667 555 2724 Domine
566 2668 795 2725 miscricordiam
808 2674 889 2725 tuam
944 2666 1051 2721 Omnes
1067 2663 1108 2721 sei
1124 2667 1204 2720 orate
1220 2680 1272 2736 pro
1289 2663 1384 2719 nobis.

62 2756 99 2811 ad
117 2755 344 2812 examinandum
368 2761 479 2813 rectum
491 2757 652 2828 judicium,
668 2763 701 2813 ut
716 2775 768 2831 per
787 2760 890 2815 adven·
943 2753 1089 2827 Propitius
1105 2758 1175 2809 esto.
1192 2768 1278 2825 parce
1294 2751 1378 2808 nobis
1393 2751 1464 2807 Dne.

61 2850 128 2900 tum
144 2843 270 2917 Spiritus
286 2847 378 2901 sancti
395 2845 492 2902 omnis
519 2846 632 2903 salsitas
648 2845 796 2903 diabolice
819 2848 889 2904 artis
943 2842 1089 2916 Propitius
1104 2845 1175 2897 esto.
1193 2840 1285 2896 libera
1297 2857 1351 2896 nos
1367 2844 1435 2897 Duo.

60 2931 164 3005 procul
180 2937 291 2990 remota
307 2933 421 2990 existat.
439 2934 502 2991 Per.
943 2933 984 2989 Ab
1000 2931 1079 2988 omni
1096 2929 1173 2987 nralo
1187 2929 1280 2986 libera
1296 2946 1348 2985 nos
1362 2929 1395 2985 D.

99 3023 273 3094 conjuratio.
288 3022 392 3095 idjuro
407 3040 458 3079 vos
474 3023 609 3080 homines
625 3041 675 3097 per
685 3025 837 3092 Patrem,et
847 3028 889 3082 Fi·
942 3024 965 3077 Α
981 3021 1082 3077 morbo
1099 3019 1176 3075 malo
1191 3017 1284 3074 libera
1296 3035 1349 3074 nos
1364 3018 1397 3073 D.

60 3111 144 3183 tium,
160 3118 187 3167 et
196 3111 332 3184 Spiritum
345 3120 482 3184 sontum,
497 3120 523 3169 et
545 3117 741 3184 personatam
766 3115 890 3171 Trinita·
943 3113 967 3166 Α
982 3107 1110 3184 periculo
1125 3106 1238 3163 mortis.
1255 3106 1347 3163 libera
1362 3124 1415 3163 nos
1430 3107 1464 3162 D.

62 3205 163 3265 temet
174 3215 224 3271 per
239 3202 435 3257 invocationem
450 3202 589 3270 unipeniti
612 3201 687 3267 Filii,
708 3206 736 3258 et
759 3220 810 3275 per
823 3220 887 3260 ves·
904 3183 925 3250 (l
944 3200 988 3256 Ab
1000 3198 1080 3256 omni
1096 3196 1260 3270 iniquitate.
1277 3195 1370 3253 libera
1382 3213 1435 3253 nos
1450 3197 1482 3252 D.

60 3294 139 3345 tram
154 3289 257 3362 (tuam)
275 3287 526 3359 Christianitotern,
541 3308 624 3363 quarn
634 3291 789 3362 accepistis
802 3297 831 3348 et
841 3310 892 3366 per
946 3290 999 3346 Per
1014 3304 1129 3344 erucem
1145 3291 1173 3343 et
1187 3285 1355 3361 passionem
1371 3290 1461 3342 tuam.
1479 3286 1499 3340 l.

62 3380 200 3433 sanctum
216 3376 417 3449 Evangelium,
434 3383 462 3434 et
486 3394 538 3451 per
561 3379 635 3435 istas
659 3378 798 3452 reliquias
827 3398 890 3454 que
945 3379 1124 3434 Peccatores
1140 3381 1168 3431 te
1181 3392 1318 3449 rogamus
1332 3375 1411 3430 audi.

60 3465 91 3521 iu
117 3464 175 3520 ista
203 3465 324 3522 ecclesia
348 3471 428 3535 suut,
454 3471 565 3523 utnon
595 3468 779 3540 praesumatis
803 3473 890 3539 (mas)
945 3467 982 3524 Ut
998 3483 1099 3540 pacem
1116 3464 1200 3520 nobis
1215 3465 1315 3519 dones.
1331 3466 1369 3517 te.

59 3553 122 3609 ullo
139 3555 225 3611 modo
237 3556 455 3612 communicare
471 3573 566 3630 neque
582 3556 718 3612 accedere
738 3557 774 3612 ad
789 3557 889 3625 altare,
945 3556 981 3612 Ut
994 3555 1150 3611 sanitatem
1168 3553 1252 3609 uobis
1264 3553 1364 3608 dones.
1382 3555 1419 3607 te.

58 3643 84 3699 si
101 3660 153 3699 vos
169 3643 213 3715 (tu
229 3643 284 3700 hoe
299 3643 411 3700 lecistis
427 3645 482 3715 tti‚)
498 3651 549 3701 aut
562 3644 757 3703 consensistis
767 3645 824 3718 (ti),
840 3651 892 3702 aut
945 3644 981 3701 Ut
997 3643 1200 3700 remissionem
1215 3645 1400 3714 peccatorum
1414 3639 1500 3696 nobis
1514 3640 1614 3697 dones.
1629 3645 1657 3698 te
1669 3657 1731 3715 rog.

58 3732 144 3789 scitis
162 3732 265 3804 (scisti)
292 3733 359 3805 quis
389 3733 442 3790 hoc
466 3735 576 3791 lecerit.
608 3737 662 3791 llic
688 3737 827 3808 incipiant
848 3737 892 3792 l'lt
945 3733 981 3790 Ut
995 3733 1070 3788 aeris
1085 3731 1255 3804 temperiem
1272 3730 1379 3786 bonam
1396 3728 1480 3785 nobis
1495 3729 1597 3786 dones.
1614 3733 1651 3787 te.

55 3822 164 3892 panteni
175 3824 335 3893 penitentie.
351 3823 385 3879 Et
399 3840 513 3897 cennens
528 3826 654 3880 letanie.
945 3822 981 3879 Ut
996 3823 1093 3894 lruges
1110 3824 1192 3877 terre
1209 3817 1293 3875 uobis
1309 3817 1411 3888 dones,
1426 3821 1464 3874 te.

57 3909 258 3984 llyrieleyson.
276 3911 360 3984 Xpel.
506 3913 535 3969 S.
552 3913 669 3970 Jacobe.
686 3930 728 3970 or.
944 3911 980 3968 Ut
995 3912 1138 3967 domnum
1164 3906 1356 3981 apostolicum
1380 3907 1408 3962 in
1425 3911 1526 3963 sancta
1546 3907 1683 3983 religione
1698 3926 1766 3966 eon·

56 3998 176 4055 Christe
192 4001 262 4056 audi
279 4016 342 4057 nos.
504 4007 534 4057 S.
551 4002 692 4076 Philippa.
709 4020 750 4058 or.
979 4017 1094 4057 servare
1107 3998 1246 4071 digneris,
1263 4001 1290 4053 te
1305 4012 1367 4069 rog.

57 4085 193 4144 Salvator
208 4089 323 4145 mundi.
340 4089 446 4162 adjuva
501 4091 530 4146 S.
548 4090 758 4148 bartholomee.
775 4109 815 4148 or.
944 4090 980 4147 Ut
996 4106 1093 4163 regem
1110 4094 1243 4144 nostrum
1255 4086 1451 4143 etexeroitum
1461 4086 1694 4145 Christianorum
1706 4106 1769 4163 per·

95 4192 162 4231 nos.
504 4179 533 4234 S.
549 4179 686 4235 Matthee.
703 4197 745 4236 or.
979 4183 1068 4252 petua
1083 4176 1277 4250 prosperitate
1292 4192 1456 4232 conserens.

59 4263 126 4320 Sca.
144 4263 245 4322 Maria.
263 4282 305 4322 or.
506 4267 535 4324 S.
550 4268 663 4324 Thema
678 4286 720 4325 or.
943 4268 980 4324 Ut
995 4269 1038 4324 eis
1065 4268 1165 4334 vitam,
1191 4265 1347 4348 sanitatem
1371 4267 1459 4336 atque
1483 4267 1634 4323 victoriam
1660 4268 1768 4323 donare

57 4353 88 4408 S.
106 4352 241 4410 Michael.
259 4371 301 4411 or.
508 4358 538 4413 S.
555 4356 695 4414 Tlrnthee.
712 4376 754 4414 or.
815 4366 820 4375 “
979 4356 1117 4431 digneris.
1132 4356 1172 4411 'l'e
1188 4371 1299 4429 rogam.

56 4445 87 4497 S.
105 4441 233 4498 Gabriel.
250 4461 293 4500 or.
510 4447 540 4501 S.
557 4447 666 4504 Simon.
684 4463 726 4503 or.
942 4447 996 4502 Pro
1012 4446 1103 4517 buJus
1119 4444 1227 4517 negotii
1243 4444 1395 4515 qualitate.
1411 4446 1451 4503 'le
1463 4461 1523 4516 rog.
1540 4442 1620 4498 audi.

56 4529 87 4586 S.
106 4529 249 4603 Raphael.
265 4548 307 4588 or.
507 4534 537 4590 S.
555 4534 686 4590 Matthia.
703 4553 745 4591 or.
904 4557 927 4623 D
942 4536 979 4592 Ut
989 4535 1108 4608 justicie
1124 4550 1181 4590 non
1200 4532 1368 4589 dominetur
1389 4532 1541 4605 iniquitas,
1558 4532 1608 4588 sed
1624 4530 1769 4587 subdatur

55 4619 168 4675 Omnes
180 4618 222 4676 soi
238 4620 334 4694 angeli
351 4627 379 4678 et
395 4639 438 4678 ar·
510 4623 539 4678 S.
557 4623 700 4679 Bernaba.
717 4641 759 4680 or.
981 4623 1093 4680 salsitas
1108 4621 1232 4679 veritati.
1251 4621 1290 4676 'l'e
1306 4637 1366 4695 rog.

92 4706 241 4780 changeli.
256 4715 336 4766 orate
352 4729 413 4784 pro.
507 4712 537 4768 S.
553 4711 657 4767 blarce.
672 4729 714 4767 or.
945 4713 981 4770 Ut
994 4714 1109 4783 justum
1122 4709 1268 4782 judicium
1283 4709 1445 4766 discernere
1459 4708 1599 4783 digneris.
1616 4711 1655 4768 Te
1671 4727 1731 4784 rog.

55 4797 84 4852 S.
103 4796 245 4854 ioannes.
264 4817 306 4854 or.
507 4803 537 4856 S.
557 4801 644 4856 Luca.
660 4818 702 4856 or.
945 4803 999 4859 Fili
1011 4802 1071 4866 Dei,
1088 4810 1113 4856 te
1126 4814 1253 4871 ropnnrus
1268 4798 1344 4854 andi.

55 4887 86 4941 S.
105 4885 200 4941 Petre.
218 4904 261 4941 or.
516 4890 625 4945 Omnes
640 4888 680 4944 sei
696 4889 770 4962 hpli.
788 4907 829 4945 or.
946 4894 1046 4964 Agnus
1060 4890 1109 4945 Det
1123 4888 1173 4961 qui
1186 4887 1263 4944 tollis
1279 4892 1396 4960 peccata
1407 4889 1768 4958 mundi,mieererenobis.

56 4974 87 5030 S.
107 4973 208 5030 Paule.
225 4992 267 5032 or.
514 4979 542 5033 S.
561 4977 717 5051 Stephane.
732 4995 773 5033 or.
946 4982 1046 5053 Agnus
1060 4978 1112 5034 Dei
1128 4977 1178 5049 qui
1194 4975 1273 5050 toplis
1289 4982 1407 5050 peecata
1422 4977 1524 5035 mundi
1540 4994 1636 5051 parce.

57 5062 90 5118 S.
108 5063 235 5120 Andrea.
253 5081 296 5121 or.
513 5068 542 5122 S.
561 5067 708 5123 Laurenti.
724 5085 766 5124 or.
947 5067 1060 5124 Christe
1076 5067 1144 5123 audi
1160 5083 1222 5122 nos.

98 5242 176 5313 (250)
193 5243 287 5298 Codex
300 5244 348 5301 bie
365 5246 401 5301 ab
412 5245 494 5301 initio
510 5245 784 5328 amnemamnem
797 5248 893 5304 modio
952 5248 1115 5330 iaciendum
1128 5245 1278 5329 judicium
1292 5245 1472 5329 probationis
1487 5245 1515 5300 in
1532 5243 1638 5329 frigida
1650 5260 1726 5316 aqua
1737 5259 1772 5299 ex

60 5315 443 5443 tottttttttlttt
456 5316 894 5445 'tettattttttttttte
951 5315 1774 5460 stitithl{tttltttltttttttttette

61 5399 172 5509 litteris
187 5456 365 5514 minusculis
380 5429 642 5541 restituimusque
651 5460 680 5514 in
688 5464 787 5541 nostro
796 5461 895 5517 codiee
951 5465 1018 5528 Qun
1034 5432 1112 5517 elsim
1128 5406 1373 5515 hichabeniurah
1390 5427 1773 5542 initio‚ultimasul1tllvan:

63 5529 210 5582 vetustata
224 5530 267 5583 vel
291 5545 386 5599 exesa,
410 5531 454 5586 vel
477 5536 563 5587 atrita
579 5536 658 5586 sunt.
676 5531 770 5588 Facile
794 5536 894 5588 autem
950 5533 1018 5606 getii
1034 5532 1141 5589 ibidem
1158 5547 1309 5605 perperam
1324 5547 1358 5586 ex
1372 5529 1483 5587 loaune
1498 5534 1659 5599 ertnt1,cum
1670 5528 1775 5590 habea·

63 5593 158 5674 liquet
171 5602 263 5660 totam
281 5601 404 5661 missam
419 5600 467 5658 hic
488 5601 579 5661 tuisse
594 5602 730 5680 positam,
752 5619 840 5679 quam
857 5603 893 5664 ad
951 5610 1000 5664 tur
1014 5603 1103 5665 Marci
1117 5619 1156 5662 ru.
1171 5602 1217 5661 Sia
1231 5618 1298 5661 vera
1314 5601 1428 5661 orditur
1441 5601 1540 5663 codex.
